{"host":"sc0o2qwpf9j16a4i","time":1610646365,"event":{"mods":["AchievementEnabler","BaseMod","BetterRewards","Block Reminder","Colored Map","Colored Powertips","Custom Start","Highlight Path","Minty Spire (QoL Compilation)","Relic Stats"],"gold_per_floor":[109,124,124,195,32,32,63,63,88,107,125,125,125,160,160,231,231,243,293,24,35,45,45,73,73,154,154,169,169,197,209,209,286,286,296,81,100,125,143,169,169,189,189,189,220,236,236,251,251,251,251,251,251,24,49,49],"floor_reached":57,"language":"ENG","playtime":2381,"items_purged":["Strike_B","Strike_B"],"score":3580,"play_id":"4a24cca5-5978-464d-aab4-b37f6991ec31","local_time":"20210114194605","is_ascension_mode":true,"campfire_choices":[{"data":"Core Surge","floor":6.0,"key":"SMITH"},{"data":"Zap","floor":8.0,"key":"SMITH"},{"data":"Coolheaded","floor":12.0,"key":"SMITH"},{"data":"Undo","floor":15.0,"key":"SMITH"},{"floor":23,"key":"RECALL"},{"floor":27,"key":"REST"},{"floor":29,"key":"REST"},{"floor":32,"key":"REST"},{"floor":41,"key":"DIG"},{"floor":44,"key":"DIG"},{"floor":49,"key":"DIG"},{"floor":53,"key":"DIG"}],"circlet_count":0,"master_deck":["AscendersBane","Strike_B+1","Strike_B+1","Defend_B","Defend_B","Defend_B","Defend_B","Zap+1","Dualcast","Undo+1","Defragment+1","Defragment+1","Core Surge+1","Conserve Battery","Genetic Algorithm+1","Coolheaded+1","Defragment+1","Static Discharge+1","Biased Cognition+1","Stack","Reinforced Body","Capacitor+1","Go for the Eyes","Sweeping Beam","Leap+1","Defragment+1","Coolheaded","Barrage","Creative AI+1","Coolheaded","Loop+1","Hologram","Seek","Hologram","Cold Snap","Barrage","Recycle+1","Hologram+1","Discovery+1","Dark Shackles+1","Enlightenment+1","Consume+1","Storm+1","Turbo+1"],"relics":["Cracked Core","Lee\u0027s Waffle","HornCleat","Strawberry","Frozen Egg 2","Eternal Feather","ClockworkSouvenir","DollysMirror","Calipers","Cables","Gremlin Horn","Anchor","Frozen Eye","Runic Capacitor","Whetstone","Happy Flower","DataDisk","Fusion Hammer","Red Mask","Shuriken","Akabeko","Philosopher\u0027s Stone","Orrery","Shovel","MealTicket","Mercury Hourglass","Toxic Egg 2","Pantograph","Singing Bowl","Kunai","Bottled Lightning","Bag of Marbles"],"acts_visited":["Exordium","TheCity","TheBeyond","TheEnding"],"potions_floor_usage":[24,50],"damage_taken":[{"damage":0.0,"enemies":"2 Louse","floor":1.0,"turns":2.0},{"damage":0.0,"enemies":"Jaw Worm","floor":2.0,"turns":2.0},{"damage":19.0,"enemies":"Gremlin Nob","floor":7.0,"turns":4.0},{"damage":0.0,"enemies":"Small Slimes","floor":10.0,"turns":2.0},{"damage":0.0,"enemies":"Exordium Thugs","floor":11.0,"turns":2.0},{"damage":0.0,"enemies":"3 Sentries","floor":14.0,"turns":4.0},{"damage":2.0,"enemies":"The Guardian","floor":16.0,"turns":7.0},{"damage":4.0,"enemies":"Chosen","floor":18.0,"turns":5.0},{"damage":0,"enemies":"Shell Parasite","floor":21,"turns":5},{"damage":0,"enemies":"Snecko","floor":22,"turns":4},{"damage":0,"enemies":"Masked Bandits","floor":24,"turns":4},{"damage":11,"enemies":"3 Cultists","floor":28,"turns":4},{"damage":0,"enemies":"Gremlin Leader","floor":30,"turns":6},{"damage":6,"enemies":"Centurion and Healer","floor":31,"turns":5},{"damage":0,"enemies":"Collector","floor":33,"turns":7},{"damage":0,"enemies":"3 Shapes","floor":35,"turns":4},{"damage":0,"enemies":"Orb Walker","floor":37,"turns":4},{"damage":3,"enemies":"Mind Bloom Boss Battle","floor":38,"turns":5},{"damage":3,"enemies":"Writhing Mass","floor":39,"turns":5},{"damage":0,"enemies":"Giant Head","floor":40,"turns":8},{"damage":14,"enemies":"Maw","floor":42,"turns":5},{"damage":8,"enemies":"Nemesis","floor":45,"turns":6},{"damage":0,"enemies":"Transient","floor":46,"turns":6},{"damage":20,"enemies":"3 Darklings","floor":48,"turns":4},{"damage":7,"enemies":"Awakened One","floor":50,"turns":14},{"damage":19,"enemies":"Donu and Deca","floor":51,"turns":7},{"damage":2,"enemies":"Shield and Spear","floor":55,"turns":5},{"damage":25,"enemies":"The Heart","floor":56,"turns":7}],"seed_played":"-6179953964865324980","potions_obtained":[{"floor":1.0,"key":"DistilledChaos"},{"floor":10.0,"key":"DuplicationPotion"},{"floor":11.0,"key":"FearPotion"},{"floor":28,"key":"BlessingOfTheForge"},{"floor":39,"key":"PotionOfCapacity"}],"is_trial":false,"path_per_floor":["M","M","?","T","$","R","E","R","T","M","M","R","?","E","R","B",null,"M","?","$","M","M","R","?","$","T","R","M","R","E","M","R","B",null,"M","$","M","?","M","E","R","M","T","R","E","M","?","M","R","B","B",null,"R","$","E","B",null],"character_chosen":"DEFECT","items_purchased":["Lee\u0027s Waffle","HornCleat","Strawberry","Frozen Egg 2","Eternal Feather","ClockworkSouvenir","Undo","Defragment+1","DollysMirror","Calipers","Cables","Core Surge","Gremlin Horn","Anchor","Frozen Eye","Runic Capacitor","Reinforced Body","Capacitor+1","Go for the Eyes","Loop+1","Orrery","Storm+1","Turbo+1"],"campfire_rested":3,"item_purchase_floors":[0,0,0,0,0,0,0,0,0,0,0,0,0,0,0,5,20,20,20,36,36,54,54],"current_hp_per_floor":[85,85,85,85,85,85,66,75,75,75,75,84,84,84,85,83,85,81,73,73,73,73,85,85,85,85,85,74,85,85,79,85,85,85,85,85,85,82,79,79,85,71,71,85,77,79,69,49,73,80,68,82,87,87,87,64],"gold":49,"neow_bonus":"","is_daily":false,"chose_seed":false,"campfire_upgraded":4,"win_rate":0.0,"timestamp":1610646365,"path_taken":["M","M","?","?","$","R","E","R","T","M","M","R","?","E","R","BOSS","M","?","?","M","?","R","?","?","T","R","M","R","E","M","R","BOSS","M","$","M","?","M","E","R","M","T","R","E","M","?","M","R","BOSS","BOSS","R","$","E","BOSS"],"items_purchased_type":["Relic","Relic","Relic","Relic","Relic","Relic","Card","Card","Relic","Relic","Relic","Card","Relic","Relic","Relic","Relic","Card","Card","Card","Card","Relic","Card","Card"],"build_version":"2020-12-22","purchased_purges":2,"victory":true,"max_hp_per_floor":[85,85,85,85,85,85,85,85,85,85,85,85,85,85,85,85,85,85,85,85,85,85,85,85,85,85,85,85,85,85,85,85,85,85,85,85,85,85,85,85,85,85,85,85,85,87,87,87,87,87,87,87,87,87,89,89],"relic_stats":{"Lee\u0027s Waffle":112,"Gremlin Horn":[25,25],"Happy Flower":[66],"Singing Bowl":4,"counters":[124,670],"Eternal Feather":184,"Whetstone":["Strike_B","Strike_B"],"Cables":[129,114,15,0,0],"Mercury Hourglass":[684],"Shovel":4,"Shuriken":[19],"Pantograph":47,"MealTicket":0,"Kunai":[2],"obtain_stats":[{"Calipers":48,"Gremlin Horn":0,"Vajra":55,"Runic Capacitor":5,"Whetstone":9,"Ginger":0,"Boot":44,"Blood Vial":30,"Centennial Puzzle":55,"HornCleat":26,"Sundial":26,"DollysMirror":0,"Strawberry":48,"MealTicket":45,"Philosopher\u0027s Stone":34,"Fusion Hammer":17,"Kunai":49,"Toxic Egg 2":0,"Girya":30,"Happy Flower":41,"Blue Candle":24,"Dead Branch":0,"Oddly Smooth Stone":11,"Eternal Feather":0,"Pen Nib":46,"War Paint":8,"Akabeko":30,"Cables":0,"Runic Dome":17,"OrangePellets":48,"Shuriken":4,"Molten Egg 2":27,"StrikeDummy":23,"Symbiotic Virus":43,"Unceasing Top":0,"Pocketwatch":0,"Meat on the Bone":9,"Darkstone Periapt":10,"Regal Pillow":19,"Lantern":12,"Torii":48,"Singing Bowl":45,"SacredBark":34,"Bag of Preparation":0,"Incense Burner":9,"Juzu Bracelet":27,"Cursed Key":34,"Ancient Tea Set":28,"ClockworkSouvenir":31,"Frozen Eye":45,"Nunchaku":27,"Dream Catcher":40,"Matryoshka":9,"Shovel":38,"Gambling Chip":37,"Pantograph":54,"Tiny Chest":0,"Red Mask":21,"Chemical X":0,"Cracked Core":0,"InkBottle":43,"Runic Pyramid":17,"Potion Belt":19,"Lee\u0027s Waffle":0,"Inserter":17,"PreservedInsect":6,"Omamori":19,"Orichalcum":4,"Frozen Egg 2":0,"Medical Kit":0,"Mercury Hourglass":26,"Peace Pipe":41,"Anchor":7,"DataDisk":29,"CaptainsWheel":0,"Busted Crown":17,"Orrery":19,"Bag of Marbles":45,"Bottled Lightning":13,"Membership Card":0,"Toy Ornithopter":0},{"Calipers":42,"Gremlin Horn":96,"Vajra":72,"Runic Capacitor":98,"Whetstone":51,"Ginger":73,"Boot":40,"Blood Vial":16,"Centennial Puzzle":45,"HornCleat":28,"Sundial":28,"DollysMirror":96,"Strawberry":42,"MealTicket":90,"Philosopher\u0027s Stone":111,"Fusion Hammer":103,"Kunai":120,"Toxic Egg 2":46,"Girya":86,"Happy Flower":90,"Blue Candle":28,"Dead Branch":46,"Oddly Smooth Stone":52,"Eternal Feather":46,"Pen Nib":41,"War Paint":76,"Akabeko":109,"Cables":96,"Runic Dome":9,"OrangePellets":42,"Shuriken":74,"Molten Egg 2":29,"StrikeDummy":58,"Symbiotic Virus":66,"Unceasing Top":73,"Pocketwatch":46,"Meat on the Bone":51,"Darkstone Periapt":52,"Regal Pillow":56,"Lantern":78,"Torii":69,"Singing Bowl":118,"SacredBark":87,"Bag of Preparation":46,"Incense Burner":76,"Juzu Bracelet":86,"Cursed Key":33,"Ancient Tea Set":86,"ClockworkSouvenir":86,"Frozen Eye":90,"Nunchaku":14,"Dream Catcher":38,"Matryoshka":21,"Shovel":114,"Gambling Chip":35,"Pantograph":44,"Tiny Chest":46,"Red Mask":12,"Chemical X":46,"Cracked Core":0,"InkBottle":39,"Runic Pyramid":24,"Potion Belt":56,"Lee\u0027s Waffle":73,"Inserter":55,"PreservedInsect":4,"Omamori":25,"Orichalcum":2,"Frozen Egg 2":17,"Medical Kit":46,"Mercury Hourglass":13,"Peace Pipe":90,"Anchor":21,"DataDisk":30,"CaptainsWheel":46,"Busted Crown":81,"Orrery":10,"Bag of Marbles":67,"Bottled Lightning":7,"Membership Card":17,"Toy Ornithopter":73},{"Calipers":202,"Gremlin Horn":529,"Vajra":385,"Runic Capacitor":533,"Whetstone":252,"Ginger":395,"Boot":192,"Blood Vial":72,"Centennial Puzzle":219,"HornCleat":135,"Sundial":135,"DollysMirror":529,"Strawberry":202,"MealTicket":466,"Philosopher\u0027s Stone":592,"Fusion Hammer":552,"Kunai":637,"Toxic Egg 2":227,"Girya":447,"Happy Flower":466,"Blue Candle":135,"Dead Branch":227,"Oddly Smooth Stone":258,"Eternal Feather":227,"Pen Nib":196,"War Paint":407,"Akabeko":580,"Cables":529,"Runic Dome":45,"OrangePellets":202,"Shuriken":397,"Molten Egg 2":137,"StrikeDummy":291,"Symbiotic Virus":334,"Unceasing Top":395,"Pocketwatch":227,"Meat on the Bone":252,"Darkstone Periapt":258,"Regal Pillow":279,"Lantern":413,"Torii":347,"Singing Bowl":627,"SacredBark":454,"Bag of Preparation":227,"Incense Burner":407,"Juzu Bracelet":447,"Cursed Key":160,"Ancient Tea Set":447,"ClockworkSouvenir":447,"Frozen Eye":466,"Nunchaku":63,"Dream Catcher":179,"Matryoshka":101,"Shovel":604,"Gambling Chip":167,"Pantograph":214,"Tiny Chest":227,"Red Mask":56,"Chemical X":227,"Cracked Core":0,"InkBottle":185,"Runic Pyramid":119,"Potion Belt":279,"Lee\u0027s Waffle":395,"Inserter":274,"PreservedInsect":16,"Omamori":122,"Orichalcum":8,"Frozen Egg 2":86,"Medical Kit":227,"Mercury Hourglass":61,"Peace Pipe":466,"Anchor":101,"DataDisk":143,"CaptainsWheel":227,"Busted Crown":425,"Orrery":49,"Bag of Marbles":339,"Bottled Lightning":25,"Membership Card":86,"Toy Ornithopter":395}]},"card_choices":[{"not_picked":["Turbo","Steam Power"],"picked":"Conserve Battery","floor":1.0},{"not_picked":["Scrape","Turbo"],"picked":"Genetic Algorithm","floor":2.0},{"not_picked":["Gash","Redo"],"picked":"Coolheaded","floor":7.0},{"not_picked":["Capacitor+1","Aggregate"],"picked":"Defragment+1","floor":10.0},{"not_picked":["Capacitor+1","Coolheaded","Redo"],"picked":"SKIP","floor":11.0},{"not_picked":["Hyperbeam","Hello World+1"],"picked":"Static Discharge+1","floor":14.0},{"not_picked":["Meteor Strike","Machine Learning+1"],"picked":"Biased Cognition+1","floor":16.0},{"not_picked":["Rip and Tear","Blizzard"],"picked":"Stack","floor":18.0},{"not_picked":["Capacitor+1","Rebound"],"picked":"Sweeping Beam","floor":21},{"not_picked":["Sweeping Beam","Steam"],"picked":"Leap+1","floor":22},{"not_picked":["Chaos","Streamline+1"],"picked":"Defragment+1","floor":24},{"not_picked":["Streamline","Machine Learning+1"],"picked":"Coolheaded","floor":28},{"not_picked":["Sweeping Beam","Rebound"],"picked":"Barrage","floor":30},{"not_picked":["Redo","Stack","Tempest+1"],"picked":"SKIP","floor":31},{"not_picked":["Reboot","Buffer+1"],"picked":"Creative AI+1","floor":33},{"not_picked":["Steam","Leap"],"picked":"Coolheaded","floor":35},{"not_picked":["Rip and Tear+1","Go for the Eyes"],"picked":"Hologram","floor":36},{"not_picked":["Defragment+1","Go for the Eyes"],"picked":"Seek","floor":36},{"not_picked":["Turbo","Stack"],"picked":"Hologram","floor":36},{"not_picked":["Beam Cell","Gash"],"picked":"Cold Snap","floor":37},{"not_picked":["Sweeping Beam","Beam Cell"],"picked":"Barrage","floor":38},{"not_picked":["Barrage+1","Sweeping Beam+1"],"picked":"Recycle+1","floor":39},{"not_picked":["Fusion","Beam Cell","Sweeping Beam+1"],"picked":"SKIP","floor":40},{"not_picked":["Self Repair+1","Tempest","Doom and Gloom"],"picked":"SKIP","floor":42},{"not_picked":["Machine Learning+1","Compile Driver+1"],"picked":"Hologram+1","floor":45},{"not_picked":["Gash","Rebound","Hello World+1"],"picked":"Singing Bowl","floor":46},{"not_picked":["Jack Of All Trades+1","HandOfGreed"],"picked":"Discovery+1","floor":47},{"not_picked":["Trip+1","Discovery+1"],"picked":"Dark Shackles+1","floor":47},{"not_picked":["Magnetism+1","Thinking Ahead+1"],"picked":"Enlightenment+1","floor":47},{"not_picked":["Conserve Battery+1","Rebound"],"picked":"Consume+1","floor":48},{"not_picked":["Melter+1","Blizzard","Streamline"],"picked":"Singing Bowl","floor":55}],"player_experience":627158,"relics_obtained":[{"floor":7.0,"key":"Whetstone"},{"floor":9.0,"key":"Happy Flower"},{"floor":14.0,"key":"DataDisk"},{"floor":24,"key":"Red Mask"},{"floor":26,"key":"Shuriken"},{"floor":30,"key":"Akabeko"},{"floor":38,"key":"Shovel"},{"floor":40,"key":"MealTicket"},{"floor":41,"key":"Mercury Hourglass"},{"floor":43,"key":"Toxic Egg 2"},{"floor":44,"key":"Pantograph"},{"floor":45,"key":"Singing Bowl"},{"floor":49,"key":"Kunai"},{"floor":53,"key":"Bottled Lightning"},{"floor":55,"key":"Bag of Marbles"}],"event_choices":[{"damage_healed":0.0,"max_hp_gain":0.0,"max_hp_loss":0.0,"gold_gain":0.0,"event_name":"The Cleric","player_choice":"Leave","floor":3.0,"gold_loss":0.0,"damage_taken":0.0},{"damage_healed":0.0,"max_hp_gain":0.0,"max_hp_loss":0.0,"gold_gain":0.0,"event_name":"Living Wall","player_choice":"Grow","floor":13.0,"gold_loss":0.0,"damage_taken":0.0,"cards_upgraded":["Genetic Algorithm"]},{"damage_healed":0,"gold_gain":50,"player_choice":"Touch","damage_taken":8,"max_hp_gain":0,"max_hp_loss":0,"event_name":"FaceTrader","floor":19,"gold_loss":0},{"damage_healed":0,"gold_gain":0,"player_choice":"Fought Bandits","damage_taken":0,"max_hp_gain":0,"max_hp_loss":0,"event_name":"Masked Bandits","floor":24,"gold_loss":0},{"damage_healed":0,"gold_gain":0,"player_choice":"Fight","damage_taken":0,"max_hp_gain":0,"max_hp_loss":0,"event_name":"MindBloom","floor":38,"gold_loss":0},{"damage_healed":0,"gold_gain":0,"player_choice":"Memory 3","damage_taken":10,"max_hp_gain":0,"max_hp_loss":0,"event_name":"SensoryStone","floor":47,"gold_loss":0}],"is_beta":false,"boss_relics":[{"not_picked":["Nuclear Battery","Tiny House"],"picked":"Fusion Hammer"},{"not_picked":["SlaversCollar","Pandora\u0027s Box"],"picked":"Philosopher\u0027s Stone"}],"items_purged_floors":[20,54],"is_endless":false,"potions_floor_spawned":[1,10,11,21,28,30,38,39,40],"ascension_level":20}}