{"host":"h5acbxt0wmjo1kpm","time":1610626746,"event":{"mods":["2.2 Compatiblity","Act Like it!","AlwaysNeverKeys","Aspiration","Bard","Bartender","BaseMod","Better Third Choice","Colored Map","Elementarium","Gensokyo","GifTheSpireLib","Hallownest","Marisa????????","Menagerie","Minty Spire (QoL Compilation)","Permanent Neow","Potionbrewer","Relic Filter","Replay The Spire","Robot Space Explorer","RumiaBox-????????","Shade Mod","Spicy Shops","StSLib","Strawberry Spire","The Blackbeard","The Dragon Tamer","The Gatherer","The Hayseed","The Problem Sleuth","The Servant 0.9.4","Wandering Minibosses","vexMod"],"gold_per_floor":[112,44,44,56,70,70,98,98,98,114,114,114,134,134,144,174,174,247,247,262,276,326,15,15,46,72,119,119,119,161,161,190,220,220,312,312,347,347,347,347,374,374,374,374],"floor_reached":42,"language":"ENG","playtime":2730,"items_purged":[],"score":844,"play_id":"ca0d1cf6-8e8b-4488-bab4-9f471a30599c","local_time":"20210114041906","is_ascension_mode":true,"campfire_choices":[{"data":"blackbeard:BeatUp","floor":6.0,"key":"SMITH"},{"data":"Hello World","floor":8.0,"key":"SMITH"},{"data":"blackbeard:BeatUp","floor":14.0,"key":"SMITH"},{"data":"ReplayTheSpireMod:GoodbyeWorld","floor":17.0,"key":"SMITH"},{"floor":29.0,"key":"REST"},{"data":"ReplayTheSpireMod:Fabricate Wheel","floor":31.0,"key":"SMITH"},{"floor":34.0,"key":"REST"}],"circlet_count":0,"master_deck":["AscendersBane","blackbeard:BlackbeardStrike","blackbeard:BlackbeardStrike","blackbeard:IntimidatingStrike","blackbeard:BlackbeardDefend","blackbeard:BlackbeardDefend","blackbeard:BlackbeardDefend","blackbeard:Cutlass","Genetic Algorithm","blackbeard:BeatUp+1","blackbeard:BeatUp+1","Backstab","Grand Finale","strawberrySpire:Pant","strawberrySpire:DataDump","Electrodynamics","Hello World+1","ReplayTheSpireMod:GoodbyeWorld+1","Rebound","Echo Form","Compile Driver","blackbeard:CloakAndCannonball","strawberrySpire:AnotherWinter","strawberrySpire:AnotherWinter","blackbeard:PirateStrength","blackbeard:TacticalRetreat","blackbeard:CaptainsHat","Machine Learning","blackbeard:ReapersScythe","blackbeard:Rum+1"],"relics":["aspiration:DefectSkillbook","The Courier","Garlic","Gambling Chip","blackbeard:Karategi","Membership Card","Molten Egg 2","blackbeard:TreasureChest","Gremlin Horn","Du-Vu Doll","Prayer Wheel","potionbrewer:BhaskarasWheel","theSleuth:Tectrixcalibur"],"acts_visited":["Menagerie:Menagerie","TheCity","TheBeyond"],"potions_floor_usage":[41],"damage_taken":[{"damage":5.0,"enemies":"Menagerie:2_RABBITS","floor":1.0,"turns":4.0},{"damage":4.0,"enemies":"Menagerie:WhisperingWraith","floor":4.0,"turns":3.0},{"damage":2.0,"enemies":"Menagerie:MonstrousExperiment","floor":5.0,"turns":3.0},{"damage":11.0,"enemies":"Menagerie:Hydra","floor":7.0,"turns":4.0},{"damage":0.0,"enemies":"Menagerie:KEEPER_AND_YOUNG_SUNEATER","floor":10.0,"turns":3.0},{"damage":8.0,"enemies":"Menagerie:BEAST_MAGE_AND_PROWLING_AMALGAM","floor":13.0,"turns":5.0},{"damage":0.0,"enemies":"Menagerie:EntropyWarlock","floor":15.0,"turns":3.0},{"damage":1.0,"enemies":"Menagerie:VoidReaper","floor":16.0,"turns":5.0},{"damage":8.0,"enemies":"Menagerie:AVATARS","floor":18.0,"turns":4.0},{"damage":8.0,"enemies":"Chosen","floor":20.0,"turns":6.0},{"damage":12.0,"enemies":"Spheric Guardian","floor":21.0,"turns":4.0},{"damage":9.0,"enemies":"Gremlin Leader","floor":25.0,"turns":5.0},{"damage":11.0,"enemies":"Snake Plant","floor":26.0,"turns":5.0},{"damage":4.0,"enemies":"strawberrySpire:AncientClocktower","floor":27.0,"turns":6.0},{"damage":16.0,"enemies":"Book of Stabbing","floor":30.0,"turns":6.0},{"damage":2.0,"enemies":"Chosen and Byrds","floor":32.0,"turns":6.0},{"damage":7.0,"enemies":"Centurion and Healer","floor":33.0,"turns":7.0},{"damage":16.0,"enemies":"Champ","floor":35.0,"turns":7.0},{"damage":1.0,"enemies":"3 Shapes","floor":37.0,"turns":8.0},{"damage":11,"enemies":"Orb Walker","floor":41,"turns":5},{"damage":51,"enemies":"Reptomancer","floor":42,"turns":2}],"seed_played":"4443667893241808795","potions_obtained":[{"floor":1.0,"key":"potionbrewer:AcidPotion"},{"floor":7.0,"key":"Elixir"},{"floor":10.0,"key":"BlessingOfTheForge"},{"floor":18.0,"key":"potionbrewer:DiscountPotion"},{"floor":27.0,"key":"LiquidBronze"},{"floor":32.0,"key":"BlessingOfTheForge"},{"floor":33.0,"key":"AttackPotion"},{"floor":37.0,"key":"Block Potion"}],"is_trial":false,"path_per_floor":["M","$","?","M","M","R","E","R","T","M","PTL","PTL","M","R","M","E","R","B",null,"M","M","?","$","?","E","M","E","T","R","E","R","M","M","R","B",null,"M","?","?","?","M","E"],"character_chosen":"BLACKBEARD_CLASS","items_purchased":["blackbeard:BeatUp","Membership Card","Molten Egg 2","strawberrySpire:AnotherWinter"],"campfire_rested":2,"item_purchase_floors":[2,23,23,23],"current_hp_per_floor":[59,59,59,55,53,53,42,42,42,42,42,42,34,34,34,33,33,25,60,52,40,40,40,40,31,20,16,16,37,21,21,19,12,33,17,58,57,57,57,57,46,0,0,0],"gold":374,"neow_bonus":"BOSS_RELIC","is_daily":false,"chose_seed":false,"campfire_upgraded":5,"win_rate":0.0,"timestamp":1610626746,"path_taken":["M","$","?","?","?","R","E","R","T","M","PTL","PTL","M","R","M","E","R","BOSS","M","M","?","$","?","E","M","E","T","R","E","R","M","M","R","BOSS","M","?","?","?","M","E"],"items_purchased_type":["Card","Relic","Relic","Card"],"build_version":"2020-12-22","purchased_purges":0,"victory":false,"max_hp_per_floor":[71,71,71,71,71,71,71,71,71,71,71,71,71,71,71,71,71,71,71,71,71,71,71,71,71,71,71,71,71,71,71,71,71,71,71,71,71,71,71,71,71,71,71,71],"card_choices":[{"not_picked":["Stack","strawberrySpire:ReturnNull","blackbeard:SwordDance"],"picked":"Genetic Algorithm","floor":1.0},{"not_picked":["blackbeard:Bandana","ReplayTheSpireMod:Repulse","blackbeard:Scrap"],"picked":"strawberrySpire:DataDump","floor":4.0},{"not_picked":["Hello World","blackbeard:CannonballSupply","blackbeard:DeadlyArsenal"],"picked":"Electrodynamics","floor":5.0},{"not_picked":["Cold Snap","strawberrySpire:BreederCore","blackbeard:GhostInTheRum"],"picked":"Hello World","floor":7.0},{"not_picked":["BasicCrystalCard","Redo","ReplayTheSpireMod:System Scan","Rebound"],"picked":"SKIP","floor":10.0},{"not_picked":["blackbeard:Sharpening","Gash","blackbeard:Eyepatch"],"picked":"blackbeard:TheDrunkenSailor","floor":13.0},{"not_picked":["Rebound","blackbeard:Eyepatch","blackbeard:Fencing"],"picked":"ReplayTheSpireMod:GoodbyeWorld","floor":15.0},{"not_picked":["blackbeard:FieryDefense","Go for the Eyes","ReplaySolidLightProjector"],"picked":"Rebound","floor":16.0},{"not_picked":["Rainbow","strawberrySpire:Gammacceleration","strawberrySpire:AnotherWinter"],"picked":"Echo Form","floor":18.0},{"not_picked":["Go for the Eyes","ReplayTheSpireMod:Repulse","Cold Snap"],"picked":"Compile Driver","floor":20.0},{"not_picked":["Redo","blackbeard:BlindAttacks","Go for the Eyes"],"picked":"blackbeard:CloakAndCannonball","floor":21.0},{"not_picked":["Ball Lightning+1","blackbeard:GoldenStrike+1","blackbeard:Shrapnel+1"],"picked":"blackbeard:PirateStrength","floor":25.0},{"not_picked":["Double Energy","BasicCrystalCard","strawberrySpire:BlasterWyrm"],"picked":"blackbeard:TacticalRetreat","floor":26.0},{"not_picked":["blackbeard:DoubleBottom","blackbeard:PiratesWill","blackbeard:Dagger"],"picked":"ReplayTheSpireMod:Fabricate Wheel","floor":27.0},{"not_picked":["Meteor Strike+1","Steam","blackbeard:ChaoticDefense"],"picked":"blackbeard:CaptainsHat","floor":30.0},{"not_picked":["Compile Driver+1","blackbeard:TacticalRetreat","blackbeard:DeadlyArsenal","blackbeard:DoubleCannonball+1"],"picked":"SKIP","floor":32.0},{"not_picked":["blackbeard:FieryDefense","strawberrySpire:HateBit+1","Time Bomb","blackbeard:BeatUp+1"],"picked":"SKIP","floor":33.0},{"not_picked":["Go for the Eyes+1","strawberrySpire:SearchEngine+1","Conserve Battery","blackbeard:GoldenStrike+1"],"picked":"SKIP","floor":33.0},{"not_picked":["Seek","blackbeard:Lifeboat","blackbeard:Murder+1"],"picked":"blackbeard:ReapersScythe","floor":35.0},{"not_picked":["blackbeard:SwordDance+1","blackbeard:CloakAndCannonball","blackbeard:GhostInTheRum"],"picked":"blackbeard:Rum+1","floor":37.0},{"not_picked":["Doom and Gloom+1","Beam Cell+1","Turbo","Stack"],"picked":"SKIP","floor":37.0},{"not_picked":["blackbeard:PiratesWill+1","strawberrySpire:HateBit+1","Capacitor","ReplaySort"],"picked":"SKIP","floor":41},{"not_picked":["ReplayTheSpireMod:System Scan+1","ReplaySort","blackbeard:PowderKeg","blackbeard:DeadlyArsenal+1"],"picked":"SKIP","floor":41}],"player_experience":2202288,"relics_obtained":[{"floor":7.0,"key":"The Courier"},{"floor":9.0,"key":"Garlic"},{"floor":16.0,"key":"Gambling Chip"},{"floor":25.0,"key":"blackbeard:TreasureChest"},{"floor":27.0,"key":"Gremlin Horn"},{"floor":30.0,"key":"Du-Vu Doll"}],"event_choices":[{"damage_healed":0.0,"max_hp_gain":0.0,"max_hp_loss":0.0,"gold_gain":50.0,"event_name":"betterThird:BetterNest","player_choice":"Steal","floor":22.0,"gold_loss":0.0,"damage_taken":0.0},{"damage_healed":0,"gold_gain":0,"player_choice":"Ignored","damage_taken":0,"max_hp_gain":0,"max_hp_loss":0,"event_name":"Mysterious Sphere","floor":38,"gold_loss":0},{"cards_removed":["blackbeard:TheDrunkenSailor"],"damage_healed":0,"gold_gain":0,"player_choice":"Removed Power","damage_taken":0,"max_hp_gain":0,"max_hp_loss":0,"event_name":"Falling","floor":40,"gold_loss":0}],"is_beta":false,"boss_relics":[{"not_picked":["ChewingGum","aspiration:RunicSpoon"],"picked":"blackbeard:Karategi"},{"not_picked":["aspiration:SecretTechniqueScroll","vexMod:BigBerry"],"picked":"potionbrewer:BhaskarasWheel"}],"items_purged_floors":[],"is_endless":false,"potions_floor_spawned":[1,7,10,18,20,27,32,33,37],"killed_by":"Reptomancer","ascension_level":15}}