{"host":"krqozg1tp0zpuvz3","time":1610624387,"event":{"mods":["AchievementEnabler","BaseMod","Colored Map","DeckTracker","Keyboard Shortcuts","Minty Spire (QoL Compilation)","Permanent Neow","Relic Stats","Shop Mod","SuperFastMode"],"gold_per_floor":[112,126,67,217,182,182,196,196,219,63,63,77,105,105,105,176,176,194,137,153,153,153],"floor_reached":21,"language":"KOR","playtime":506,"items_purged":["Doubt"],"score":345,"play_id":"3079042b-72a3-4626-b470-9e7f58887f9c","local_time":"20210114203947","is_ascension_mode":true,"campfire_choices":[{"data":"Consume","floor":6,"key":"SMITH"},{"data":"Capacitor","floor":8,"key":"SMITH"},{"data":"Zap","floor":11,"key":"SMITH"},{"floor":15,"key":"REST"}],"circlet_count":0,"master_deck":["AscendersBane","Strike_B","Strike_B","Strike_B","Defend_B","Defend_B","Defend_B","Defend_B","Zap+1","Dualcast+1","Electrodynamics","Consume+1","Capacitor+1","Conserve Battery+1","Redo","Capacitor","Undo","Steam","Rainbow","Compile Driver","Cold Snap"],"relics":["Cracked Core","War Paint","Nunchaku","Nuclear Battery"],"acts_visited":["Exordium","TheCity"],"potions_floor_usage":[12,21],"damage_taken":[{"damage":9,"enemies":"Small Slimes","floor":1,"turns":2},{"damage":7,"enemies":"Jaw Worm","floor":2,"turns":3},{"damage":0,"enemies":"Cultist","floor":7,"turns":2},{"damage":0,"enemies":"Looter","floor":12,"turns":3},{"damage":25,"enemies":"Lagavulin","floor":13,"turns":6},{"damage":23,"enemies":"The Guardian","floor":16,"turns":8},{"damage":17,"enemies":"Spheric Guardian","floor":18,"turns":4},{"damage":13,"enemies":"Shell Parasite","floor":20,"turns":6},{"damage":35,"enemies":"Shelled Parasite and Fungi","floor":21,"turns":2}],"seed_played":"-4171126828519477201","potions_obtained":[{"floor":1,"key":"LiquidMemories"},{"floor":2,"key":"Block Potion"},{"floor":18,"key":"Strength Potion"}],"is_trial":false,"path_per_floor":["M","M","$","?","?","R","M","R","T","$","R","M","E","?","R","B",null,"M","$","M","M"],"character_chosen":"DEFECT","items_purchased":["Conserve Battery","Capacitor","Cold Snap"],"campfire_rested":1,"item_purchase_floors":[3,10,19],"current_hp_per_floor":[55,48,48,48,64,64,64,64,64,64,64,64,39,32,51,28,55,38,38,25,0,0],"gold":153,"neow_bonus":"THREE_RARE_CARDS","is_daily":false,"chose_seed":false,"campfire_upgraded":3,"win_rate":0.0,"timestamp":1610624387,"path_taken":["M","M","$","?","?","R","M","R","T","$","R","M","E","?","R","BOSS","M","$","M","M"],"items_purchased_type":["Card","Card","Card"],"build_version":"2020-12-22","purchased_purges":1,"victory":false,"max_hp_per_floor":[64,64,64,64,64,64,64,64,64,64,64,64,64,64,64,64,64,64,64,64,64,64],"relic_stats":{"Nunchaku":[1],"counters":[9,36],"War Paint":["Conserve Battery","Dualcast"],"obtain_stats":[{"Nunchaku":13,"War Paint":9,"Cracked Core":0,"Nuclear Battery":17},{"Nunchaku":5,"War Paint":3,"Cracked Core":0,"Nuclear Battery":6},{"Nunchaku":16,"War Paint":7,"Cracked Core":0,"Nuclear Battery":24}]},"card_choices":[{"not_picked":["Echo Form","Rainbow"],"picked":"Electrodynamics","floor":0},{"not_picked":["FTL","Barrage"],"picked":"Consume","floor":1},{"not_picked":["White Noise","Genetic Algorithm"],"picked":"Capacitor","floor":2},{"not_picked":["Skim","Hello World"],"picked":"Redo","floor":7},{"not_picked":["Turbo","Loop"],"picked":"Undo","floor":12},{"not_picked":["Ball Lightning","Chaos"],"picked":"Steam","floor":13},{"not_picked":["Creative AI","Meteor Strike"],"picked":"Rainbow","floor":16},{"not_picked":["Turbo","Fusion"],"picked":"Compile Driver","floor":18},{"not_picked":["Redo","Stack","Hologram"],"picked":"SKIP","floor":20}],"player_experience":287395,"relics_obtained":[{"floor":9,"key":"War Paint"},{"floor":13,"key":"Nunchaku"}],"event_choices":[{"damage_healed":0,"gold_gain":150,"player_choice":"AGREE","damage_taken":0,"max_hp_gain":0,"max_hp_loss":0,"event_name":"Liars Game","floor":4,"gold_loss":0,"cards_obtained":["Doubt"]},{"damage_healed":16,"gold_gain":0,"player_choice":"Healed","damage_taken":0,"max_hp_gain":0,"max_hp_loss":0,"event_name":"The Cleric","floor":5,"gold_loss":35},{"cards_removed":["Strike_B"],"damage_healed":0,"gold_gain":0,"player_choice":"Card Removal","damage_taken":7,"max_hp_gain":0,"max_hp_loss":0,"event_name":"Golden Wing","floor":14,"gold_loss":0}],"is_beta":false,"boss_relics":[{"not_picked":["Inserter","Cursed Key"],"picked":"Nuclear Battery"}],"items_purged_floors":[10],"is_endless":false,"potions_floor_spawned":[1,2,18],"killed_by":"Shelled Parasite and Fungi","ascension_level":19}}