{"host":"f5uumzf5hfexzk8l","time":1610594475,"event":{"mods":["AchievementEnabler","BaseMod","Bestiary","Colored Map","Googly Eyes","Minty Spire (QoL Compilation)","Permanent Neow","Relic Sorter","Relic Stats","SuperFastMode","Unceasing Turn Reminder","everything is the same but u backflip on backflip"],"gold_per_floor":[365,162,162,180,200,200,226,226,226,226,226],"floor_reached":10,"language":"ENG","playtime":255,"items_purged":["Strike_P"],"score":112,"play_id":"2346ad5e-7255-44c6-9bac-81b6ee544998","local_time":"20210113192115","is_ascension_mode":true,"campfire_choices":[{"data":"PathToVictory","floor":6,"key":"SMITH"},{"floor":8,"key":"REST"}],"circlet_count":0,"master_deck":["AscendersBane","Strike_P","Strike_P","Defend_P","Defend_P","Defend_P","Defend_P","Eruption","Vigilance","PathToVictory+1","PathToVictory","FearNoEvil","Meditate"],"relics":["PureWater","StoneCalendar","Sundial"],"acts_visited":["Exordium"],"potions_floor_usage":[],"damage_taken":[{"damage":0,"enemies":"Small Slimes","floor":1,"turns":3},{"damage":6,"enemies":"Cultist","floor":4,"turns":3},{"damage":0,"enemies":"Jaw Worm","floor":5,"turns":2},{"damage":34,"enemies":"Lagavulin","floor":7,"turns":6},{"damage":69,"enemies":"Gremlin Nob","floor":10,"turns":4}],"seed_played":"-785856338290969955","potions_obtained":[],"is_trial":false,"path_per_floor":["M","$","?","M","M","R","E","R","T","E"],"character_chosen":"WATCHER","items_purchased":["PathToVictory","SignatureMove"],"campfire_rested":1,"item_purchase_floors":[2,2],"current_hp_per_floor":[43,43,43,37,37,37,3,23,23,0,0],"gold":226,"neow_bonus":"TWO_FIFTY_GOLD","is_daily":false,"chose_seed":false,"campfire_upgraded":1,"win_rate":0.0,"timestamp":1610594475,"path_taken":["M","$","?","M","M","R","E","R","T","E"],"items_purchased_type":["Card","Card"],"build_version":"2020-12-22","purchased_purges":1,"victory":false,"max_hp_per_floor":[68,68,68,68,68,68,68,68,68,68,68],"relic_stats":{"counters":[5,18],"Sundial":[0],"StoneCalendar":[0],"obtain_stats":[{"Sundial":9,"StoneCalendar":7,"PureWater":0},{"Sundial":4,"StoneCalendar":4,"PureWater":0},{"Sundial":14,"StoneCalendar":14,"PureWater":0}]},"card_choices":[{"not_picked":["Consecrate","SignatureMove"],"picked":"PathToVictory","floor":1},{"not_picked":["Tantrum","Prostrate","FlurryOfBlows"],"picked":"SKIP","floor":4},{"not_picked":["SignatureMove","TalkToTheHand"],"picked":"FearNoEvil","floor":5},{"not_picked":["CarveReality","TalkToTheHand"],"picked":"Meditate","floor":7}],"player_experience":391818,"relics_obtained":[{"floor":7,"key":"StoneCalendar"},{"floor":9,"key":"Sundial"}],"event_choices":[{"cards_removed":["Strike_P"],"damage_healed":0,"gold_gain":0,"player_choice":"Purged","damage_taken":0,"max_hp_gain":0,"max_hp_loss":0,"event_name":"Purifier","floor":3,"gold_loss":0}],"is_beta":false,"boss_relics":[],"items_purged_floors":[2],"is_endless":false,"potions_floor_spawned":[],"killed_by":"Gremlin Nob","ascension_level":14}}