{"host":"m6aaltr68g9tvoay","time":1610594318,"event":{"mods":["AchievementEnabler","BaseMod","Colored Map","Downfall","Minty Spire (QoL Compilation)","StSLib"],"gold_per_floor":[99,114,26,43,43,59,59,92,92,77,77,28,28,39,55,55,55],"floor_reached":16,"language":"ENG","playtime":1162,"items_purged":[],"score":115,"play_id":"566a418f-2a50-43c0-8d0e-99fa59d49f7a","local_time":"20210113191838","is_ascension_mode":true,"campfire_choices":[{"floor":1,"key":"RECALL"},{"floor":9,"key":"REST"},{"floor":13,"key":"REST"}],"circlet_count":0,"master_deck":["bronze:Strike+1","bronze:Strike+1","bronze:Strike","bronze:Strike","bronze:Defend","bronze:Defend","bronze:Defend","bronze:Defend","bronze:Replicate+1","bronze:Goto","bronze:BugBarrage+1","bronze:WhirlingStrike","bronze:ItsAFeature+1","bronze:WhirlingStrike","downfall:Malfunctioning","bronze:Terminator","bronze:Overload","bronze:ForceShield","bronze:ChildClass","bronze:BronzeOrb","bronze:Virus"],"relics":["bronze:BronzeCore","Whetstone","Potion Belt","downfall:BrokenWingStatue"],"acts_visited":["Exordium"],"potions_floor_usage":[16,16],"damage_taken":[{"damage":2,"enemies":"Jaw Worm","floor":2,"turns":3},{"damage":0,"enemies":"downfall:FleeingMerchant","floor":3,"turns":4},{"damage":0,"enemies":"Small Slimes","floor":4,"turns":3},{"damage":3,"enemies":"2 Louse","floor":6,"turns":2},{"damage":36,"enemies":"Gremlin Nob","floor":8,"turns":4},{"damage":3,"enemies":"downfall:FleeingMerchant","floor":10,"turns":4},{"damage":20,"enemies":"downfall:FleeingMerchant","floor":12,"turns":4},{"damage":0,"enemies":"3 Louse","floor":14,"turns":2},{"damage":2,"enemies":"Exordium Wildlife","floor":15,"turns":2},{"damage":27,"enemies":"downfall:Silent","floor":16,"turns":9}],"seed_played":"-3776188334862017080","potions_obtained":[{"floor":6,"key":"SpeedPotion"},{"floor":14,"key":"Energy Potion"},{"floor":15,"key":"BlessingOfTheForge"}],"is_trial":false,"path_per_floor":["R","M","$","M","?","M","T","E","R","$","?","$","R","M","M","B"],"character_chosen":"THE_AUTOMATON","items_purchased":["bronze:ItsAFeature","bronze:BronzeOrb"],"campfire_rested":2,"item_purchase_floors":[3,12],"current_hp_per_floor":[70,68,68,68,68,65,65,29,50,47,47,27,48,48,46,19,19],"gold":55,"neow_bonus":"RANDOM_COMMON_RELIC","is_daily":false,"chose_seed":false,"campfire_upgraded":0,"win_rate":0.0,"timestamp":1610594318,"path_taken":["R","M","$","M","?","M","T","E","R","$","?","$","R","M","M","BOSS"],"items_purchased_type":["Card","Card"],"build_version":"2020-12-22","purchased_purges":0,"victory":false,"max_hp_per_floor":[70,70,70,70,70,70,70,70,70,70,70,70,70,70,70,70,70],"card_choices":[{"not_picked":["bronze:CutThrough","bronze:DelayedSlice"],"picked":"bronze:BugBarrage","floor":2},{"not_picked":["bronze:DelayedGuard","bronze:ChosenStrike"],"picked":"bronze:WhirlingStrike","floor":3},{"not_picked":["bronze:Shell","bronze:Separator"],"picked":"bronze:WhirlingStrike","floor":4},{"not_picked":["bronze:Iterate","bronze:Repulsor"],"picked":"bronze:Terminator","floor":6},{"not_picked":["bronze:BuggyMess","bronze:Hardcode"],"picked":"bronze:Overload","floor":8},{"not_picked":["bronze:Branch","bronze:ItsAFeature"],"picked":"bronze:ForceShield","floor":10},{"not_picked":["bronze:Refactor","bronze:ClassDefault"],"picked":"bronze:ChildClass","floor":12},{"not_picked":["bronze:NullPointer","bronze:FineTuning","bronze:Invalidate"],"picked":"SKIP","floor":14},{"not_picked":["bronze:Boost","bronze:OilSpill"],"picked":"bronze:Virus","floor":15}],"player_experience":1788183,"relics_obtained":[{"floor":8,"key":"Potion Belt"}],"event_choices":[],"is_beta":false,"boss_relics":[],"items_purged_floors":[],"is_endless":false,"potions_floor_spawned":[6,14,15],"killed_by":"downfall:Silent","ascension_level":3}}