{"host":"vohenq18pmg6jboc","time":1610599062,"event":{"mods":["Arknights The Spire","Bard","BaseMod","Chen","Downfall","Gremlin Mod","GungeonMod","Hermit","Koishi","Marisa¡]Ãú«B¡@Å]²z¨F¡^","Minty Spire (QoL Compilation)","Relic Stats","Remilia¡]Á¢¦Ì²ú?¡^","StSLib","The Administrix","The Bug Knight","The Cursed","The Hierophant","The IronCluck","The Runesmith","The Servant 0.9.4","WarShipGirlsR/??¤Ö¤kR mod","Yakumo Yukari mod","Youmu¡]»î¾z§¯?¡^","Yuyuko"],"gold_per_floor":[119,119,129,149,50,50,0,0,0,12,24,34,57,57,57,153,153,167,15,30,47,66,66,96,96,119,132,132,132],"floor_reached":28,"language":"ZHS","playtime":1548,"items_purged":[],"score":257,"play_id":"12a44603-b3aa-4422-987e-c513ad8409e8","local_time":"20210114123742","is_ascension_mode":false,"campfire_choices":[{"data":"rmod:maintain","floor":6,"key":"SMITH"},{"data":"rmod:chargemoney","floor":8,"key":"SMITH"},{"floor":15,"key":"REST"},{"data":"rmod:maintain","floor":23,"key":"SMITH"}],"circlet_count":0,"master_deck":["rmod:strick","rmod:strick","rmod:strick","rmod:strick","rmod:defend+1","rmod:defend","rmod:defend","rmod:defend","rmod:basicallowance+1","rmod:maingunfire","rmod:maintain+1","rmod:tearstotiara","rmod:punchline","rmod:luckystar","rmod:supportaircraftcarrier","rmod:tearstotiara","rmod:ammunitionsupply","rmod:tearstotiara","rmod:luckystar","rmod:ammunitionsupply","rmod:aggressivemary","rmod:aviationdawn","rmod:chargemoney+1","rmod:diaomin","rmod:luckystar","rmod:selfconfidence","rmod:circuitoustactics","rmod:auspiciousomen","rmod:firesupport","rmod:aviationdawn","rmod:acesubmarine","rmod:bulid","rmod:highspeedmaneuver","rmod:maintain+1","rmod:saltedfish","rmod:royalracing+1","rmod:firesupport","rmod:supportaircraftcarrier","RitualDagger","rmod:diamondstrike+1"],"relics":["rmod:firstchargereward","NeowsBlessing","War Paint","Omamori","Odd Mushroom","rmod:monthlycard","PreservedInsect","DemoMod:LamentConfigurum","Boot"],"acts_visited":["Exordium","TheCity"],"potions_floor_usage":[16,16,24,24],"damage_taken":[{"damage":0,"enemies":"Small Slimes","floor":1,"turns":1},{"damage":0,"enemies":"Cultist","floor":3,"turns":1},{"damage":0,"enemies":"Jaw Worm","floor":4,"turns":1},{"damage":16,"enemies":"Blue Slaver","floor":10,"turns":2},{"damage":0,"enemies":"2 Fungi Beasts","floor":11,"turns":2},{"damage":10,"enemies":"Lots of Slimes","floor":12,"turns":3},{"damage":3,"enemies":"The Mushroom Lair","floor":13,"turns":3},{"damage":38,"enemies":"Hexaghost","floor":16,"turns":5},{"damage":5,"enemies":"3 Byrds","floor":18,"turns":3},{"damage":9,"enemies":"Chosen","floor":20,"turns":3},{"damage":7,"enemies":"Snecko","floor":21,"turns":5},{"damage":3,"enemies":"Cultist and Chosen","floor":22,"turns":2},{"damage":17,"enemies":"Slavers","floor":24,"turns":5},{"damage":23,"enemies":"Shelled Parasite and Fungi","floor":27,"turns":4},{"damage":5,"enemies":"Chosen and Byrds","floor":28,"turns":1}],"seed_played":"-4895374573629105088","potions_obtained":[{"floor":1,"key":"Block Potion"},{"floor":10,"key":"EssenceOfSteel"},{"floor":13,"key":"DemoMod:BlankPotion"},{"floor":18,"key":"Block Potion"},{"floor":22,"key":"Fire Potion"},{"floor":27,"key":"SpeedPotion"}],"is_trial":false,"path_per_floor":["M","?","M","M","$","R","?","R","T","M","M","M","?","$","R","B",null,"M","$","M","M","M","R","E","?","T","M","M"],"character_chosen":"PRAEFECT","items_purchased":["rmod:luckystar","rmod:supportaircraftcarrier","PreservedInsect"],"campfire_rested":1,"item_purchase_floors":[5,5,19],"current_hp_per_floor":[75,75,75,75,75,75,75,75,75,59,59,49,46,46,68,30,75,70,70,61,54,51,51,34,28,28,5,0,0],"gold":132,"neow_bonus":"THREE_ENEMY_KILL","is_daily":false,"chose_seed":false,"campfire_upgraded":3,"win_rate":0.0,"timestamp":1610599062,"path_taken":["M","?","M","?","$","R","?","R","T","M","M","M","?","?","R","BOSS","M","$","M","M","M","R","E","?","T","M","M"],"items_purchased_type":["Card","Card","Relic"],"build_version":"2020-12-22","purchased_purges":0,"victory":false,"max_hp_per_floor":[75,75,75,75,75,75,75,75,75,75,75,75,75,75,75,75,75,75,75,75,75,75,75,75,75,75,75,75,75],"relic_stats":{"counters":[15,41],"PreservedInsect":39,"War Paint":["rmod:basicallowance","rmod:defend"],"Boot":[5],"obtain_stats":[{"NeowsBlessing":0,"DemoMod:LamentConfigurum":24,"DemoMod:GlassGuonStoneRelic":1,"PreservedInsect":19,"rmod:firstchargereward":0,"Omamori":9,"War Paint":2,"Odd Mushroom":13,"Boot":26,"rmod:monthlycard":17},{"NeowsBlessing":0,"DemoMod:LamentConfigurum":13,"DemoMod:GlassGuonStoneRelic":1,"PreservedInsect":9,"rmod:firstchargereward":0,"Omamori":3,"War Paint":1,"Odd Mushroom":7,"Boot":13,"rmod:monthlycard":8},{"NeowsBlessing":0,"DemoMod:LamentConfigurum":36,"DemoMod:GlassGuonStoneRelic":1,"PreservedInsect":21,"rmod:firstchargereward":0,"Omamori":3,"War Paint":1,"Odd Mushroom":13,"Boot":36,"rmod:monthlycard":18}]},"card_choices":[{"not_picked":["rmod:heivgo","rmod:salvage"],"picked":"rmod:maintain","floor":1},{"not_picked":["rmod:lonelyqueen","rmod:fletcherpendant"],"picked":"rmod:tearstotiara","floor":3},{"not_picked":["rmod:maintain","rmod:aluminumsupply"],"picked":"rmod:punchline","floor":4},{"not_picked":[],"picked":"rmod:tearstotiara","floor":7},{"not_picked":[],"picked":"rmod:ammunitionsupply","floor":7},{"not_picked":[],"picked":"rmod:tearstotiara","floor":7},{"not_picked":[],"picked":"rmod:luckystar","floor":7},{"not_picked":[],"picked":"rmod:ammunitionsupply","floor":7},{"not_picked":[],"picked":"rmod:aggressivemary","floor":7},{"not_picked":[],"picked":"rmod:aviationdawn","floor":7},{"not_picked":[],"picked":"rmod:chargemoney","floor":7},{"not_picked":[],"picked":"rmod:diaomin","floor":7},{"not_picked":[],"picked":"rmod:luckystar","floor":7},{"not_picked":[],"picked":"rmod:selfconfidence","floor":7},{"not_picked":[],"picked":"rmod:circuitoustactics","floor":7},{"not_picked":[],"picked":"rmod:auspiciousomen","floor":7},{"not_picked":["rmod:ammunitionsupply","rmod:fuelsupply"],"picked":"rmod:firesupport","floor":10},{"not_picked":["rmod:combined","rmod:aluminumsupply"],"picked":"rmod:aviationdawn","floor":11},{"not_picked":["rmod:heivgo","rmod:wolves"],"picked":"rmod:acesubmarine","floor":12},{"not_picked":["rmod:victimresponsibility","rmod:tearstotiara"],"picked":"rmod:bulid","floor":13},{"not_picked":["rmod:abidefaith","rmod:windflower"],"picked":"rmod:highspeedmaneuver","floor":16},{"not_picked":["rmod:intelligenceanalysis+1","rmod:unsinkable"],"picked":"rmod:maintain","floor":18},{"not_picked":["rmod:luckystar","rmod:victimresponsibility"],"picked":"rmod:saltedfish","floor":20},{"not_picked":["rmod:overbreakdown","rmod:luckystar+1"],"picked":"rmod:royalracing+1","floor":21},{"not_picked":["rmod:supportescort","rmod:aluminumsupply+1"],"picked":"rmod:firesupport","floor":22},{"not_picked":["rmod:expeditionaryescort","rmod:smokecover"],"picked":"rmod:supportaircraftcarrier","floor":24},{"not_picked":["rmod:firesupport","rmod:lonelyqueen"],"picked":"rmod:diamondstrike+1","floor":27}],"player_experience":85334,"relics_obtained":[{"floor":9,"key":"Omamori"},{"floor":13,"key":"Odd Mushroom"},{"floor":24,"key":"DemoMod:LamentConfigurum"},{"floor":26,"key":"Boot"}],"event_choices":[{"damage_healed":0,"gold_gain":0,"player_choice":"Gave Potion","damage_taken":0,"relics_obtained":["War Paint"],"max_hp_gain":0,"max_hp_loss":0,"event_name":"WeMeetAgain","floor":2,"gold_loss":0},{"damage_healed":0,"gold_gain":0,"player_choice":"Fought Mushrooms","damage_taken":0,"max_hp_gain":0,"max_hp_loss":0,"event_name":"Mushrooms","floor":13,"gold_loss":0},{"damage_healed":0,"gold_gain":0,"player_choice":"Joined the Cult","damage_taken":6,"max_hp_gain":0,"max_hp_loss":0,"event_name":"Nest","floor":25,"gold_loss":0,"cards_obtained":["RitualDagger"]}],"is_beta":false,"boss_relics":[{"not_picked":["Fusion Hammer","Coffee Dripper"],"picked":"rmod:monthlycard"}],"items_purged_floors":[],"is_endless":false,"potions_floor_spawned":[1,10,13,18,22,27],"killed_by":"Chosen and Byrds","ascension_level":0}}