{"host":"y3h3n3f7seyagppx","time":1610591695,"event":{"mods":["AlwaysNeverKeys","BaseMod","Better Vampires","Colored Powertips","DeckTracker","Emptier Cage","Minty Spire (QoL Compilation)","Permanent Neow","Quick Restart","Rare Cards Sparkle","Relic Sorter","Relic Stats","StSLib","Transform Curses"],"gold_per_floor":[219,219,243,7,32,66,96,96,96,96,127,140,290,334,334,438,447,471,471,496,65,97,147,165,201,226,255,280,327,343,24,24,127,127,151,207,157,173,188,237,237,277,329,381,381,409,434,87,87,87,87,87,87,68,113,113,113],"floor_reached":56,"language":"ENG","playtime":5288,"items_purged":["Defend_R","Doubt"],"score":2359,"play_id":"f8479566-237e-45f6-936f-53844fdcce93","local_time":"20210113213455","is_ascension_mode":true,"campfire_choices":[{"data":"Bash","floor":8.0,"key":"SMITH"},{"data":"Clothesline","floor":10.0,"key":"SMITH"},{"data":"Pummel","floor":15,"key":"SMITH"},{"floor":32,"key":"REST"},{"data":"Dual Wield","floor":41,"key":"SMITH"},{"data":"Sword Boomerang","floor":49,"key":"SMITH"},{"data":"Disarm","floor":53,"key":"SMITH"}],"circlet_count":0,"master_deck":["AscendersBane","Strike_R","Strike_R+1","Strike_R+1","Strike_R","Strike_R","Defend_R+1","Defend_R","Defend_R","Bash+1","Clothesline+1","Flame Barrier","Exhume+1","Feel No Pain","Pummel+1","Limit Break+1","CurseOfTheBell","Shrug It Off","Burning Pact+1","Shrug It Off","Body Slam+1","Havoc+1","Reaper","Dual Wield+1","Disarm","Disarm+1","Sword Boomerang+1","Sword Boomerang","Evolve"],"relics":["Burning Blood","Pen Nib","Golden Idol","Brimstone","Blue Candle","Nunchaku","InkBottle","Bag of Preparation","CeramicFish","Calling Bell","Centennial Puzzle","Mercury Hourglass","FossilizedHelix","War Paint","Vajra","Mummified Hand","Eternal Feather","Strawberry","Art of War","Happy Flower","OrangePellets","Sozu","Ice Cream","Shuriken","Incense Burner","Ancient Tea Set","CaptainsWheel","Bronze Scales"],"acts_visited":["Exordium","TheCity","TheBeyond","TheEnding"],"potions_floor_usage":[14,23,55],"damage_taken":[{"damage":4.0,"enemies":"Small Slimes","floor":1.0,"turns":4.0},{"damage":7.0,"enemies":"2 Louse","floor":3.0,"turns":3.0},{"damage":0.0,"enemies":"Cultist","floor":5.0,"turns":2.0},{"damage":25.0,"enemies":"3 Sentries","floor":6.0,"turns":6.0},{"damage":9,"enemies":"Lagavulin","floor":11,"turns":7},{"damage":12,"enemies":"Gremlin Gang","floor":12,"turns":4},{"damage":24,"enemies":"3 Sentries","floor":14,"turns":6},{"damage":1,"enemies":"Slime Boss","floor":16,"turns":3},{"damage":0,"enemies":"Spheric Guardian","floor":18,"turns":3},{"damage":6,"enemies":"2 Thieves","floor":20,"turns":4},{"damage":0,"enemies":"Chosen and Byrds","floor":22,"turns":3},{"damage":26,"enemies":"Slavers","floor":23,"turns":4},{"damage":0,"enemies":"Centurion and Healer","floor":24,"turns":3},{"damage":0,"enemies":"Gremlin Leader","floor":25,"turns":3},{"damage":0,"enemies":"Snecko","floor":27,"turns":2},{"damage":11,"enemies":"3 Cultists","floor":28,"turns":4},{"damage":40,"enemies":"Slavers","floor":29,"turns":3},{"damage":17,"enemies":"Shelled Parasite and Fungi","floor":30,"turns":3},{"damage":39,"enemies":"Automaton","floor":33,"turns":6},{"damage":20,"enemies":"3 Darklings","floor":35,"turns":4},{"damage":7,"enemies":"2 Orb Walkers","floor":36,"turns":4},{"damage":0,"enemies":"Orb Walker","floor":38,"turns":3},{"damage":0,"enemies":"3 Darklings","floor":39,"turns":3},{"damage":1,"enemies":"Giant Head","floor":40,"turns":4},{"damage":33,"enemies":"Reptomancer","floor":42,"turns":4},{"damage":0,"enemies":"Giant Head","floor":44,"turns":3},{"damage":0,"enemies":"Jaw Worm Horde","floor":46,"turns":4},{"damage":1,"enemies":"Maw","floor":47,"turns":5},{"damage":12,"enemies":"Time Eater","floor":50,"turns":7},{"damage":97,"enemies":"Awakened One","floor":51,"turns":9},{"damage":27,"enemies":"Shield and Spear","floor":55,"turns":6},{"damage":97,"enemies":"The Heart","floor":56,"turns":5}],"seed_played":"-502217099894450505","potions_obtained":[{"floor":3.0,"key":"DistilledChaos"},{"floor":5.0,"key":"BlessingOfTheForge"},{"floor":12,"key":"Swift Potion"},{"floor":14,"key":"FairyPotion"},{"floor":20,"key":"HeartOfIron"},{"floor":28,"key":"GamblersBrew"}],"is_trial":false,"path_per_floor":["M","?","M","$","M","E","?","R","T","R","E","M","?","E","R","B",null,"M","?","M","$","M","E","M","E","T","M","M","E","M","$","R","B",null,"M","?","?","M","M","E","R","E","T","E","?","M","M","$","R","B","B",null,"R","$","E","B"],"character_chosen":"IRONCLAD","items_purchased":["Brimstone","War Paint","Vajra","Happy Flower","OrangePellets","CaptainsWheel","Sword Boomerang"],"campfire_rested":1,"item_purchase_floors":[4,21,21,31,31,48,54],"current_hp_per_floor":[70,68,67,67,68,49,49,49,49,49,46,40,40,22,22,27,58,64,64,64,64,68,48,54,60,67,73,68,34,23,23,57,24,62,75,74,74,75,75,75,75,73,73,75,71,71,71,71,71,71,46,65,71,71,71,0,0],"gold":113,"neow_bonus":"HUNDRED_GOLD","is_daily":false,"chose_seed":false,"campfire_upgraded":6,"win_rate":0.0,"timestamp":1610591695,"path_taken":["M","?","M","$","M","E","?","R","T","R","E","M","?","E","R","BOSS","M","?","?","$","?","E","M","E","T","?","M","E","M","$","R","BOSS","M","?","?","M","?","E","R","E","T","E","?","M","M","$","R","BOSS","BOSS","R","$","E","BOSS"],"items_purchased_type":["Relic","Relic","Relic","Relic","Relic","Relic","Card"],"build_version":"2020-12-22","purchased_purges":2,"victory":false,"max_hp_per_floor":[75,68,68,68,68,68,68,68,68,68,68,68,68,68,68,68,68,68,68,68,68,68,68,68,68,75,75,75,75,75,75,75,75,75,75,75,75,75,75,75,75,75,75,75,71,71,71,71,71,71,71,71,71,71,71,71,71],"relic_stats":{"Happy Flower":[22],"counters":[32,134],"Golden Idol":221,"Blue Candle":[12],"CeramicFish":135,"Eternal Feather":18,"Pen Nib":[6],"Bag of Preparation":[54],"War Paint":["Limit Break","Defend_R"],"Burning Blood":136,"Mercury Hourglass":[405],"Sozu":4,"OrangePellets":[0],"Nunchaku":[23],"Centennial Puzzle":[45],"Mummified Hand":[24],"Shuriken":[17],"Bronze Scales":[84],"Art of War":[5],"obtain_stats":[{"Ice Cream":36,"CeramicFish":14,"Vajra":21,"Bag of Preparation":11,"Incense Burner":42,"Ancient Tea Set":43,"Burning Blood":0,"Sozu":34,"Nunchaku":7,"Centennial Puzzle":17,"Mummified Hand":23,"Strawberry":26,"InkBottle":9,"Happy Flower":31,"Golden Idol":2,"Blue Candle":6,"Eternal Feather":25,"Pen Nib":44,"War Paint":21,"Mercury Hourglass":17,"Calling Bell":17,"OrangePellets":31,"CaptainsWheel":48,"Brimstone":4,"Shuriken":40,"Bronze Scales":55,"Art of War":29,"FossilizedHelix":17},{"Ice Cream":21,"CeramicFish":7,"Vajra":10,"Bag of Preparation":5,"Incense Burner":25,"Ancient Tea Set":25,"Burning Blood":0,"Sozu":19,"Nunchaku":4,"Centennial Puzzle":8,"Mummified Hand":12,"Strawberry":14,"InkBottle":4,"Happy Flower":18,"Golden Idol":1,"Blue Candle":4,"Eternal Feather":14,"Pen Nib":26,"War Paint":10,"Mercury Hourglass":8,"Calling Bell":8,"OrangePellets":18,"CaptainsWheel":28,"Brimstone":2,"Shuriken":24,"Bronze Scales":31,"Art of War":17,"FossilizedHelix":8},{"Ice Cream":81,"CeramicFish":32,"Vajra":42,"Bag of Preparation":22,"Incense Burner":95,"Ancient Tea Set":95,"Burning Blood":0,"Sozu":73,"Nunchaku":15,"Centennial Puzzle":35,"Mummified Hand":49,"Strawberry":55,"InkBottle":15,"Happy Flower":67,"Golden Idol":4,"Blue Candle":15,"Eternal Feather":55,"Pen Nib":98,"War Paint":42,"Mercury Hourglass":35,"Calling Bell":35,"OrangePellets":67,"CaptainsWheel":107,"Brimstone":7,"Shuriken":91,"Bronze Scales":129,"Art of War":64,"FossilizedHelix":35}],"InkBottle":[46]},"card_choices":[{"not_picked":["Iron Wave","Reckless Charge"],"picked":"Clothesline","floor":1.0},{"not_picked":["Perfected Strike","Burning Pact","Wild Strike"],"picked":"SKIP","floor":3.0},{"not_picked":["Headbutt","True Grit","Inflame"],"picked":"SKIP","floor":5.0},{"not_picked":["Dual Wield","Flame Barrier","Heavy Blade"],"picked":"SKIP","floor":6.0},{"not_picked":["Dual Wield","Heavy Blade"],"picked":"Flame Barrier","floor":6.0},{"not_picked":["Twin Strike","Cleave"],"picked":"Exhume","floor":11},{"not_picked":["Sever Soul","Searing Blow"],"picked":"Feel No Pain","floor":12},{"not_picked":["Perfected Strike","Pommel Strike"],"picked":"Pummel","floor":14},{"not_picked":["Double Tap","Immolate"],"picked":"Limit Break","floor":16},{"not_picked":["Armaments","True Grit"],"picked":"Shrug It Off","floor":18},{"not_picked":["Bloodletting","Havoc","Body Slam"],"picked":"SKIP","floor":20},{"not_picked":["Shrug It Off","Infernal Blade"],"picked":"Burning Pact+1","floor":22},{"not_picked":["Seeing Red","Anger"],"picked":"Shrug It Off","floor":23},{"not_picked":["Flex","Immolate","True Grit"],"picked":"SKIP","floor":24},{"not_picked":["Flame Barrier","Wild Strike","Seeing Red"],"picked":"SKIP","floor":25},{"not_picked":["Clash","Wild Strike"],"picked":"Body Slam+1","floor":27},{"not_picked":["Burning Pact","Armaments","Cleave+1"],"picked":"SKIP","floor":28},{"not_picked":["Uppercut","Sentinel"],"picked":"Havoc+1","floor":29},{"not_picked":["Clash","Bloodletting","Combust"],"picked":"SKIP","floor":30},{"not_picked":["Fiend Fire","Offering"],"picked":"Reaper","floor":33},{"not_picked":["Bloodletting+1","Rampage","Havoc"],"picked":"SKIP","floor":35},{"not_picked":["Armaments","Cleave","Anger"],"picked":"SKIP","floor":38},{"not_picked":["Rupture","Sever Soul","Hemokinesis"],"picked":"SKIP","floor":39},{"not_picked":["Rupture","Sever Soul","Hemokinesis"],"picked":"SKIP","floor":39},{"not_picked":["Warcry","Spot Weakness"],"picked":"Dual Wield","floor":40},{"not_picked":["Bludgeon","Combust","Bloodletting"],"picked":"SKIP","floor":42},{"not_picked":["Sentinel","Cleave"],"picked":"Disarm","floor":44},{"not_picked":["Heavy Blade","Perfected Strike+1"],"picked":"Disarm","floor":46},{"not_picked":["Second Wind","Power Through"],"picked":"Sword Boomerang","floor":47},{"not_picked":["Havoc","Entrench+1"],"picked":"Evolve","floor":55}],"player_experience":20847543,"relics_obtained":[{"floor":6.0,"key":"Blue Candle"},{"floor":9.0,"key":"InkBottle"},{"floor":11,"key":"Bag of Preparation"},{"floor":14,"key":"CeramicFish"},{"floor":17,"key":"Centennial Puzzle"},{"floor":17,"key":"Mercury Hourglass"},{"floor":17,"key":"FossilizedHelix"},{"floor":23,"key":"Mummified Hand"},{"floor":25,"key":"Eternal Feather"},{"floor":26,"key":"Strawberry"},{"floor":29,"key":"Art of War"},{"floor":36,"key":"Ice Cream"},{"floor":40,"key":"Shuriken"},{"floor":42,"key":"Incense Burner"},{"floor":43,"key":"Ancient Tea Set"},{"floor":44,"key":"Pen Nib"},{"floor":55,"key":"Bronze Scales"}],"event_choices":[{"damage_healed":0.0,"max_hp_gain":0.0,"max_hp_loss":7.0,"gold_gain":0.0,"event_name":"Golden Idol","player_choice":"Lose Max HP","floor":2.0,"gold_loss":0.0,"damage_taken":0.0,"relics_obtained":["Golden Idol"]},{"damage_healed":0.0,"max_hp_gain":0.0,"max_hp_loss":0.0,"gold_gain":30.0,"event_name":"Dead Adventurer","player_choice":"Searched \u00273\u0027 times","floor":7.0,"gold_loss":0.0,"damage_taken":0.0,"relics_obtained":["Nunchaku"]},{"damage_healed":0,"gold_gain":150,"player_choice":"AGREE","damage_taken":0,"max_hp_gain":0,"max_hp_loss":0,"event_name":"Liars Game","floor":13,"gold_loss":0,"cards_obtained":["Doubt"]},{"damage_healed":0,"gold_gain":0,"player_choice":"Upgraded","damage_taken":0,"max_hp_gain":0,"max_hp_loss":0,"event_name":"Upgrade Shrine","floor":19,"gold_loss":0,"cards_upgraded":["Exhume"]},{"damage_healed":0,"gold_gain":0,"player_choice":"Fight","damage_taken":0,"max_hp_gain":0,"max_hp_loss":0,"event_name":"Mysterious Sphere","floor":36,"gold_loss":0},{"damage_healed":0,"gold_gain":0,"player_choice":"Upgraded Two","damage_taken":0,"max_hp_gain":0,"max_hp_loss":0,"event_name":"Designer","floor":37,"gold_loss":50,"cards_upgraded":["Strike_R","Strike_R"]},{"damage_healed":0,"gold_gain":0,"player_choice":"Max HP","damage_taken":0,"max_hp_gain":0,"max_hp_loss":4,"event_name":"Winding Halls","floor":45,"gold_loss":0}],"is_beta":false,"boss_relics":[{"not_picked":["Busted Crown","Black Blood"],"picked":"Calling Bell"},{"not_picked":["Mark of Pain","Empty Cage"],"picked":"Sozu"}],"items_purged_floors":[4,21],"is_endless":false,"potions_floor_spawned":[3,5,12,14,18,20,22,28,30,33,38,40,42,44],"killed_by":"The Heart","ascension_level":20}}