{"host":"74uvi6kym3vf3uk6","time":1610613821,"event":{"mods":["BaseMod","Colored Map","Colored Powertips","Dark Map","Highlight Path","Minty Spire (QoL Compilation)","Rare Cards Sparkle","StSLib","The Runesmith","The Servant 0.9.4"],"gold_per_floor":[113,113,113,113,113,165,165,165,247,294,42,42,42,67,67,206,206,230,145,154,197,240,240,51,51,97,106,49,68,93,9,9,139,139,164,182,224,37,81,81,81,81,81,81,114,9,9,56,65,200,200,215,114,128,146,171,171,171,171,196,196,196,96,96,46,46,181,181,206,220,239,255,276,276,276,301,362,374,244,244,194,1,1,124,133,147,161,184,86,107,122,122,146,185,135,144,144,144,41,41,160,160,180,77,27,46,62,62,62,40,71,92,92,117,130,155,155,283,283,301,322,347,178,197,249,1,48,84,84,84,84,107,6,6,137,137,158,174,70,83,97,149,180,180,220,220,241,193,193,216,216,342,342,356,380,393,408,408,408,9,50,93,93,124,138,187,506,506,644,644,663,687,708,729,78,112,152,152,185,185,185,185],"floor_reached":181,"language":"ENG","playtime":53578,"items_purged":["Runesmith:Discharge+1","Runesmith:HeatExchange","Runesmith:Refine+1","Runesmith:Firestorm","Runesmith:Firestorm","Runesmith:UnlimitedPower+1","Runesmith:Grindstone","Runesmith:EnergizedChisel","Runesmith:EnergizedChisel","Runesmith:Firestorm+1","Runesmith:Permafrost+1","Runesmith:HeatedChisel","Runesmith:EarthShield","Runesmith:ElementalConversion+1","Runesmith:Augment+1","Runesmith:CreatorForm+1"],"score":5670,"play_id":"6c36e034-181b-484c-9089-f20ccacf3665","local_time":"20210114024341","daily_mods":["SealedDeck","Vintage","Heirloom","Flight","DeadlyEvents"],"is_ascension_mode":false,"campfire_choices":[{"floor":7,"key":"REST"},{"floor":8,"key":"REST"},{"floor":12,"key":"REST"},{"data":"Runesmith:LithiumIon","floor":13,"key":"SMITH"},{"data":"Runesmith:Firestorm","floor":15,"key":"SMITH"},{"floor":23,"key":"REST"},{"floor":25,"key":"REST"},{"floor":27,"key":"REST"},{"floor":32,"key":"REST"},{"data":"Runesmith:UnlimitedPower","floor":40,"key":"SMITH"},{"floor":41,"key":"REST"},{"data":"Runesmith:LithiumIon","floor":42,"key":"SMITH"},{"data":"Runesmith:LithiumIon","floor":44,"key":"SMITH"},{"floor":49,"key":"REST"},{"floor":57,"key":"REST"},{"data":"Runesmith:CreatorForm","floor":58,"key":"SMITH"},{"data":"Runesmith:PoweredAnvil","floor":59,"key":"SMITH"},{"data":"Runesmith:MetallurgicalResearch","floor":61,"key":"SMITH"},{"data":"Runesmith:Permafrost","floor":62,"key":"SMITH"},{"data":"Runesmith:ChaoticBlast","floor":64,"key":"SMITH"},{"data":"Runesmith:GenerateForcefield","floor":66,"key":"SMITH"},{"floor":74,"key":"REST"},{"data":"Runesmith:CraftPrismatica","floor":75,"key":"SMITH"},{"data":"Runesmith:Attraction","floor":78,"key":"SMITH"},{"data":"Runesmith:CraftSpiculum","floor":80,"key":"SMITH"},{"data":"Runesmith:Augment","floor":83,"key":"SMITH"},{"data":"Runesmith:CraftMagma","floor":92,"key":"SMITH"},{"floor":96,"key":"REST"},{"data":"Runesmith:FissionHammer","floor":97,"key":"SMITH"},{"data":"Runesmith:CraftMagma","floor":98,"key":"SMITH"},{"data":"Runesmith:CraftIncendium","floor":100,"key":"SMITH"},{"data":"Runesmith:CraftIncendium","floor":108,"key":"SMITH"},{"data":"Runesmith:ElementalConversion","floor":109,"key":"SMITH"},{"data":"Runesmith:StaticCage","floor":113,"key":"SMITH"},{"floor":117,"key":"REST"},{"floor":129,"key":"REST"},{"data":"1","floor":130,"key":"LIFT"},{"data":"Runesmith:Attraction","floor":134,"key":"SMITH"},{"data":"Runesmith:CraftObretio","floor":146,"key":"SMITH"},{"data":"Runesmith:Prism","floor":149,"key":"SMITH"},{"floor":151,"key":"REST"},{"floor":159,"key":"REST"},{"floor":168,"key":"REST"},{"data":"Runesmith:CraftMedicinae","floor":178,"key":"SMITH"}],"circlet_count":0,"master_deck":["Runesmith:CraftMagma+1","Runesmith:CraftProtectio+1","Runesmith:LithiumIon+1","Runesmith:CraftIncendium+1","Runesmith:CraftMagma+1","Runesmith:ElementalConversion+1","Necronomicurse","Runesmith:CraftIncendium+1","Runesmith:CraftSpiculum+1","Runesmith:LithiumIon+1","Runesmith:CraftMagma+1","Runesmith:ChaoticBlast+1","Runesmith:LithiumIon+1","Runesmith:GenerateForcefield+1","Runesmith:CraftMagma+1","Runesmith:MetallurgicalResearch+1","Runesmith:RuneHurl+1","Runesmith:FissionHammer+1","Runesmith:RuneHurl+1","Runesmith:PerfectChisel+1","Runesmith:PoweredAnvil+1","Runesmith:CraftPrismatica+1","Runesmith:Attraction+1","Runesmith:PoweredAnvil+1","Runesmith:LithiumIon+1","CurseOfTheBell","Runesmith:LithiumIon+1","Runesmith:ElementalConversion+1","Runesmith:LithiumIon+1","Runesmith:LithiumIon+1","Runesmith:PoweredAnvil+1","Runesmith:CreatorForm+1","Runesmith:Attraction+1","Runesmith:CraftObretio+1","Runesmith:CraftObretio","Runesmith:PoweredAnvil+1","Runesmith:PoweredAnvil+1","Runesmith:Prism+1","Runesmith:CraftVitae","Runesmith:CraftMedicinae+1","Runesmith:LithiumIon+1"],"relics":["Runesmith:BrokenRuby","Ginger","CeramicFish","Golden Idol","Smiling Mask","The Courier","Gremlin Horn","Runesmith:MiniCore","Blood Vial","Runic Pyramid","Runesmith:AutoHammer","Mummified Hand","Necronomicon","Akabeko","Boot","Dream Catcher","Bronze Scales","Unceasing Top","Blue Candle","Ancient Tea Set","Potion Belt","InkBottle","Ice Cream","Shuriken","SlaversCollar","Runesmith:EmergencyProvisions","Pen Nib","Centennial Puzzle","Runesmith:Nanobots","Oddly Smooth Stone","Runesmith:PocketReactor","Strawberry","Frozen Egg 2","Bag of Preparation","Anchor","Bag of Marbles","MawBank","Bottled Lightning","Calling Bell","Omamori","Pantograph","Gambling Chip","Bottled Tornado","Calipers","Vajra","Matryoshka","Lantern","War Paint","SacredBark","Tiny Chest","Whetstone","PreservedInsect","Pear","HornCleat","Art of War","Girya","Sozu","White Beast Statue","Molten Egg 2","CaptainsWheel","MealTicket","Toy Ornithopter","Singing Bowl","Orichalcum","Meat on the Bone","StrikeDummy","Bottled Flame","Darkstone Periapt","Du-Vu Doll","Pocketwatch","Philosopher\u0027s Stone","Regal Pillow","Nunchaku","Ornamental Fan","Happy Flower","Mercury Hourglass","Eternal Feather","Prayer Wheel","Old Coin","Empty Cage","Bird Faced Urn","TungstenRod","Incense Burner","Thread and Needle","Mango","Turnip","Lee\u0027s Waffle"],"acts_visited":["Exordium","TheCity","TheBeyond","Exordium","TheCity","TheBeyond","Exordium","TheCity","TheBeyond","Exordium","TheCity"],"potions_floor_usage":[],"damage_taken":[{"damage":0,"enemies":"Small Slimes","floor":1,"turns":2},{"damage":4,"enemies":"Gremlin Nob","floor":6,"turns":6},{"damage":23,"enemies":"3 Sentries","floor":10,"turns":6},{"damage":0,"enemies":"Jaw Worm","floor":14,"turns":3},{"damage":9,"enemies":"The Guardian","floor":16,"turns":8},{"damage":18,"enemies":"Shell Parasite","floor":18,"turns":5},{"damage":14,"enemies":"Slavers","floor":21,"turns":5},{"damage":8,"enemies":"Book of Stabbing","floor":22,"turns":5},{"damage":15,"enemies":"Spheric Guardian","floor":29,"turns":4},{"damage":8,"enemies":"Chosen and Byrds","floor":30,"turns":4},{"damage":7,"enemies":"Champ","floor":33,"turns":8},{"damage":3,"enemies":"3 Shapes","floor":35,"turns":2},{"damage":1,"enemies":"Nemesis","floor":37,"turns":5},{"damage":13,"enemies":"Giant Head","floor":39,"turns":6},{"damage":15,"enemies":"Reptomancer","floor":45,"turns":4},{"damage":10,"enemies":"Giant Head","floor":48,"turns":6},{"damage":43,"enemies":"Awakened One","floor":50,"turns":6},{"damage":0,"enemies":"Small Slimes","floor":52,"turns":2},{"damage":0,"enemies":"Cultist","floor":54,"turns":3},{"damage":23,"enemies":"Jaw Worm","floor":55,"turns":2},{"damage":0,"enemies":"Looter","floor":56,"turns":2},{"damage":0,"enemies":"Slime Boss","floor":67,"turns":4},{"damage":7,"enemies":"2 Thieves","floor":69,"turns":2},{"damage":0,"enemies":"Spheric Guardian","floor":70,"turns":3},{"damage":11,"enemies":"Centurion and Healer","floor":71,"turns":4},{"damage":0,"enemies":"Chosen and Byrds","floor":72,"turns":4},{"damage":0,"enemies":"Cultist and Chosen","floor":73,"turns":3},{"damage":0,"enemies":"Snecko","floor":76,"turns":3},{"damage":0,"enemies":"Book of Stabbing","floor":77,"turns":4},{"damage":5,"enemies":"Automaton","floor":84,"turns":3},{"damage":0,"enemies":"Orb Walker","floor":86,"turns":2},{"damage":0,"enemies":"3 Darklings","floor":87,"turns":2},{"damage":0,"enemies":"Maw","floor":88,"turns":4},{"damage":1,"enemies":"Sphere and 2 Shapes","floor":90,"turns":2},{"damage":0,"enemies":"3 Darklings","floor":91,"turns":2},{"damage":25,"enemies":"Jaw Worm Horde","floor":93,"turns":2},{"damage":1,"enemies":"Reptomancer","floor":94,"turns":2},{"damage":0,"enemies":"Awakened One","floor":101,"turns":5},{"damage":16,"enemies":"2 Louse","floor":103,"turns":2},{"damage":0,"enemies":"Cultist","floor":106,"turns":2},{"damage":14,"enemies":"Jaw Worm","floor":107,"turns":2},{"damage":0,"enemies":"3 Sentries","floor":111,"turns":1},{"damage":0,"enemies":"3 Louse","floor":112,"turns":2},{"damage":0,"enemies":"Blue Slaver","floor":114,"turns":2},{"damage":0,"enemies":"Looter","floor":115,"turns":1},{"damage":0,"enemies":"2 Fungi Beasts","floor":116,"turns":1},{"damage":0,"enemies":"Hexaghost","floor":118,"turns":4},{"damage":22,"enemies":"Shell Parasite","floor":120,"turns":2},{"damage":0,"enemies":"Spheric Guardian","floor":121,"turns":1},{"damage":0,"enemies":"Snake Plant","floor":122,"turns":2},{"damage":0,"enemies":"Cultist and Chosen","floor":124,"turns":2},{"damage":0,"enemies":"Slavers","floor":125,"turns":1},{"damage":24,"enemies":"Gremlin Leader","floor":127,"turns":2},{"damage":0,"enemies":"Slavers","floor":128,"turns":1},{"damage":0,"enemies":"Shelled Parasite and Fungi","floor":132,"turns":1},{"damage":12,"enemies":"Champ","floor":135,"turns":4},{"damage":0,"enemies":"Orb Walker","floor":137,"turns":2},{"damage":35,"enemies":"3 Shapes","floor":138,"turns":2},{"damage":0,"enemies":"Spire Growth","floor":140,"turns":2},{"damage":0,"enemies":"3 Darklings","floor":141,"turns":1},{"damage":3,"enemies":"Giant Head","floor":142,"turns":3},{"damage":0,"enemies":"Reptomancer","floor":143,"turns":3},{"damage":0,"enemies":"Nemesis","floor":145,"turns":3},{"damage":39,"enemies":"Sphere and 2 Shapes","floor":147,"turns":2},{"damage":0,"enemies":"Maw","floor":150,"turns":3},{"damage":40,"enemies":"Awakened One","floor":152,"turns":3},{"damage":2,"enemies":"Jaw Worm","floor":154,"turns":2},{"damage":0,"enemies":"Small Slimes","floor":155,"turns":1},{"damage":0,"enemies":"Cultist","floor":156,"turns":2},{"damage":15,"enemies":"Exordium Thugs","floor":157,"turns":2},{"damage":22,"enemies":"3 Sentries","floor":161,"turns":2},{"damage":0,"enemies":"Gremlin Nob","floor":162,"turns":2},{"damage":0,"enemies":"3 Sentries","floor":164,"turns":2},{"damage":33,"enemies":"Blue Slaver","floor":165,"turns":2},{"damage":0,"enemies":"Gremlin Nob","floor":166,"turns":2},{"damage":0,"enemies":"Red Slaver","floor":167,"turns":1},{"damage":0,"enemies":"The Guardian","floor":169,"turns":5},{"damage":30,"enemies":"3 Byrds","floor":171,"turns":2},{"damage":0,"enemies":"Shell Parasite","floor":172,"turns":2},{"damage":0,"enemies":"Snake Plant","floor":173,"turns":1},{"damage":0,"enemies":"Centurion and Healer","floor":174,"turns":3},{"damage":41,"enemies":"Book of Stabbing","floor":176,"turns":2},{"damage":0,"enemies":"Slavers","floor":177,"turns":3},{"damage":0,"enemies":"Gremlin Leader","floor":179,"turns":4},{"damage":166,"enemies":"Book of Stabbing","floor":181,"turns":4}],"seed_played":"7550102162330084659","potions_obtained":[{"floor":6,"key":"LiquidMemories"},{"floor":10,"key":"Fire Potion"},{"floor":14,"key":"FairyPotion"},{"floor":18,"key":"Swift Potion"},{"floor":45,"key":"Dexterity Potion"},{"floor":48,"key":"BlessingOfTheForge"}],"is_trial":true,"path_per_floor":["M","?","?","?","?","E","R","R","T","E","$","R","R","M","R","B",null,"M","?","?","E","E","R","$","R","T","R","$","M","M","$","R","B",null,"M","?","E","$","E","R","R","R","T","R","E","$","$","E","R","B",null,"M","$","M","M","M","R","R","R","T","R","R","$","R","$","R","B",null,"M","M","M","M","M","R","R","M","E","R","$","R","$","$","R","B",null,"M","M","M","$","M","M","R","M","E","$","R","R","R","$","R","B",null,"M","$","$","M","M","R","R","$","E","M","R","M","M","M","R","B",null,"M","M","M","$","M","E","$","E","E","R","R","?","M","$","R","B",null,"M","M","$","M","M","E","E","$","E","R","M","$","R","M","R","B",null,"M","M","M","M","$","R","$","E","E","$","E","M","E","M","R","B",null,"M","M","M","M","$","E","E","R","E","$","E"],"character_chosen":"RUNESMITH_CLASS","items_purchased":["Runesmith:MiniCore","Runesmith:CraftIncendium","Runesmith:CraftMagma","Runesmith:ElementalConversion","Runesmith:CraftSpiculum","Runesmith:Permafrost","Runesmith:LithiumIon","Runesmith:ChaoticBlast","Runesmith:LithiumIon","Runesmith:Grindstone","Runesmith:FissionHammer","Runesmith:RuneHurl","Runesmith:Firestorm","Runesmith:Firestorm","Runesmith:PoweredAnvil","Runesmith:ElementalConversion","Runesmith:PoweredAnvil+1","Runesmith:LithiumIon+1","Bottled Lightning","Runesmith:LithiumIon+1","Runesmith:LithiumIon+1","Runesmith:LithiumIon+1","Runesmith:PoweredAnvil+1","MealTicket","Singing Bowl","Runesmith:CraftObretio","Runesmith:PoweredAnvil+1","Runesmith:Prism","Mercury Hourglass","Eternal Feather","Mango","Turnip","Lee\u0027s Waffle","Runesmith:LithiumIon+1"],"campfire_rested":17,"item_purchase_floors":[11,11,11,11,24,24,24,28,31,31,38,38,46,46,53,63,79,79,82,89,99,104,110,123,126,133,139,148,160,160,175,175,175,175],"current_hp_per_floor":[70,70,75,60,42,38,60,75,75,52,52,74,74,74,74,66,75,57,57,41,29,23,45,45,67,67,75,75,60,54,54,75,68,75,72,72,73,73,62,62,75,75,75,75,60,60,60,52,74,32,75,75,75,75,52,54,75,75,75,75,75,75,75,75,75,75,75,75,75,77,68,70,72,82,82,82,82,82,82,82,82,82,82,77,82,82,82,82,82,81,82,82,57,58,58,82,82,82,82,82,82,82,66,66,66,68,56,56,56,56,58,70,70,72,74,76,92,92,92,70,72,74,74,76,78,92,68,72,96,96,96,96,96,96,86,98,98,63,78,80,82,81,85,100,102,102,63,78,78,80,104,66,106,104,105,106,91,98,106,106,84,85,92,93,61,62,63,98,106,106,93,99,106,106,106,81,106,106,106,106,0,0],"gold":185,"neow_bonus":"","is_daily":false,"chose_seed":false,"campfire_upgraded":26,"win_rate":0.0,"timestamp":1610613821,"path_taken":["M","?","?","?","?","E","R","R","T","E","$","R","R","?","R","BOSS","M","?","?","?","?","R","$","R","T","R","$","M","?","$","R","BOSS","M","?","?","$","?","R","R","R","T","R","?","?","$","?","R","BOSS","M","$","M","M","M","R","R","R","T","R","R","$","R","$","R","BOSS","M","M","M","M","M","R","R","M","E","R","$","R","$","$","R","BOSS","M","M","M","$","M","M","R","M","E","$","R","R","R","$","R","BOSS","M","$","$","M","M","R","R","$","E","M","R","M","M","M","R","BOSS","M","M","M","$","M","E","$","E","E","R","R","?","M","$","R","BOSS","M","M","$","M","M","E","E","$","E","R","M","$","R","M","R","BOSS","M","M","M","M","$","R","$","E","E","$","E","M","E","M","R","BOSS","M","M","M","M","$","E","E","R","E","$","E"],"items_purchased_type":["Relic","Card","Card","Card","Card","Card","Card","Card","Card","Card","Card","Card","Card","Card","Card","Card","Card","Card","Relic","Card","Card","Card","Card","Relic","Relic","Card","Card","Card","Relic","Relic","Relic","Relic","Relic","Card"],"build_version":"2020-12-22","purchased_purges":16,"victory":false,"max_hp_per_floor":[70,70,75,75,75,75,75,75,75,75,75,75,75,75,75,75,75,75,75,75,75,75,75,75,75,75,75,75,75,75,75,75,75,75,75,75,75,75,75,75,75,75,75,75,75,75,75,75,75,75,75,75,75,75,75,75,75,75,75,75,75,75,75,75,75,75,75,75,82,82,82,82,82,82,82,82,82,82,82,82,82,82,82,82,82,82,82,82,82,82,82,82,82,82,82,82,82,82,82,82,82,82,82,82,82,82,82,82,82,82,82,92,92,92,92,92,92,92,92,92,92,92,92,92,92,92,92,94,96,96,96,96,96,96,98,98,98,98,98,98,98,98,100,100,102,102,102,102,102,102,104,106,106,106,106,106,106,106,106,106,106,106,106,106,106,106,106,106,106,106,106,106,106,106,106,106,106,106,106,106,106,106],"card_choices":[{"not_picked":["Runesmith:EnergizedChisel","Runesmith:MakeshiftArmor"],"picked":"Runesmith:LithiumIon","floor":6},{"not_picked":["Runesmith:CraftProtectio","Runesmith:UnstableHammer"],"picked":"Runesmith:EarthShield","floor":10},{"not_picked":["Runesmith:LastStand","Runesmith:DuctTape"],"picked":"Runesmith:UnlimitedPower","floor":16},{"not_picked":["Runesmith:Attraction","Runesmith:Grindstone+1"],"picked":"Runesmith:HeatExchange","floor":21},{"not_picked":["Runesmith:ShiftingStrike","Runesmith:HeatedChisel+1"],"picked":"Runesmith:CraftIncendium","floor":22},{"not_picked":["Runesmith:Electrocute","Runesmith:CraftProtectio+1"],"picked":"Runesmith:CraftMagma+1","floor":27},{"not_picked":["Runesmith:UnlimitedPower","Runesmith:ReplicatingBarrier"],"picked":"Runesmith:GenerateForcefield","floor":33},{"not_picked":["Runesmith:BackupBattery+1","Runesmith:Grindstone"],"picked":"Runesmith:RuneHurl+1","floor":37},{"not_picked":["Runesmith:WhiteBalance","Runesmith:UnstableHammer+1","Runesmith:ChiselStab+1"],"picked":"SKIP","floor":39},{"not_picked":["Runesmith:UnstableHammer","Runesmith:Empowerment+1","Runesmith:Electrocute+1"],"picked":"SKIP","floor":45},{"not_picked":["Runesmith:HeatedChisel","Runesmith:RuneHurl+1"],"picked":"Runesmith:PerfectChisel+1","floor":48},{"not_picked":["Runesmith:MakeshiftArmor","Runesmith:ReplicatingBarrier"],"picked":"Runesmith:Refine+1","floor":49},{"not_picked":["Runesmith:ArcReactor","Runesmith:CraftMedicinae"],"picked":"Runesmith:CreatorForm","floor":50},{"not_picked":["Runesmith:ArcReactor","Runesmith:FissionHammer"],"picked":"Runesmith:CraftPrismatica","floor":67},{"not_picked":["Runesmith:ShiftingStrike+1","Runesmith:CraftVitae"],"picked":"Runesmith:Attraction","floor":77},{"not_picked":["Runesmith:HammerThrow+1","Runesmith:DuctTape+1","Runesmith:Superposition"],"picked":"SKIP","floor":94},{"not_picked":["Runesmith:Firewall","Runesmith:HeatExchange"],"picked":"Runesmith:ElementalConversion+1","floor":96},{"not_picked":["Runesmith:CraftPrismatica","Runesmith:GoWithTheFlow","Runesmith:CraftMagma"],"picked":"SKIP","floor":111},{"not_picked":["Runesmith:MetallurgicalResearch","Runesmith:DuctTape+1"],"picked":"Runesmith:CreatorForm+1","floor":118},{"not_picked":["Runesmith:ChiselStab+1","Runesmith:CraftProtectio+1"],"picked":"Runesmith:Attraction","floor":125},{"not_picked":["Runesmith:HammerTime+1","Runesmith:EnergizedChisel+1"],"picked":"Runesmith:CraftObretio","floor":127},{"not_picked":["Runesmith:MakeshiftArmor+1","Runesmith:Grindstone","Runesmith:ShiftingStrike+1"],"picked":"Singing Bowl","floor":128},{"not_picked":["Runesmith:Malloc","Runesmith:GoWithTheFlow+1","Runesmith:ShiftingStrike+1"],"picked":"Singing Bowl","floor":129},{"not_picked":["Runesmith:UnlimitedPower+1","Runesmith:FissionHammer+1","Runesmith:DuctTape+1"],"picked":"Singing Bowl","floor":135},{"not_picked":["Runesmith:EarthShield+1","Runesmith:Malloc+1"],"picked":"Runesmith:PoweredAnvil+1","floor":142},{"not_picked":["Runesmith:NanitesCloud+1","Runesmith:CraftReservo+1","Runesmith:CraftMagma"],"picked":"Singing Bowl","floor":143},{"not_picked":["Runesmith:CraftMagma","Runesmith:HeatExchange+1","Runesmith:EarthShield+1"],"picked":"Singing Bowl","floor":145},{"not_picked":["Runesmith:MakeshiftArmor+1","Runesmith:Overpower+1","Runesmith:NegativeSpace"],"picked":"Singing Bowl","floor":151},{"not_picked":["Runesmith:FissionHammer+1","Runesmith:CreatorForm+1","Runesmith:Duplicate"],"picked":"Singing Bowl","floor":152},{"not_picked":["Runesmith:HeatExchange+1","Runesmith:Grindstone","Runesmith:CraftMagma"],"picked":"Singing Bowl","floor":159},{"not_picked":["Runesmith:Repurpose","Runesmith:ElementalConversion","Runesmith:HeatExchange+1"],"picked":"Singing Bowl","floor":161},{"not_picked":["Runesmith:UnlimitedPower+1","Runesmith:ShiftingStrike+1","Runesmith:Repurpose"],"picked":"Singing Bowl","floor":162},{"not_picked":["Runesmith:BackupBattery","Runesmith:FrozenChisel+1","Runesmith:StaticCage"],"picked":"Singing Bowl","floor":164},{"not_picked":["Runesmith:RunicBlueprint","Runesmith:PerfectChisel+1"],"picked":"Runesmith:CraftVitae","floor":166},{"not_picked":["Runesmith:HammerThrow+1","Runesmith:EarthShield","Runesmith:HeatedChisel+1"],"picked":"Singing Bowl","floor":168},{"not_picked":["Runesmith:GenerateForcefield","Runesmith:GrandSlam+1"],"picked":"Runesmith:CraftMedicinae","floor":169},{"not_picked":["Runesmith:ChaoticBlast+1","Runesmith:FrozenChisel+1","Runesmith:Terraform+1"],"picked":"Singing Bowl","floor":176},{"not_picked":["Runesmith:DuctTape+1","Runesmith:UnstableHammer+1","Runesmith:HammerThrow+1"],"picked":"Singing Bowl","floor":177},{"not_picked":["Runesmith:Grindstone+1","Runesmith:ShiftingStrike+1","Runesmith:ChargedHammer+1"],"picked":"Singing Bowl","floor":179}],"player_experience":93094,"relics_obtained":[{"floor":1,"key":"CeramicFish"},{"floor":6,"key":"Smiling Mask"},{"floor":9,"key":"The Courier"},{"floor":10,"key":"Gremlin Horn"},{"floor":14,"key":"Blood Vial"},{"floor":18,"key":"Runesmith:AutoHammer"},{"floor":20,"key":"Necronomicon"},{"floor":21,"key":"Akabeko"},{"floor":22,"key":"Boot"},{"floor":26,"key":"Dream Catcher"},{"floor":29,"key":"Bronze Scales"},{"floor":30,"key":"Unceasing Top"},{"floor":35,"key":"Blue Candle"},{"floor":37,"key":"Ancient Tea Set"},{"floor":39,"key":"Potion Belt"},{"floor":43,"key":"InkBottle"},{"floor":45,"key":"Ice Cream"},{"floor":48,"key":"Shuriken"},{"floor":52,"key":"Runesmith:EmergencyProvisions"},{"floor":54,"key":"Pen Nib"},{"floor":55,"key":"Centennial Puzzle"},{"floor":56,"key":"Runesmith:Nanobots"},{"floor":60,"key":"Oddly Smooth Stone"},{"floor":69,"key":"Strawberry"},{"floor":70,"key":"Frozen Egg 2"},{"floor":71,"key":"Bag of Preparation"},{"floor":72,"key":"Anchor"},{"floor":73,"key":"Bag of Marbles"},{"floor":76,"key":"MawBank"},{"floor":85,"key":"Omamori"},{"floor":85,"key":"Pantograph"},{"floor":85,"key":"Gambling Chip"},{"floor":86,"key":"Bottled Tornado"},{"floor":87,"key":"Calipers"},{"floor":88,"key":"Vajra"},{"floor":90,"key":"Matryoshka"},{"floor":91,"key":"Lantern"},{"floor":93,"key":"War Paint"},{"floor":103,"key":"Tiny Chest"},{"floor":106,"key":"Whetstone"},{"floor":107,"key":"PreservedInsect"},{"floor":112,"key":"Pear"},{"floor":114,"key":"HornCleat"},{"floor":115,"key":"Art of War"},{"floor":116,"key":"Girya"},{"floor":120,"key":"White Beast Statue"},{"floor":121,"key":"Molten Egg 2"},{"floor":122,"key":"CaptainsWheel"},{"floor":124,"key":"Toy Ornithopter"},{"floor":132,"key":"Orichalcum"},{"floor":137,"key":"Meat on the Bone"},{"floor":138,"key":"StrikeDummy"},{"floor":140,"key":"Bottled Flame"},{"floor":141,"key":"Darkstone Periapt"},{"floor":147,"key":"Du-Vu Doll"},{"floor":150,"key":"Pocketwatch"},{"floor":154,"key":"Regal Pillow"},{"floor":155,"key":"Nunchaku"},{"floor":156,"key":"Ornamental Fan"},{"floor":157,"key":"Happy Flower"},{"floor":165,"key":"Prayer Wheel"},{"floor":167,"key":"Old Coin"},{"floor":171,"key":"Bird Faced Urn"},{"floor":172,"key":"TungstenRod"},{"floor":173,"key":"Incense Burner"},{"floor":174,"key":"Thread and Needle"}],"event_choices":[{"damage_healed":0,"gold_gain":0,"player_choice":"Leave","damage_taken":0,"max_hp_gain":0,"max_hp_loss":0,"event_name":"The Cleric","floor":2,"gold_loss":0},{"damage_healed":0,"gold_gain":0,"player_choice":"Donut","damage_taken":0,"max_hp_gain":5,"max_hp_loss":0,"event_name":"Big Fish","floor":3,"gold_loss":0},{"damage_healed":0,"gold_gain":0,"player_choice":"Entered Light","damage_taken":15,"max_hp_gain":0,"max_hp_loss":0,"event_name":"Shining Light","floor":4,"gold_loss":0,"cards_upgraded":["Runesmith:CraftProtectio","Runesmith:Discharge"]},{"damage_healed":0,"gold_gain":0,"player_choice":"Take Damage","damage_taken":18,"relics_obtained":["Golden Idol"],"max_hp_gain":0,"max_hp_loss":0,"event_name":"Golden Idol","floor":5,"gold_loss":0},{"damage_healed":0,"gold_gain":0,"player_choice":"Obtained Relic","damage_taken":0,"relics_obtained":["Mummified Hand"],"max_hp_gain":0,"max_hp_loss":0,"event_name":"Addict","floor":19,"gold_loss":85},{"damage_healed":0,"gold_gain":0,"player_choice":"Obtained Book","damage_taken":16,"max_hp_gain":0,"max_hp_loss":0,"event_name":"Cursed Tome","floor":20,"gold_loss":0},{"damage_healed":0,"gold_gain":0,"player_choice":"2 cards matched","damage_taken":0,"max_hp_gain":0,"max_hp_loss":0,"event_name":"Match and Keep!","floor":36,"gold_loss":0,"cards_obtained":["Runesmith:CraftMagma","Runesmith:MetallurgicalResearch"]},{"damage_healed":0,"gold_gain":0,"player_choice":"2 cards matched","damage_taken":0,"max_hp_gain":0,"max_hp_loss":0,"event_name":"Match and Keep!","floor":36,"gold_loss":0,"cards_obtained":["Runesmith:CraftMagma","Runesmith:MetallurgicalResearch"]},{"damage_healed":0,"gold_gain":0,"player_choice":"Bought 0 Potions","damage_taken":0,"max_hp_gain":0,"max_hp_loss":0,"event_name":"The Woman in Blue","floor":131,"gold_loss":0}],"is_beta":false,"boss_relics":[{"not_picked":["Philosopher\u0027s Stone","Cursed Key"],"picked":"Runic Pyramid"},{"not_picked":["Fusion Hammer","Busted Crown","Runesmith:CoreCrystal"]},{"not_picked":["Snecko Eye","Empty Cage"],"picked":"SlaversCollar"},{"not_picked":["Black Star","Empty Cage"],"picked":"Runesmith:PocketReactor"},{"not_picked":["Philosopher\u0027s Stone","Snecko Eye"],"picked":"Calling Bell"},{"not_picked":["Fusion Hammer","Velvet Choker"],"picked":"SacredBark"},{"not_picked":["Runic Dome","Velvet Choker"],"picked":"Sozu"},{"not_picked":["Tiny House","Black Star","Runesmith:CoreCrystal"]},{"not_picked":["Empty Cage","Coffee Dripper"],"picked":"Philosopher\u0027s Stone"},{"not_picked":["Tiny House","Fusion Hammer"],"picked":"Empty Cage"}],"items_purged_floors":[24,38,53,63,65,79,81,89,95,99,104,105,123,126,133,139],"is_endless":true,"potions_floor_spawned":[6,10,14,18,21,29,45,48,54,56,70,71,84,91,93,106,112,115,118,121,122,124,125,127,128,132,135,137,138,140,141,142,143,145,147,150,152,154,155,156,157,161,162,164,165,166,167,169,171,172,173,174,176,177,179],"killed_by":"Book of Stabbing","ascension_level":0}}