{"host":"khkox7sggahain0a","time":1610614441,"event":{"mods":["Act Like it!","Arknights The Spire","BaseMod","Downfall","Gensokyo","Lobotomy","LobotomyExtend","Marisa£®ÏF”Í°°ƒß¿Ì…≥£©","Minty Spire (QoL Compilation)","Quick Restart","StSLib","The Animator","Waifu the Spire"],"gold_per_floor":[113,63,81,81,92,92,14,33,33,67,84,84,102,134,134,134,134],"floor_reached":16,"language":"ZHS","playtime":568,"items_purged":[],"score":137,"play_id":"dc5ed803-1677-4c4a-b23c-801b6f5f93bd","local_time":"20210114165401","is_ascension_mode":false,"campfire_choices":[{"floor":6.0,"key":"RECALL"},{"data":"ats:Composite Medical Shells","floor":15.0,"key":"SMITH"}],"circlet_count":0,"master_deck":["ats:Strike C","ats:Strike S","ats:Armor Crushing Shot","ats:Defend","ats:Defend","ats:Defend","ats:Defend","ats:Emotion Absorption","OldLady","ats:Apocalypse+1","ats:Powerful Strike","ats:Composite Medical Shells+1","OSAHOGD","ats:Poison Spread","MeatLantern","ats:Flexible Camouflage","PunishingBird","ats:Poison Spread"],"relics":["ats:Sanity","CogitoBucket","LetterFromLob","Strawberry","ats:Originium","Question Card","AspirationHeart","Darkstone Periapt"],"acts_visited":["Exordium"],"potions_floor_usage":[16],"damage_taken":[{"damage":2.0,"enemies":"Small Slimes","floor":1.0,"turns":4.0},{"damage":9.0,"enemies":"2 Louse","floor":3.0,"turns":3.0},{"damage":0.0,"enemies":"Cultist","floor":5.0,"turns":3.0},{"damage":15.0,"enemies":"2 Fungi Beasts","floor":8.0,"turns":4.0},{"damage":52.0,"enemies":"3 Sentries","floor":10.0,"turns":10.0},{"damage":29.0,"enemies":"Large Slime","floor":11.0,"turns":4.0},{"damage":5.0,"enemies":"3 Louse","floor":13.0,"turns":3.0},{"damage":10.0,"enemies":"Gremlin Nob","floor":14.0,"turns":4.0},{"damage":18,"enemies":"The Guardian","floor":16,"turns":2}],"seed_played":"4285085628544805809","potions_obtained":[{"floor":10.0,"key":"FearPotion"},{"floor":13.0,"key":"FearPotion"}],"is_trial":false,"path_per_floor":["M","?","M","?","M","R","$","M","T","E","M","?","M","E","R","B"],"character_chosen":"DOCTOR_CLASS","items_purchased":["ats:Composite Medical Shells"],"campfire_rested":0,"item_purchase_floors":[7],"current_hp_per_floor":[70,70,63,63,68,68,68,62,69,32,23,16,16,6,6,0,0],"gold":134,"neow_bonus":"","is_daily":false,"chose_seed":false,"campfire_upgraded":1,"win_rate":0.0,"timestamp":1610614441,"path_taken":["M","?","M","?","M","R","$","M","T","E","M","?","M","E","R","BOSS"],"items_purchased_type":["Card"],"build_version":"2020-12-22","purchased_purges":0,"victory":false,"max_hp_per_floor":[72,72,72,72,72,72,72,72,79,79,89,89,89,89,89,89,89],"card_choices":[{"not_picked":["OldLady","OSAHOGD","Freischutz"],"picked":"Singing Bowl","floor":1.0},{"not_picked":["LongBird","ShyLook"],"picked":"OldLady","floor":1.0},{"not_picked":["ats:Powerful Strike","ats:Childhood Dance"],"picked":"ats:Apocalypse","floor":1.0},{"not_picked":["UniverseFragment","SnowQueen","FairyFestival"],"picked":"Singing Bowl","floor":3.0},{"not_picked":["ats:Ignite","ats:Consecutive Shot Auto"],"picked":"ats:Powerful Strike","floor":3.0},{"not_picked":["BeautyBeast","SpiderBud","CrumblingArmor"],"picked":"Singing Bowl","floor":5.0},{"not_picked":["ats:Ignite","ats:Childhood Dance","ats:LN2 Cannon"],"picked":"SKIP","floor":5.0},{"not_picked":["HappyTeddy","Bloodbath","VoidDream"],"picked":"Singing Bowl","floor":8.0},{"not_picked":["UniverseFragment","WallGazer"],"picked":"OSAHOGD","floor":8.0},{"not_picked":["ats:Consecutive Shot Auto","ats:Cat Scratch"],"picked":"ats:Poison Spread","floor":8.0},{"not_picked":["UniverseFragment","Yin","GalaxyChild"],"picked":"Singing Bowl","floor":10.0},{"not_picked":["ats:Hammer On","ats:Ignite","ats:Sunburst"],"picked":"SKIP","floor":10.0},{"not_picked":["Murderer","UniverseFragment","Wellcheers"],"picked":"Singing Bowl","floor":11.0},{"not_picked":["ats:Childhood Dance","ats:Leaping Hammer","ats:Magnetic Hammer","ats:LN2 Cannon"],"picked":"SKIP","floor":11.0},{"not_picked":["SingingMachine","Rudolta"],"picked":"MeatLantern","floor":13.0},{"not_picked":["ats:Flame Of Heaven","ats:Defend Order","ats:Leaping Hammer"],"picked":"ats:Flexible Camouflage","floor":13.0},{"not_picked":["ShyLook","HappyTeddy","NakedNest"],"picked":"Singing Bowl","floor":14.0},{"not_picked":["WallGazer","FairyFestival"],"picked":"PunishingBird","floor":14.0},{"not_picked":["ats:Encircling Forest","ats:Consecutive Shot Auto","ats:Shell Defense"],"picked":"ats:Poison Spread","floor":14.0}],"player_experience":297382,"relics_obtained":[{"floor":1.0,"key":"LetterFromLob"},{"floor":9.0,"key":"Strawberry"},{"floor":10.0,"key":"ats:Originium"},{"floor":10.0,"key":"Question Card"},{"floor":14.0,"key":"ats:Originium"},{"floor":14.0,"key":"Darkstone Periapt"}],"event_choices":[{"cards_removed":["ats:Strike V"],"damage_healed":0.0,"max_hp_gain":0.0,"max_hp_loss":0.0,"gold_gain":0.0,"event_name":"The Cleric","player_choice":"Card Removal","floor":2.0,"gold_loss":50.0,"damage_taken":0.0},{"damage_healed":0.0,"max_hp_gain":0.0,"max_hp_loss":0.0,"gold_gain":0.0,"event_name":"Upgrade Shrine","player_choice":"Upgraded","floor":4.0,"gold_loss":0.0,"damage_taken":0.0,"cards_upgraded":["ats:Apocalypse"]},{"cards_removed":["ats:Strike G"],"damage_healed":0.0,"max_hp_gain":0.0,"max_hp_loss":0.0,"gold_gain":0.0,"event_name":"Golden Wing","player_choice":"Card Removal","floor":12.0,"gold_loss":0.0,"damage_taken":7.0}],"is_beta":false,"boss_relics":[],"items_purged_floors":[],"is_endless":false,"potions_floor_spawned":[10,13],"killed_by":"The Guardian","ascension_level":0}}