{"host":"22s5scuj7mu87reg","time":1610658011,"event":{"mods":["BaseMod","Colored Powertips","Dota2Spire","Downfall","Duelist Mod","GungeonMod","Halation","Hubris","Infinite Spire","Koishi","KomeijiMod","Minty Spire (QoL Compilation)","Replay The Spire","StSLib","SuperFastMode","The Jungle","The Mystic","The Necromancer","Wandering Minibosses"],"gold_per_floor":[118,118,118,3,13,13,27,58,58,150,184,184,198,215,215,310,310,321,321,366,377,189,221,221,247,247,247,162,162,201,214,214,214,214],"floor_reached":33,"language":"POL","playtime":1214,"items_purged":[],"score":318,"play_id":"fded5720-46ff-48e9-8f58-cf50cf9d04a3","local_time":"20210114220011","daily_mods":["Heirloom","Green Cards","Elite Swarm"],"is_ascension_mode":false,"campfire_choices":[{"data":"DemoMod:PotionOfGunFriendShip","floor":6,"key":"SMITH"},{"floor":15,"key":"REST"},{"floor":24,"key":"REST"},{"data":"DemoMod:FullFirepower","floor":27,"key":"SMITH"},{"floor":29,"key":"REST"},{"data":"DemoMod:FullFirepower","floor":32,"key":"SMITH"}],"circlet_count":0,"master_deck":["DemoMod:Strike_Huntress","DemoMod:Strike_Huntress","DemoMod:Strike_Huntress","DemoMod:Defend_Huntress","DemoMod:Defend_Huntress","DemoMod:Defend_Huntress","DemoMod:Defend_Huntress","DemoMod:Roll","DemoMod:ManualReload","DemoMod:RustySidearm","DemoMod:CrossBow","DemoMod:PotionOfGunFriendShip+1","DemoMod:DarkMarker","DemoMod:DarkMarker","DemoMod:ShadowBullets","hubris:NaturalOne","DemoMod:FullFirepower+1","DemoMod:DarkMarker","DemoMod:DoubleSwitch","DemoMod:FullFirepower+1","DemoMod:SniperShot+1","DemoMod:FinishedGun","DemoMod:FinishedGun"],"relics":["DemoMod:Dog","hubris:64BitClover","ThirstyCross","hubris:Icosahedron","Dota2Spire:UrnOfShadows","Dota2Spire:EtherealBlade","halation:TwoAmDonut","Tiny Chest","Gremlin Horn","Dota2Spire:Bloodstone","Sundial","DemoMod:Ammonomicon","PreservedInsect","Bird Faced Urn","hubris:Reverence","hubris:MedicalManual","Quantum Egg"],"acts_visited":["Exordium","TheCity"],"potions_floor_usage":[13,16,33,33,33],"damage_taken":[{"damage":0,"enemies":"2 Louse","floor":1,"turns":3},{"damage":1,"enemies":"Jaw Worm","floor":5,"turns":2},{"damage":0,"enemies":"Small Slimes","floor":7,"turns":2},{"damage":13,"enemies":"3 Sentries","floor":8,"turns":7},{"damage":23,"enemies":"Lagavulin","floor":11,"turns":4},{"damage":6,"enemies":"2 Fungi Beasts","floor":13,"turns":2},{"damage":5,"enemies":"Large Slime","floor":14,"turns":3},{"damage":42,"enemies":"The Guardian","floor":16,"turns":11},{"damage":18,"enemies":"2 Thieves","floor":18,"turns":2},{"damage":0,"enemies":"Shell Parasite","floor":21,"turns":4},{"damage":16,"enemies":"Slavers","floor":23,"turns":4},{"damage":22,"enemies":"Chosen and Byrds","floor":25,"turns":4},{"damage":0,"enemies":"Gremlin Leader","floor":30,"turns":3},{"damage":18,"enemies":"Cultist and Chosen","floor":31,"turns":2},{"damage":67,"enemies":"Champ","floor":33,"turns":3}],"seed_played":"971934226955378133","potions_obtained":[{"floor":5,"key":"Adrenaline Potion"},{"floor":11,"key":"Regen Potion"},{"floor":16,"key":"AttackPotion"},{"floor":23,"key":"Explosive Potion"},{"floor":30,"key":"Adrenaline Potion"}],"is_trial":true,"path_per_floor":["M","?","?","$","M","R","M","E","T","?","E","?","M","M","R","B",null,"M","?","T","M","?","E","R","M","T","R","?","R","E","M","R","B"],"character_chosen":"HUNTRESS","items_purchased":["DemoMod:DarkMarker"],"campfire_rested":3,"item_purchase_floors":[4],"current_hp_per_floor":[70,70,70,70,69,69,69,56,56,39,16,16,10,11,32,2,70,52,52,52,52,52,36,57,39,39,39,39,60,70,54,54,0,0],"gold":214,"neow_bonus":"","is_daily":false,"chose_seed":true,"campfire_upgraded":3,"win_rate":0.0,"timestamp":1610658011,"path_taken":["M","?","?","?","M","R","M","E","T","?","E","?","M","?","R","BOSS","M","?","?","M","?","E","R","M","T","R","?","R","E","M","R","BOSS"],"items_purchased_type":["Card"],"build_version":"2020-12-13","purchased_purges":0,"victory":false,"max_hp_per_floor":[70,70,70,70,70,70,70,70,70,70,70,70,70,70,70,70,70,70,70,70,70,70,70,70,70,70,70,70,70,70,70,70,70,70],"card_choices":[{"not_picked":["DemoMod:GunstockTap","DemoMod:SAA"],"picked":"DemoMod:PotionOfGunFriendShip","floor":1},{"not_picked":["DemoMod:TeaPot","DemoMod:ProbeStrike","DemoMod:ZorGun"],"picked":"SKIP","floor":5},{"not_picked":["DemoMod:ZorGun","DemoMod:Ejector"],"picked":"DemoMod:ShadowBullets","floor":7},{"not_picked":["DemoMod:BalloonGun","DemoMod:Elimentaler"],"picked":"DemoMod:FullFirepower","floor":8},{"not_picked":["DemoMod:Elimentaler","DemoMod:BSG"],"picked":"DemoMod:DarkMarker","floor":11},{"not_picked":["DemoMod:Camera","DemoMod:SAA","DemoMod:DirectionalPad"],"picked":"SKIP","floor":13},{"not_picked":["DemoMod:DirectionalPad","DemoMod:AC15"],"picked":"DemoMod:DoubleSwitch","floor":14},{"not_picked":["DemoMod:GunslingerForm","DemoMod:SuppressiveFire"],"picked":"DemoMod:FullFirepower","floor":16},{"not_picked":["DemoMod:StickyCrossBow","DemoMod:ZorGun"],"picked":"DemoMod:SniperShot+1","floor":18},{"not_picked":["DemoMod:SniperShot","DemoMod:BoxingGlove+1","DemoMod:CursedBullets+1"],"picked":"SKIP","floor":21},{"not_picked":["DemoMod:DoubleVision","DemoMod:GunslingerForm"],"picked":"DemoMod:FinishedGun","floor":23},{"not_picked":["DemoMod:FortunesFavor","DemoMod:SAA+1","DemoMod:Unmoved"],"picked":"SKIP","floor":25},{"not_picked":["DemoMod:BalloonGun","DemoMod:BSG"],"picked":"DemoMod:FinishedGun","floor":30},{"not_picked":["DemoMod:Purify","DemoMod:ConditionalReflex","DemoMod:HardPowerCard"],"picked":"SKIP","floor":31}],"player_experience":137557,"relics_obtained":[{"floor":7,"key":"Dota2Spire:UrnOfShadows"},{"floor":8,"key":"Dota2Spire:EtherealBlade"},{"floor":9,"key":"halation:TwoAmDonut"},{"floor":10,"key":"Tiny Chest"},{"floor":11,"key":"Gremlin Horn"},{"floor":18,"key":"Sundial"},{"floor":20,"key":"PreservedInsect"},{"floor":23,"key":"Bird Faced Urn"},{"floor":26,"key":"hubris:Reverence"},{"floor":30,"key":"Quantum Egg"}],"event_choices":[{"damage_healed":0,"gold_gain":0,"player_choice":"Ignored","damage_taken":0,"max_hp_gain":0,"max_hp_loss":0,"event_name":"NoteForYourself","floor":12,"gold_loss":0},{"damage_healed":0,"gold_gain":0,"player_choice":"Obtained Relic","damage_taken":0,"relics_obtained":["hubris:MedicalManual"],"max_hp_gain":0,"max_hp_loss":0,"event_name":"Addict","floor":28,"gold_loss":85}],"is_beta":false,"boss_relics":[{"not_picked":["Philosopher\u0027s Stone","SacredBark"],"picked":"Dota2Spire:Bloodstone"}],"items_purged_floors":[],"is_endless":false,"potions_floor_spawned":[5,11,16,23,30],"killed_by":"Champ","ascension_level":0}}