{"host":"omsykib0woddca32","time":1610601371,"event":{"mods":["BaseMod","Colored Powertips","Lobotomy","Minty Spire (QoL Compilation)","Random Character Button","Shop Mod","StSLib"],"gold_per_floor":[116,129,141,157,157,192,192,209,209,209,243,243,257,271,271,376,376,394,413,429,429,203,237,249,249,295,45,64,64,64,64],"floor_reached":30,"language":"ZHS","playtime":1167,"items_purged":["Defend_P","Defend_P"],"score":289,"play_id":"09291d0d-10b6-4328-a171-fdc7b4889398","local_time":"20210114131611","is_ascension_mode":false,"campfire_choices":[{"data":"Eruption","floor":7.0,"key":"SMITH"},{"data":"Adaptation","floor":10.0,"key":"SMITH"},{"data":"Evaluate","floor":15.0,"key":"SMITH"},{"data":"Blasphemy","floor":25.0,"key":"SMITH"}],"circlet_count":0,"master_deck":["Strike_P","Strike_P","Strike_P","Strike_P","Defend_P","Eruption+1","Vigilance","FearNoEvil","Scorched","Adaptation+1","Evaluate+1","Wellcheers","ClearTheMind+1","Alriune","LaLuna","Scrawl","EmptyMind+1","BodiesMountain","Blasphemy+1","BlackSwan","Skim+1","Decay"],"relics":["PureWater","CogitoBucket","Bag of Preparation","Damaru","Runic Dome","InkBottle","Nunchaku","Strawberry","Juzu Bracelet","PrismaticShard"],"acts_visited":["Exordium","TheCity"],"potions_floor_usage":[],"damage_taken":[{"damage":0.0,"enemies":"Small Slimes","floor":1.0,"turns":3.0},{"damage":2.0,"enemies":"2 Louse","floor":2.0,"turns":4.0},{"damage":0.0,"enemies":"Cultist","floor":3.0,"turns":2.0},{"damage":6.0,"enemies":"Red Slaver","floor":4.0,"turns":4.0},{"damage":1.0,"enemies":"3 Sentries","floor":6.0,"turns":2.0},{"damage":0.0,"enemies":"Gremlin Gang","floor":8.0,"turns":1.0},{"damage":0.0,"enemies":"Gremlin Nob","floor":11.0,"turns":2.0},{"damage":0.0,"enemies":"Lots of Slimes","floor":13.0,"turns":2.0},{"damage":7.0,"enemies":"Blue Slaver","floor":14.0,"turns":4.0},{"damage":6.0,"enemies":"Slime Boss","floor":16.0,"turns":4.0},{"damage":0.0,"enemies":"Chosen","floor":18.0,"turns":3.0},{"damage":0.0,"enemies":"Shell Parasite","floor":19.0,"turns":2.0},{"damage":28.0,"enemies":"Snake Plant","floor":20.0,"turns":4.0},{"damage":28.0,"enemies":"Book of Stabbing","floor":23.0,"turns":4.0},{"damage":7.0,"enemies":"Shelled Parasite and Fungi","floor":24.0,"turns":2.0},{"damage":28.0,"enemies":"Centurion and Healer","floor":28.0,"turns":4.0},{"damage":27,"enemies":"Sentry and Sphere","floor":30,"turns":1}],"seed_played":"8763101006078906355","potions_obtained":[{"floor":3.0,"key":"Weak Potion"},{"floor":4.0,"key":"SkillPotion"},{"floor":8.0,"key":"FairyPotion"},{"floor":11.0,"key":"BottledMiracle"},{"floor":23.0,"key":"SpeedPotion"},{"floor":24.0,"key":"Ancient Potion"}],"is_trial":false,"path_per_floor":["M","M","M","M","?","E","R","M","T","R","E","?","M","M","R","B",null,"M","M","M","?","$","E","M","R","T","$","M","?","M"],"character_chosen":"WATCHER","items_purchased":["Nunchaku","PrismaticShard"],"campfire_rested":0,"item_purchase_floors":[22,27],"current_hp_per_floor":[72,70,70,64,64,63,63,63,63,63,63,63,63,59,59,53,72,72,72,44,44,44,23,23,23,23,23,2,2,0,0],"gold":64,"neow_bonus":"","is_daily":false,"chose_seed":false,"campfire_upgraded":4,"win_rate":0.0,"timestamp":1610601371,"path_taken":["M","M","M","M","?","E","R","M","T","R","E","?","M","M","R","BOSS","M","M","M","?","$","E","?","R","T","?","M","?","M"],"items_purchased_type":["Relic","Relic"],"build_version":"2020-12-22","purchased_purges":2,"victory":false,"max_hp_per_floor":[72,72,72,72,72,72,72,72,72,72,72,72,72,72,72,72,72,72,72,72,72,72,79,79,79,79,79,79,79,79,79],"card_choices":[{"not_picked":["Weave","EmptyBody"],"picked":"FearNoEvil","floor":1.0},{"not_picked":["OSAHOGD","CrumblingArmor"],"picked":"Scorched","floor":2.0},{"not_picked":["Protect","SandsOfTime"],"picked":"Adaptation","floor":2.0},{"not_picked":["Halt","Sanctity"],"picked":"Evaluate","floor":3.0},{"not_picked":["Consecrate","CrushJoints","EmptyFist"],"picked":"SKIP","floor":4.0},{"not_picked":["PathToVictory","Pray","BowlingBash"],"picked":"SKIP","floor":6.0},{"not_picked":["FairyFestival","SpiderBud"],"picked":"Wellcheers","floor":8.0},{"not_picked":["Weave","DeusExMachina"],"picked":"ClearTheMind","floor":8.0},{"not_picked":["Mercenary","Scarecrow"],"picked":"Alriune","floor":11.0},{"not_picked":["EmptyFist","ClearTheMind","Halt"],"picked":"SKIP","floor":11.0},{"not_picked":["BowlingBash","Collect","Halt"],"picked":"SKIP","floor":13.0},{"not_picked":["FlurryOfBlows","SashWhip","DeceiveReality"],"picked":"SKIP","floor":14.0},{"not_picked":["MeatLantern","Woodsman"],"picked":"LaLuna","floor":16.0},{"not_picked":["Ragnarok","DeusExMachina"],"picked":"Scrawl","floor":16.0},{"not_picked":["Consecrate","Weave"],"picked":"EmptyMind+1","floor":18.0},{"not_picked":["Vengeance","Evaluate","EmptyFist"],"picked":"SKIP","floor":19.0},{"not_picked":["JustLucky+1","BowlingBash+1","Consecrate"],"picked":"SKIP","floor":20.0},{"not_picked":["GreedKing","PunishingBird"],"picked":"BodiesMountain","floor":23.0},{"not_picked":["FlyingSleeves","Halt","WindmillStrike"],"picked":"SKIP","floor":23.0},{"not_picked":["FlyingSleeves","Halt","WindmillStrike"],"picked":"SKIP","floor":23.0},{"not_picked":["Study","FearNoEvil"],"picked":"Blasphemy","floor":24.0},{"not_picked":["Woodsman","NakedNest"],"picked":"BlackSwan","floor":28.0},{"not_picked":["FlyingSleeves","Auto Shields+1"],"picked":"Skim+1","floor":28.0}],"player_experience":80851,"relics_obtained":[{"floor":6.0,"key":"Bag of Preparation"},{"floor":11.0,"key":"Damaru"},{"floor":23.0,"key":"Strawberry"},{"floor":26.0,"key":"Juzu Bracelet"}],"event_choices":[{"cards_removed":["Defend_P"],"damage_healed":0.0,"max_hp_gain":0.0,"max_hp_loss":0.0,"gold_gain":0.0,"event_name":"Living Wall","player_choice":"Forget","floor":5.0,"gold_loss":0.0,"damage_taken":0.0},{"damage_healed":0.0,"max_hp_gain":0.0,"max_hp_loss":0.0,"gold_gain":0.0,"event_name":"Accursed Blacksmith","player_choice":"Forge","floor":12.0,"gold_loss":0.0,"damage_taken":0.0,"cards_upgraded":["ClearTheMind"]},{"damage_healed":0.0,"max_hp_gain":0.0,"max_hp_loss":0.0,"gold_gain":0.0,"event_name":"WeMeetAgain","player_choice":"Gave Potion","floor":21.0,"gold_loss":0.0,"damage_taken":0.0,"relics_obtained":["InkBottle"]},{"damage_healed":0,"gold_gain":0,"player_choice":"Smashed Altar","damage_taken":0,"max_hp_gain":0,"max_hp_loss":0,"event_name":"Forgotten Altar","floor":29,"gold_loss":0,"cards_obtained":["Decay"]}],"is_beta":false,"boss_relics":[{"not_picked":["SacredBark","Empty Cage"],"picked":"Runic Dome"}],"items_purged_floors":[22,27],"is_endless":false,"potions_floor_spawned":[3,4,8,11,13,19,23,24],"killed_by":"Sentry and Sphere","ascension_level":0}}