{"host":"Qube","time":1610588555,"event":{"mods":["AchievementEnabler","BaseMod","Colored Map","Colored Powertips","Minty Spire (QoL Compilation)","Quick Restart","Random Character Button","StSLib"],"gold_per_floor":[111,123,138,154,154,154,186,186,213,213,213,227,8,23,23,116,116,91,91,16,16,32,32,32,32],"floor_reached":24,"language":"ENG","playtime":1044,"items_purged":["Strike_B"],"score":392,"play_id":"fe2c848a-07c3-4cdb-90a5-6e50152341a7","local_time":"20210113174235","is_ascension_mode":true,"campfire_choices":[{"floor":6.0,"key":"REST"},{"data":"Zap","floor":8.0,"key":"SMITH"},{"data":"Dualcast","floor":10.0,"key":"SMITH"},{"data":"Defragment","floor":15.0,"key":"SMITH"},{"data":"Machine Learning","floor":23,"key":"SMITH"}],"circlet_count":0,"master_deck":["AscendersBane","Strike_B+1","Defend_B","Zap+1","Dualcast+1","Force Field","Static Discharge","Conserve Battery","Capacitor","Rebound+1","Leap","Reinforced Body","Injury","Rebound","Defragment+1","Coolheaded","Coolheaded","Machine Learning+1","Heatsinks","Compile Driver+1"],"relics":["Cracked Core","Bag of Marbles","Whetstone","Golden Idol","Nuclear Battery"],"acts_visited":["Exordium","TheCity"],"potions_floor_usage":[16,16,24,24],"damage_taken":[{"damage":8.0,"enemies":"Small Slimes","floor":1.0,"turns":3.0},{"damage":2.0,"enemies":"Jaw Worm","floor":2.0,"turns":3.0},{"damage":0.0,"enemies":"2 Louse","floor":3.0,"turns":4.0},{"damage":24.0,"enemies":"Large Slime","floor":4.0,"turns":7.0},{"damage":19.0,"enemies":"Lagavulin","floor":7.0,"turns":8.0},{"damage":1.0,"enemies":"Exordium Wildlife","floor":12.0,"turns":3.0},{"damage":2.0,"enemies":"2 Fungi Beasts","floor":14.0,"turns":4.0},{"damage":2,"enemies":"Hexaghost","floor":16,"turns":11},{"damage":6,"enemies":"2 Thieves","floor":18,"turns":5},{"damage":1,"enemies":"Shell Parasite","floor":22,"turns":9},{"damage":50,"enemies":"Slavers","floor":24,"turns":4}],"seed_played":"-6526032430841976898","potions_obtained":[{"floor":12.0,"key":"Block Potion"},{"floor":14.0,"key":"Fire Potion"},{"floor":16,"key":"Dexterity Potion"},{"floor":18,"key":"EssenceOfSteel"}],"is_trial":false,"path_per_floor":["M","M","M","M","?","R","E","R","T","R","?","M","$","M","R","B",null,"M","?","?","?","M","R","E"],"character_chosen":"DEFECT","items_purchased":["Defragment","Coolheaded"],"campfire_rested":1,"item_purchase_floors":[13,13],"current_hp_per_floor":[56,54,54,30,23,42,23,23,23,23,23,22,22,20,20,18,53,47,47,47,47,46,46,0,0],"gold":32,"neow_bonus":"TRANSFORM_TWO_CARDS","is_daily":false,"chose_seed":false,"campfire_upgraded":4,"win_rate":0.0,"timestamp":1610588555,"path_taken":["M","M","M","M","?","R","E","R","T","R","?","M","$","M","R","BOSS","M","?","?","?","?","R","E"],"items_purchased_type":["Card","Card"],"build_version":"2020-12-18","purchased_purges":1,"victory":false,"max_hp_per_floor":[64,64,64,64,64,64,64,64,64,64,64,64,64,64,64,64,64,64,64,64,64,64,64,64,64],"card_choices":[{"not_picked":["Barrage","Gash"],"picked":"Conserve Battery","floor":1.0},{"not_picked":["Rip and Tear","Streamline"],"picked":"Capacitor","floor":2.0},{"not_picked":["Double Energy","Aggregate"],"picked":"Rebound","floor":3.0},{"not_picked":["Steam","Hologram"],"picked":"Leap","floor":4.0},{"not_picked":["Steam Power","Beam Cell"],"picked":"Reinforced Body","floor":7.0},{"not_picked":["Conserve Battery","Gash"],"picked":"Rebound","floor":12.0},{"not_picked":["Rebound","Streamline"],"picked":"Coolheaded","floor":14.0},{"not_picked":["Multi-Cast","Seek"],"picked":"Machine Learning","floor":16},{"not_picked":["Reprogram","Sunder","Fusion"],"picked":"SKIP","floor":18},{"not_picked":["Turbo","Aggregate+1"],"picked":"Compile Driver+1","floor":22}],"player_experience":891861,"relics_obtained":[{"floor":7.0,"key":"Bag of Marbles"},{"floor":9.0,"key":"Whetstone"}],"event_choices":[{"cards_removed":["Defend_B"],"damage_healed":0.0,"max_hp_gain":0.0,"max_hp_loss":0.0,"gold_gain":0.0,"event_name":"Golden Wing","player_choice":"Card Removal","floor":5.0,"gold_loss":0.0,"damage_taken":7.0},{"damage_healed":0.0,"max_hp_gain":0.0,"max_hp_loss":0.0,"gold_gain":0.0,"event_name":"Golden Idol","player_choice":"Take Wound","floor":11.0,"gold_loss":0.0,"damage_taken":0.0,"relics_obtained":["Golden Idol"],"cards_obtained":["Injury"]},{"damage_healed":0,"gold_gain":0,"player_choice":"Read","damage_taken":0,"max_hp_gain":0,"max_hp_loss":0,"event_name":"The Library","floor":19,"gold_loss":0,"cards_obtained":["Heatsinks"]},{"cards_removed":["Defend_B"],"damage_healed":0,"gold_gain":0,"player_choice":"Gave Gold","damage_taken":0,"max_hp_gain":0,"max_hp_loss":0,"event_name":"Beggar","floor":20,"gold_loss":75},{"cards_removed":["Strike_B"],"damage_healed":0,"gold_gain":0,"player_choice":"Elegance","damage_taken":0,"max_hp_gain":0,"max_hp_loss":0,"event_name":"Back to Basics","floor":21,"gold_loss":0}],"is_beta":true,"boss_relics":[{"not_picked":["Empty Cage","SacredBark"],"picked":"Nuclear Battery"}],"items_purged_floors":[13],"is_endless":false,"potions_floor_spawned":[12,14,16,18],"killed_by":"Slavers","ascension_level":20}}