{"host":"19t2eyow02s954g8","time":1610607571,"event":{"mods":["BaseMod","Colored Map","DeckTracker","Minty Spire (QoL Compilation)","StSLib","SuperFastMode"],"gold_per_floor":[117,117,67,86,11,11,46,46,46,20,20,37,54,69,69,69,69],"floor_reached":16,"language":"KOR","playtime":282,"items_purged":["Strike_G"],"score":250,"play_id":"63767e33-dbd0-47e9-b477-d369ce1e5ce8","local_time":"20210114155931","is_ascension_mode":true,"campfire_choices":[{"data":"Neutralize","floor":6,"key":"SMITH"},{"data":"Prepared","floor":11,"key":"SMITH"},{"data":"Dagger Spray","floor":15,"key":"SMITH"}],"circlet_count":0,"master_deck":["AscendersBane","Strike_G","Strike_G","Strike_G","Defend_G","Defend_G","Defend_G","Defend_G","Defend_G","Survivor","Neutralize+1","PiercingWail","Prepared+1","Slice","Dagger Spray+1","Dagger Throw"],"relics":["Ring of the Snake","NeowsBlessing","Smiling Mask","Tough Bandages","Question Card"],"acts_visited":["Exordium"],"potions_floor_usage":[16,16],"damage_taken":[{"damage":0,"enemies":"2 Louse","floor":1,"turns":1},{"damage":0,"enemies":"Jaw Worm","floor":4,"turns":1},{"damage":0,"enemies":"Gremlin Nob","floor":7,"turns":1},{"damage":0,"enemies":"Small Slimes","floor":12,"turns":4},{"damage":21,"enemies":"Gremlin Gang","floor":13,"turns":5},{"damage":0,"enemies":"3 Louse","floor":14,"turns":2},{"damage":0,"enemies":"Slime Boss","floor":16,"turns":3}],"seed_played":"5346538894227317660","potions_obtained":[{"floor":4,"key":"AttackPotion"},{"floor":8,"key":"DistilledChaos"},{"floor":12,"key":"Fire Potion"}],"is_trial":false,"path_per_floor":["M","?","$","M","?","R","E","?","T","$","R","M","M","M","R","B"],"character_chosen":"THE_SILENT","items_purchased":["Slice"],"campfire_rested":0,"item_purchase_floors":[10],"current_hp_per_floor":[59,48,48,48,48,48,48,48,48,48,48,48,27,27,27,27,27],"gold":69,"neow_bonus":"THREE_ENEMY_KILL","is_daily":false,"chose_seed":false,"campfire_upgraded":3,"win_rate":0.0,"timestamp":1610607571,"path_taken":["M","?","$","M","?","R","E","?","T","$","R","M","M","M","R","BOSS"],"items_purchased_type":["Card"],"build_version":"2020-12-22","purchased_purges":1,"victory":false,"max_hp_per_floor":[66,66,66,66,66,66,66,66,66,66,66,66,66,66,66,66,66],"card_choices":[{"not_picked":["Deflect","Quick Slash"],"picked":"PiercingWail","floor":1},{"not_picked":["Riddle With Holes","Quick Slash","All Out Attack"],"picked":"SKIP","floor":4},{"not_picked":["Choke","Slice"],"picked":"Prepared","floor":7},{"not_picked":["Bane","Deadly Poison","Setup"],"picked":"Dagger Spray","floor":12},{"not_picked":["Flying Knee","Slice","Predator","Escape Plan"],"picked":"SKIP","floor":13},{"not_picked":["Outmaneuver","Dagger Spray","Glass Knife"],"picked":"Dagger Throw","floor":14}],"player_experience":4261650,"relics_obtained":[{"floor":7,"key":"Tough Bandages"},{"floor":9,"key":"Question Card"}],"event_choices":[{"damage_healed":0,"gold_gain":0,"player_choice":"Success","damage_taken":11,"relics_obtained":["Smiling Mask"],"max_hp_gain":0,"max_hp_loss":0,"event_name":"Scrap Ooze","floor":2,"gold_loss":0},{"cards_removed":["Strike_G"],"damage_healed":0,"gold_gain":0,"player_choice":"Card Removal","damage_taken":0,"max_hp_gain":0,"max_hp_loss":0,"event_name":"The Cleric","floor":5,"gold_loss":75},{"damage_healed":0,"gold_gain":0,"player_choice":"Got Potions","damage_taken":0,"max_hp_gain":0,"max_hp_loss":0,"event_name":"Lab","floor":8,"gold_loss":0}],"is_beta":false,"boss_relics":[],"items_purged_floors":[3],"is_endless":false,"potions_floor_spawned":[4,12],"killed_by":"Slime Boss","ascension_level":20}}