{"host":"eu5wvbbtjeiar27l","time":1610640929,"event":{"mods":["Astrologer","BaseMod","Colored Powertips","Conspire","Energized Spire","Hubris","Infinite Spire","Mad Scientist","Melee Mod","Minty Spire (QoL Compilation)","Potionbrewer","Rare Cards Sparkle","StSLib","The Construct","The Factory","The Jungle","The Runesmith","The Valiant","Treasure Hunter","themimic","vexMod"],"gold_per_floor":[109,17,32,48,66,66,93,93,93,110,124,143,159,159,159],"floor_reached":14,"language":"ENG","playtime":641,"items_purged":[],"score":96,"play_id":"4c122891-8413-4bd4-8328-bfbccf506adb","local_time":"20210114161529","is_ascension_mode":false,"campfire_choices":[{"data":"construct:ScopeCore","floor":6,"key":"SMITH"},{"data":"construct:Autoturret","floor":8,"key":"SMITH"}],"circlet_count":0,"master_deck":["construct:Strike_Gold","construct:Strike_Gold","construct:Strike_Gold","construct:Strike_Gold","construct:Strike_Gold","construct:Defend_Gold","construct:Defend_Gold","construct:Defend_Gold","construct:Defend_Gold","construct:Defend_Gold","construct:AttackMode","construct:DefenseMode","construct:Failsafe","construct:ScopeCore+1","construct:Autoturret+1","construct:Autoturret","construct:Synchronize","construct:Enhance"],"relics":["construct:Cogwheel","Anchor","potionbrewer:ToyAutogyro","Tiny Chest"],"acts_visited":["Exordium"],"potions_floor_usage":[7,7,14,14],"damage_taken":[{"damage":0,"enemies":"Cultist","floor":1,"turns":5},{"damage":3,"enemies":"Small Slimes","floor":3,"turns":5},{"damage":2,"enemies":"Jaw Worm","floor":4,"turns":5},{"damage":1,"enemies":"2 Fungi Beasts","floor":5,"turns":4},{"damage":35,"enemies":"Gremlin Nob","floor":7,"turns":5},{"damage":26,"enemies":"Exordium Wildlife","floor":10,"turns":5},{"damage":4,"enemies":"Large Slime","floor":11,"turns":6},{"damage":10,"enemies":"Blue Slaver","floor":12,"turns":4},{"damage":9,"enemies":"Exordium Thugs","floor":13,"turns":4},{"damage":3,"enemies":"Lagavulin","floor":14,"turns":4}],"seed_played":"8388654012161263829","potions_obtained":[{"floor":3,"key":"Explosive Potion"},{"floor":4,"key":"Explosive Potion"},{"floor":11,"key":"potionbrewer:AcidPotion"},{"floor":13,"key":"potionbrewer:CleansingPotion"}],"is_trial":false,"path_per_floor":["M","?","M","M","M","R","E","R","T","M","M","M","M","E"],"character_chosen":"THE_CONSTRUCT_MOD","items_purchased":[],"campfire_rested":0,"item_purchase_floors":[],"current_hp_per_floor":[93,93,90,88,87,87,52,52,52,26,22,12,3,0,0],"gold":159,"neow_bonus":"TEN_PERCENT_HP_BONUS","is_daily":false,"chose_seed":false,"campfire_upgraded":2,"win_rate":0.0,"timestamp":1610640929,"path_taken":["M","?","M","M","M","R","E","R","T","M","M","?","M","E"],"items_purchased_type":[],"build_version":"2020-12-22","purchased_purges":0,"victory":false,"max_hp_per_floor":[93,93,93,93,93,93,93,93,93,93,93,93,93,93,93],"card_choices":[{"not_picked":["construct:LaserCore","construct:Reinforce"],"picked":"construct:Failsafe","floor":1},{"not_picked":["construct:OneWayMirror","construct:Impenetrable","construct:SyphonStrike"],"picked":"SKIP","floor":3},{"not_picked":["construct:SweepLaser","construct:CriticalHit"],"picked":"construct:ScopeCore","floor":4},{"not_picked":["construct:Backfire","construct:ClusterMines","construct:Backup"],"picked":"SKIP","floor":5},{"not_picked":["construct:SpinDrive","construct:Disrupt"],"picked":"construct:Autoturret","floor":7},{"not_picked":["TH:Mimic","TH:ElvenBoots"],"picked":"SKIP","floor":7},{"not_picked":["TH:ArmorSpikes","TH:PixieDust"],"picked":"SKIP","floor":9},{"not_picked":["construct:Boost","construct:Reinforce","construct:SuppressiveFire"],"picked":"SKIP","floor":10},{"not_picked":["construct:SpinDrive","construct:ClusterMines"],"picked":"construct:Autoturret","floor":11},{"not_picked":["construct:CripplingShot","construct:Backfire"],"picked":"construct:Synchronize","floor":12},{"not_picked":["construct:FierceBash","construct:Missile"],"picked":"construct:Enhance","floor":13}],"player_experience":172857,"relics_obtained":[{"floor":7,"key":"potionbrewer:ToyAutogyro"},{"floor":9,"key":"Tiny Chest"}],"event_choices":[{"damage_healed":0,"gold_gain":0,"player_choice":"Paid Gold","damage_taken":0,"relics_obtained":["Anchor"],"max_hp_gain":0,"max_hp_loss":0,"event_name":"WeMeetAgain","floor":2,"gold_loss":92}],"is_beta":false,"boss_relics":[],"items_purged_floors":[],"is_endless":false,"potions_floor_spawned":[3,4,5,11,13],"killed_by":"Lagavulin","ascension_level":0}}