{"host":"tnsigirk6wurdark","time":1610610535,"event":{"mods":["BaseMod","Bestiary","Colored Map","Colored Powertips","Curses Come First","DeckTracker","Highlight Path","Minty Spire (QoL Compilation)","Quick Restart","Relic Sorter","StSLib","Synergy Search"],"gold_per_floor":[113,113,126,43,43,75,75,106,106,137,150,150,161,181,181,258,258,277,287,304,304,304,304],"floor_reached":22,"language":"ENG","playtime":1458,"items_purged":[],"score":416,"play_id":"e365c07f-5be7-4575-b477-97de34a4c19d","local_time":"20210114074855","is_ascension_mode":true,"campfire_choices":[{"data":"Die Die Die","floor":7,"key":"SMITH"},{"floor":12,"key":"REST"},{"floor":15,"key":"REST"}],"circlet_count":0,"master_deck":["AscendersBane","Strike_G","Strike_G","Strike_G","Strike_G","Defend_G","Defend_G","Defend_G","Defend_G","Defend_G","Survivor","Neutralize","Heel Hook","Deadly Poison","Well Laid Plans","Die Die Die+1","Caltrops","Concentrate","Blur","Underhanded Strike","Bullet Time","Acrobatics","Tools of the Trade","Infinite Blades","Dagger Throw","Underhanded Strike"],"relics":["Ring of the Snake","Bag of Preparation","NeowsBlessing","Mummified Hand","Letter Opener","Question Card","Pantograph","HoveringKite"],"acts_visited":["Exordium","TheCity"],"potions_floor_usage":[8,8,14,14,20,22],"damage_taken":[{"damage":0,"enemies":"Cultist","floor":1,"turns":1},{"damage":0,"enemies":"Jaw Worm","floor":3,"turns":1},{"damage":0,"enemies":"Lagavulin","floor":6,"turns":1},{"damage":3,"enemies":"3 Sentries","floor":8,"turns":8},{"damage":48,"enemies":"Lagavulin","floor":10,"turns":8},{"damage":0,"enemies":"2 Louse","floor":11,"turns":1},{"damage":1,"enemies":"Looter","floor":13,"turns":2},{"damage":4,"enemies":"Exordium Thugs","floor":14,"turns":3},{"damage":52,"enemies":"Hexaghost","floor":16,"turns":11},{"damage":22,"enemies":"3 Byrds","floor":18,"turns":3},{"damage":3,"enemies":"Chosen","floor":19,"turns":4},{"damage":9,"enemies":"Centurion and Healer","floor":20,"turns":8},{"damage":20,"enemies":"Cultist and Chosen","floor":22,"turns":5}],"seed_played":"-9186797283059751230","potions_obtained":[{"floor":1,"key":"EssenceOfSteel"},{"floor":6,"key":"Fire Potion"},{"floor":11,"key":"Fire Potion"},{"floor":13,"key":"CunningPotion"},{"floor":16,"key":"Ancient Potion"},{"floor":18,"key":"Weak Potion"}],"is_trial":false,"path_per_floor":["M","T","M","$","?","E","R","E","T","E","M","R","M","M","R","B",null,"M","M","M","?","M"],"character_chosen":"THE_SILENT","items_purchased":["Well Laid Plans"],"campfire_rested":2,"item_purchase_floors":[4],"current_hp_per_floor":[59,59,59,59,59,59,59,56,56,8,8,27,26,22,41,14,53,31,28,19,19,0,0],"gold":304,"neow_bonus":"THREE_ENEMY_KILL","is_daily":false,"chose_seed":false,"campfire_upgraded":1,"win_rate":0.0,"timestamp":1610610535,"path_taken":["M","?","M","$","?","E","R","E","T","E","M","R","M","M","R","BOSS","M","M","M","?","M"],"items_purchased_type":["Card"],"build_version":"2020-12-22","purchased_purges":0,"victory":false,"max_hp_per_floor":[66,66,66,66,66,66,66,66,66,66,66,66,66,66,66,66,66,66,66,66,66,66,66],"card_choices":[{"not_picked":["Crippling Poison","Blade Dance"],"picked":"Heel Hook","floor":1},{"not_picked":["Flying Knee","Blade Dance"],"picked":"Deadly Poison","floor":3},{"not_picked":["Bane","Dagger Throw"],"picked":"Caltrops","floor":6},{"not_picked":["Skewer","Backflip"],"picked":"Concentrate","floor":8},{"not_picked":["Bullet Time","Dodge and Roll","Outmaneuver"],"picked":"Blur","floor":10},{"not_picked":["Backflip","Cloak And Dagger","Dagger Throw"],"picked":"Underhanded Strike","floor":11},{"not_picked":["Setup","Deadly Poison","Deflect"],"picked":"Bullet Time","floor":13},{"not_picked":["Outmaneuver","Blade Dance","Backflip"],"picked":"Acrobatics","floor":14},{"not_picked":["After Image","Phantasmal Killer","Die Die Die"],"picked":"Tools of the Trade","floor":16},{"not_picked":["Sucker Punch","Cloak And Dagger","Blade Dance"],"picked":"Infinite Blades","floor":18},{"not_picked":["Sucker Punch+1","Dodge and Roll","Cloak And Dagger+1"],"picked":"Dagger Throw","floor":19},{"not_picked":["Deflect","Predator","Bane"],"picked":"Underhanded Strike","floor":20}],"player_experience":741537,"relics_obtained":[{"floor":2,"key":"Mummified Hand"},{"floor":6,"key":"Bag of Preparation"},{"floor":8,"key":"Letter Opener"},{"floor":9,"key":"Question Card"},{"floor":10,"key":"Pantograph"}],"event_choices":[{"damage_healed":0,"gold_gain":0,"cards_transformed":["Strike_G"],"player_choice":"Change","damage_taken":0,"max_hp_gain":0,"max_hp_loss":0,"event_name":"Living Wall","floor":5,"gold_loss":0,"cards_obtained":["Die Die Die"]},{"damage_healed":0,"gold_gain":0,"player_choice":"Ignored","damage_taken":0,"max_hp_gain":0,"max_hp_loss":0,"event_name":"Vampires","floor":21,"gold_loss":0}],"is_beta":false,"boss_relics":[{"not_picked":["Black Star","Ring of the Serpent"],"picked":"HoveringKite"}],"items_purged_floors":[],"is_endless":false,"potions_floor_spawned":[1,6,11,13,16,18,19],"killed_by":"Cultist and Chosen","ascension_level":16}}