{"host":"2pluridizrp50jef","time":1610598094,"event":{"mods":["ATMod(∞¢Ë™Mod)","AchievementEnabler","Act Like it!","BaseMod","Better Altar","Better Match","Better Note","Better Sensory Stone","Better Skull","Better Third Choice","BetterRewards","Colored Powertips","Conspire","Custom Start","Hallownest","Hubris","Infinite Spire","Lobotomy","LobotomyExtend","Minty Spire (QoL Compilation)","Rare Cards Sparkle","Relic Stats","Remilia£®¿Ÿ√◊¿Ú—«£©","Replay The Spire","StSLib","Youmu£®ªÍ∆«—˝√Œ£©"],"gold_per_floor":[111,126,145,20,20,20,20,32,68,80,92,104,116,128,140,228,240,252,264,276,288,300,338,369,381,416,461,473,485,525,0,12,120,132,144,166,338,350,376,388,410,422,434,446,458,485,630,160,160,260,360],"floor_reached":52,"language":"ZHS","playtime":3397,"items_purged":[],"score":1960,"play_id":"3cb90c94-5d8b-4d95-ac36-be16fad6c658","local_time":"20210113202134","is_ascension_mode":true,"campfire_choices":[{"data":"BloodHunter","floor":6,"key":"SMITH"},{"floor":15,"key":"DIG"},{"data":"BlasphemousPunishment","floor":32,"key":"SMITH"},{"data":"NightDance","floor":40,"key":"SMITH"},{"data":"NightDance","floor":42,"key":"SMITH"},{"data":"BombardNight","floor":49,"key":"SMITH"}],"circlet_count":0,"master_deck":["BloodyMagicSquare+1","BloodyMagicSquare+1","BloodyTrap+1","EmergencyRegeneration+1","SuperhumanBloodyKnife+1","SuperhumanBloodyKnife+1","EquivalentExchange+1","BloodyHallows+1","QueenOfMidnight+1","Madness+1","BlasphemousPunishment+1","BombardNight+1","NightDance+1","NightDance+1","StarOfDavid","ScarletDevil","BlasphemousPunishment+1"],"relics":["ScarletHat","AT_ATBox","Chemical X","APieceOfRedMist","Juzu Bracelet","Ice Cream","Gungnir","hubris:Stopwatch","hubris:CuriousFeather","FairyMaid","Byrd Skull","hubris:HollowSoul","hubris:SlimyHat","Black Star","ReplayTheSpireMod:Ninjato","Calipers","Omamori","AT_ChloranthyRing","LetterFromLob","CogitoBucket","MawBank","infinitespire:Lucky Rock","AT_BladeRuinedKing","Hallownest:DreamNailRelic","Vajra","Replay:Grab Bag","Sozu","infinitespire:Cupcake","Pandora\u0027s Box","Gaze_r","hubris:OldNail","infinitespire:Satchel","AT_EbonyIvory","SkinProphecy","infinitespire:PuzzleCube","hubris:MedicalManual","AT_SunfireAegis","Blood Vial","Regal Pillow","hubris:ScarierMask","Hallownest:GodTamersBeastRelic","infinitespire:Beetle Shell","AtMidnight","Theresia","The Courier","Mercury Hourglass","AT_TheCollector","Bag of Preparation","Mango","hubris:Metronome"],"acts_visited":["Exordium","Hallownest:Greenpath","Hallownest:CityofTears"],"potions_floor_usage":[],"damage_taken":[{"damage":55,"enemies":"Hallownest:2_Tiktiks_and_1_Crawlid","floor":1,"turns":1},{"damage":50,"enemies":"Hallownest:monsterHuskWarrior","floor":2,"turns":1},{"damage":53,"enemies":"2_ Uuma","floor":3,"turns":1},{"damage":157,"enemies":"Hallownest:eliteMossKnight","floor":7,"turns":1},{"damage":0,"enemies":"Hallownest:monsterMossCharger","floor":11,"turns":1},{"damage":123,"enemies":"Hallownest:1_Baldur_1_Crawlid_1_Warrior","floor":12,"turns":1},{"damage":35,"enemies":"Hallownest:BossFalseKnight","floor":16,"turns":1},{"damage":44,"enemies":"Hallownest:Flukemon_and_Top","floor":18,"turns":1},{"damage":120,"enemies":"Hallownest:Flukemon_and_Top","floor":19,"turns":1},{"damage":59,"enemies":"Hallownest:eliteWatcherKnight","floor":23,"turns":5},{"damage":58,"enemies":"Hallownest:Guard_and_Sentry","floor":24,"turns":1},{"damage":36,"enemies":"Hallownest:eliteSoulWarrior","floor":27,"turns":1},{"damage":18,"enemies":"Hallownest:monsterShrumalOgre","floor":28,"turns":1},{"damage":8,"enemies":"Hallownest:Warrior_and_Youth","floor":29,"turns":1},{"damage":104,"enemies":"Hallownest:Nosk","floor":30,"turns":1},{"damage":53,"enemies":"Hallownest:BossSoulMaster","floor":33,"turns":1},{"damage":41,"enemies":"Hallownest:3_Siblings","floor":35,"turns":1},{"damage":0,"enemies":"Hallownest:Shield_Heavy","floor":36,"turns":1},{"damage":10,"enemies":"Hallownest:Shield_Heavy","floor":37,"turns":1},{"damage":44,"enemies":"Hallownest:Shield_Heavy","floor":37,"turns":1},{"damage":0,"enemies":"Hallownest:Shield_Heavy","floor":37,"turns":1},{"damage":94,"enemies":"Hallownest:Shield_Heavy","floor":37,"turns":1},{"damage":60,"enemies":"Hallownest:Xero_Hu_Marmu","floor":39,"turns":1},{"damage":10,"enemies":"Hallownest:2_Wing_and_1_Kings","floor":41,"turns":1},{"damage":64,"enemies":"Hallownest:eliteHiveKnight","floor":44,"turns":1},{"damage":59,"enemies":"Hallownest:Slobbering_and_Violent","floor":45,"turns":1},{"damage":10,"enemies":"Hallownest:2_Great","floor":46,"turns":1},{"damage":64,"enemies":"Hallownest:eliteCollector","floor":47,"turns":1},{"damage":235,"enemies":"Hallownest:BossHollowKnight","floor":50,"turns":1},{"damage":25,"enemies":"Hallownest:Radiance","floor":51,"turns":1},{"damage":84,"enemies":"Malkuth","floor":52,"turns":1},{"damage":90,"enemies":"Netzach","floor":52,"turns":1},{"damage":86,"enemies":"Chesed","floor":52,"turns":1},{"damage":128,"enemies":"Hokma","floor":52,"turns":3},{"damage":160,"enemies":"Angela","floor":52,"turns":1}],"seed_played":"-3356614434576418742","potions_obtained":[{"floor":3,"key":"Block Potion"}],"is_trial":true,"path_per_floor":["M","M","M","?","WH","R","E","WH","T","?","M","M","WH","$","R","B",null,"M","M","WH","?","?","E","M","AVR","T","E","M","M","E","WH","R","B",null,"M","M","?","WH","M","R","M","R","T","E","M","M","E","$","R","B","B",null],"character_chosen":"REMILIA","items_purchased":["Mango","hubris:Metronome"],"campfire_rested":0,"item_purchase_floors":[48,48],"current_hp_per_floor":[55,70,70,70,70,70,70,70,70,70,70,70,49,49,49,56,67,68,70,70,70,70,70,55,55,55,55,53,50,78,78,78,84,84,88,88,98,98,102,102,104,104,104,106,108,110,112,126,126,128,130],"gold":860,"neow_bonus":"RANDOM_COMMON_RELIC","is_daily":false,"chose_seed":false,"campfire_upgraded":5,"win_rate":0.0,"timestamp":1610598094,"path_taken":["M","M","M","?","WH","R","E","WH","T","?","M","M","WH","$","R","BOSS","M","M","WH","?","?","E","M","AVR","T","E","M","M","E","WH","R","BOSS","M","M","?","WH","M","R","M","R","T","E","M","M","E","$","R","BOSS","BOSS"],"items_purchased_type":["Relic","Relic"],"build_version":"2020-12-22","purchased_purges":0,"victory":true,"max_hp_per_floor":[70,70,70,70,70,70,70,70,70,70,70,70,70,70,70,70,70,70,70,70,70,70,70,70,70,70,72,74,76,78,78,78,84,84,88,90,98,98,102,102,104,104,104,106,108,110,112,126,126,128,130],"relic_stats":{"Sozu":4,"Blood Vial":44,"Regal Pillow":0,"counters":[38,44],"Pandora\u0027s Box":[],"Juzu Bracelet":2,"Black Star":6,"Bag of Preparation":[14],"Chemical X":[0],"MawBank":492,"obtain_stats":[{"Ice Cream":0,"AT_ATBox":0,"Calipers":0,"Vajra":15,"SkinProphecy":24,"Sozu":17,"Blood Vial":30,"Byrd Skull":0,"Replay:Grab Bag":17,"hubris:HollowSoul":0,"AT_EbonyIvory":23,"infinitespire:Beetle Shell":38,"Gungnir":0,"AT_TheCollector":44,"Pandora\u0027s Box":17,"Black Star":0,"Theresia":39,"infinitespire:PuzzleCube":26,"infinitespire:Cupcake":17,"Regal Pillow":30,"hubris:Metronome":48,"FairyMaid":0,"Mango":48,"Juzu Bracelet":0,"hubris:SlimyHat":0,"Hallownest:DreamNailRelic":10,"Bag of Preparation":47,"Hallownest:GodTamersBeastRelic":37,"ScarletHat":0,"CogitoBucket":5,"hubris:Stopwatch":0,"hubris:ScarierMask":34,"hubris:CuriousFeather":0,"Chemical X":0,"AT_ChloranthyRing":0,"ReplayTheSpireMod:Ninjato":0,"AT_BladeRuinedKing":9,"hubris:MedicalManual":27,"The Courier":43,"Omamori":0,"infinitespire:Lucky Rock":7,"MawBank":7,"Gaze_r":18,"Mercury Hourglass":44,"APieceOfRedMist":0,"infinitespire:Satchel":23,"AtMidnight":39,"LetterFromLob":1,"AT_SunfireAegis":27,"hubris:OldNail":22},{"Ice Cream":0,"AT_ATBox":0,"Calipers":0,"Vajra":6,"SkinProphecy":12,"Sozu":7,"Blood Vial":16,"Byrd Skull":0,"Replay:Grab Bag":7,"hubris:HollowSoul":0,"AT_EbonyIvory":10,"infinitespire:Beetle Shell":24,"Gungnir":0,"AT_TheCollector":28,"Pandora\u0027s Box":7,"Black Star":0,"Theresia":26,"infinitespire:PuzzleCube":12,"infinitespire:Cupcake":7,"Regal Pillow":16,"hubris:Metronome":31,"FairyMaid":0,"Mango":31,"Juzu Bracelet":0,"hubris:SlimyHat":0,"Hallownest:DreamNailRelic":4,"Bag of Preparation":31,"Hallownest:GodTamersBeastRelic":24,"ScarletHat":0,"CogitoBucket":3,"hubris:Stopwatch":0,"hubris:ScarierMask":17,"hubris:CuriousFeather":0,"Chemical X":0,"AT_ChloranthyRing":0,"ReplayTheSpireMod:Ninjato":0,"AT_BladeRuinedKing":4,"hubris:MedicalManual":13,"The Courier":27,"Omamori":0,"infinitespire:Lucky Rock":4,"MawBank":4,"Gaze_r":8,"Mercury Hourglass":28,"APieceOfRedMist":0,"infinitespire:Satchel":10,"AtMidnight":26,"LetterFromLob":1,"AT_SunfireAegis":13,"hubris:OldNail":9},{"Ice Cream":0,"AT_ATBox":0,"Calipers":0,"Vajra":6,"SkinProphecy":16,"Sozu":7,"Blood Vial":20,"Byrd Skull":0,"Replay:Grab Bag":7,"hubris:HollowSoul":0,"AT_EbonyIvory":14,"infinitespire:Beetle Shell":28,"Gungnir":0,"AT_TheCollector":32,"Pandora\u0027s Box":7,"Black Star":0,"Theresia":30,"infinitespire:PuzzleCube":16,"infinitespire:Cupcake":7,"Regal Pillow":20,"hubris:Metronome":35,"FairyMaid":0,"Mango":35,"Juzu Bracelet":0,"hubris:SlimyHat":0,"Hallownest:DreamNailRelic":4,"Bag of Preparation":35,"Hallownest:GodTamersBeastRelic":28,"ScarletHat":0,"CogitoBucket":3,"hubris:Stopwatch":0,"hubris:ScarierMask":21,"hubris:CuriousFeather":0,"Chemical X":0,"AT_ChloranthyRing":0,"ReplayTheSpireMod:Ninjato":0,"AT_BladeRuinedKing":4,"hubris:MedicalManual":17,"The Courier":31,"Omamori":0,"infinitespire:Lucky Rock":4,"MawBank":4,"Gaze_r":8,"Mercury Hourglass":32,"APieceOfRedMist":0,"infinitespire:Satchel":14,"AtMidnight":30,"LetterFromLob":1,"AT_SunfireAegis":17,"hubris:OldNail":9}],"Mercury Hourglass":[36]},"card_choices":[{"not_picked":["ScarletDevil","ScarletNetherworld","RedRainbow"],"picked":"SKIP","floor":1},{"not_picked":["ScarletSymphony","Septette"],"picked":"BloodHunter","floor":2},{"not_picked":["BloodAndWine","ScarletDevilSign"],"picked":"BlasphemousPunishment","floor":3},{"not_picked":["GreedKing","WhitesApple","HeroicMonk"],"picked":"Singing Bowl","floor":7},{"not_picked":["BlasphemousPunishment","EternalNight","TransientEternity"],"picked":"SKIP","floor":7},{"not_picked":["Wellcheers","OldLady","UniverseFragment"],"picked":"Singing Bowl","floor":11},{"not_picked":["RedMagic","FavorOfDestiny","BloodyMagicSquare"],"picked":"SKIP","floor":11},{"not_picked":["HeroicMonk","OldLady","FairyFestival"],"picked":"Singing Bowl","floor":12},{"not_picked":["UnstableMagic","FavorOfDestiny","BloodHunter"],"picked":"SKIP","floor":12},{"not_picked":["DreamingCurrent","CherryBlossoms","Scorched"],"picked":"Singing Bowl","floor":16},{"not_picked":["ShyLook","QueenOfHatred","CrumblingArmor"],"picked":"Singing Bowl","floor":19},{"not_picked":["VampireSweep","NightDance","RedRainbow"],"picked":"SKIP","floor":19},{"not_picked":["Stigmanizer+1","TricksterDevil"],"picked":"NightDance","floor":23},{"not_picked":["BeautyBeast","Laetitia","Scarecrow"],"picked":"Singing Bowl","floor":23},{"not_picked":["VampireClaw","BloodRain"],"picked":"StarOfDavid","floor":24},{"not_picked":["Rudolta","VoidDream","FieryBird"],"picked":"Singing Bowl","floor":24},{"not_picked":["OldLady","BlueStar","Wellcheers"],"picked":"Singing Bowl","floor":27},{"not_picked":["MiserableFate","GlobalNightmare","ReincarnationDial+1"],"picked":"SKIP","floor":27},{"not_picked":["OldLady","Woodsman","LongBird"],"picked":"Singing Bowl","floor":28},{"not_picked":["VampireSweep","BloodHunter+1","BombardNight"],"picked":"SKIP","floor":28},{"not_picked":["EndlessAdversity","BlasphemousPunishment","Stigmanizer"],"picked":"SKIP","floor":28},{"not_picked":["SingingMachine","Freischutz","QueenOfHatred"],"picked":"Singing Bowl","floor":29},{"not_picked":["DevilSight","NightDance"],"picked":"ScarletDevil","floor":29},{"not_picked":["WhiteNight","SilentOrchestra","LaLuna"],"picked":"Singing Bowl","floor":30},{"not_picked":["UnstableMagic+1","DiffusionOfMisfortune+1","StarOfDavid"],"picked":"SKIP","floor":30},{"not_picked":["GalaxyChild","RedShoes","LittleHelper"],"picked":"Singing Bowl","floor":33},{"not_picked":["Bloodbath","BeautyBeast","DreamingCurrent"],"picked":"Singing Bowl","floor":35},{"not_picked":["NightDance","FavorOfDestiny","ScarletDevilSign"],"picked":"SKIP","floor":35},{"not_picked":["ShyLook","MHz","LittleHelper"],"picked":"Singing Bowl","floor":36},{"not_picked":["RedMagic","BloodRain","EndlessAdversity"],"picked":"SKIP","floor":36},{"not_picked":["Variant","RedShoes","LittleHelper"],"picked":"Singing Bowl","floor":39},{"not_picked":["EndlessAdversity+1","ChainGang+1","ScarletDevil"],"picked":"SKIP","floor":39},{"not_picked":["RedRainbow","StarOfDavid+1","MastersStateliness"],"picked":"SKIP","floor":41},{"not_picked":["LaLuna","BlackArmy","GalaxyChild"],"picked":"Singing Bowl","floor":44},{"not_picked":["VampirishNight","UnderTheZenith","CharismaGuard"],"picked":"SKIP","floor":44},{"not_picked":["Yin","QueenOfHatred","Mercenary"],"picked":"Singing Bowl","floor":45},{"not_picked":["BlasphemousPunishment","ScarletDream","MastersStateliness"],"picked":"SKIP","floor":45},{"not_picked":["FitfulNightmare","RedRainbow"],"picked":"BlasphemousPunishment+1","floor":46},{"not_picked":["Mercenary","BigBadWolf","Murderer"],"picked":"Singing Bowl","floor":46},{"not_picked":["Rudolta","RedShoes","Variant"],"picked":"Singing Bowl","floor":47},{"not_picked":["VampirishNight+1","BloodyCatastrophe","LeisurelyOfLord"],"picked":"SKIP","floor":47}],"player_experience":90354,"relics_obtained":[{"floor":1,"key":"LetterFromLob"},{"floor":7,"key":"MawBank"},{"floor":7,"key":"infinitespire:Lucky Rock"},{"floor":9,"key":"AT_BladeRuinedKing"},{"floor":15,"key":"Vajra"},{"floor":23,"key":"infinitespire:Satchel"},{"floor":23,"key":"AT_EbonyIvory"},{"floor":26,"key":"infinitespire:PuzzleCube"},{"floor":27,"key":"hubris:MedicalManual"},{"floor":27,"key":"AT_SunfireAegis"},{"floor":30,"key":"Blood Vial"},{"floor":30,"key":"Regal Pillow"},{"floor":39,"key":"AtMidnight"},{"floor":43,"key":"The Courier"},{"floor":44,"key":"Mercury Hourglass"},{"floor":44,"key":"AT_TheCollector"},{"floor":47,"key":"Bag of Preparation"}],"event_choices":[{"damage_healed":0,"gold_gain":0,"player_choice":"3","damage_taken":0,"max_hp_gain":0,"max_hp_loss":0,"event_name":"betterMatch:BetterMatch","floor":4,"gold_loss":0,"cards_obtained":[]}],"is_beta":false,"boss_relics":[{"not_picked":["conspire:SeveredTorchhead","Empty Cage"],"picked":"Replay:Grab Bag"},{"not_picked":["ChewingGum","Velvet Choker"],"picked":"Sozu"},{"not_picked":["Runic Dome","Fusion Hammer"],"picked":"infinitespire:Cupcake"},{"not_picked":["Snecko Heart","Snecko Eye"],"picked":"Pandora\u0027s Box"},{"not_picked":["Replay:Bronze Core","hubris:CrackedHourglass"],"picked":"hubris:ScarierMask"}],"items_purged_floors":[],"is_endless":false,"potions_floor_spawned":[2,3,16,19,24,28,36,37,37,45,47],"ascension_level":20}}