{"host":"19r1ww88x2tc73i0","time":1610612037,"event":{"mods":["BaseMod","BetterRewards","Colored Map","Minty Spire (QoL Compilation)","Relic Stats","StSLib","SuperFastMode","slay the spire mod where everything is the same but ironclad has a cowboy hat"],"gold_per_floor":[114,39,58,58,78,78,107,182,182,182,182,16,36,36,36,109,109,83,99,49,65,26,26,37,37,37],"floor_reached":25,"language":"ENG","playtime":836,"items_purged":["Strike_B","Strike_B"],"score":402,"play_id":"e43b0ec6-0e3d-42fb-82ce-becc340b282f","local_time":"25640114151357","is_ascension_mode":true,"campfire_choices":[{"data":"Genetic Algorithm","floor":6.0,"key":"SMITH"},{"floor":10.0,"key":"REST"},{"data":"Reinforced Body","floor":15.0,"key":"SMITH"},{"data":"Defragment","floor":23,"key":"SMITH"}],"circlet_count":0,"master_deck":["AscendersBane","Strike_B","Defend_B","Defend_B","Defend_B","Defend_B","Zap","Dualcast","Genetic Algorithm+1","Ball Lightning","Reinforced Body+1","Conserve Battery","Leap","Go for the Eyes","Machine Learning","Compile Driver","Heatsinks+1","Defragment+1","Buffer"],"relics":["Cracked Core","Emotion Chip","Omamori","ClockworkSouvenir","Pantograph","Bag of Marbles","Membership Card","Bird Faced Urn","Nuclear Battery"],"acts_visited":["Exordium","TheCity"],"potions_floor_usage":[],"damage_taken":[{"damage":1.0,"enemies":"2 Louse","floor":1.0,"turns":2.0},{"damage":2.0,"enemies":"Jaw Worm","floor":3.0,"turns":3.0},{"damage":0.0,"enemies":"Cultist","floor":5.0,"turns":2.0},{"damage":17.0,"enemies":"Lagavulin","floor":7.0,"turns":6.0},{"damage":1.0,"enemies":"Looter","floor":13.0,"turns":3.0},{"damage":28.0,"enemies":"The Guardian","floor":16.0,"turns":14.0},{"damage":16,"enemies":"2 Thieves","floor":18,"turns":4},{"damage":11,"enemies":"Spheric Guardian","floor":19,"turns":6},{"damage":1,"enemies":"Snake Plant","floor":21,"turns":6},{"damage":6,"enemies":"Centurion and Healer","floor":24,"turns":9},{"damage":83,"enemies":"Gremlin Leader","floor":25,"turns":8}],"seed_played":"1244110901028758609","potions_obtained":[{"floor":13.0,"key":"PowerPotion"},{"floor":21,"key":"FairyPotion"}],"is_trial":false,"path_per_floor":["M","$","M","?","M","R","E","?","T","R","?","$","M","T","R","B",null,"M","M","$","M","$","R","M","E"],"character_chosen":"DEFECT","items_purchased":["Emotion Chip","Omamori","Genetic Algorithm","ClockworkSouvenir","Membership Card","Defragment"],"campfire_rested":1,"item_purchase_floors":[0,0,0,0,12,22],"current_hp_per_floor":[31,31,29,29,29,29,12,1,1,22,15,15,14,14,14,13,57,43,34,34,35,35,35,35,0,0],"gold":37,"neow_bonus":"","is_daily":false,"chose_seed":false,"campfire_upgraded":3,"win_rate":0.0,"timestamp":1610612037,"path_taken":["M","$","M","?","M","R","E","?","T","R","?","$","M","?","R","BOSS","M","M","$","?","$","R","M","E"],"items_purchased_type":["Relic","Relic","Card","Relic","Relic","Card"],"build_version":"2020-12-22","purchased_purges":2,"victory":false,"max_hp_per_floor":[71,71,71,71,71,71,71,71,71,71,71,71,71,71,71,71,71,71,71,71,71,71,71,71,71,71],"relic_stats":{"Emotion Chip":[48,43,0,0,5],"counters":[272,1243],"Pantograph":25,"Bird Faced Urn":[22],"obtain_stats":[{"Spirit Poop":45,"Ginger":37,"Whetstone":9,"Bottled Tornado":21,"Boot":9,"Old Coin":48,"Blood Vial":24,"MealTicket":46,"Fusion Hammer":34,"Kunai":44,"Blue Candle":40,"Eternal Feather":28,"Akabeko":8,"Cables":46,"SlaversCollar":17,"Bird Faced Urn":4,"Pandora\u0027s Box":17,"StrikeDummy":8,"Unceasing Top":0,"Lantern":36,"Regal Pillow":6,"Singing Bowl":0,"Torii":0,"StoneCalendar":0,"Bag of Preparation":29,"Ancient Tea Set":44,"Cursed Key":34,"Smiling Mask":40,"Matryoshka":4,"Shovel":0,"WingedGreaves":0,"Chemical X":38,"Potion Belt":20,"Lee\u0027s Waffle":0,"Inserter":17,"Golden Idol":10,"Thread and Needle":0,"PreservedInsect":26,"Omamori":0,"Frozen Egg 2":0,"MawBank":8,"Nuclear Battery":17,"Ornamental Fan":29,"Turnip":0,"Art of War":23,"Bottled Lightning":32,"Toy Ornithopter":22,"Ice Cream":0,"Calipers":31,"Nilry\u0027s Codex":19,"CeramicFish":0,"Vajra":31,"Runic Capacitor":21,"Sozu":17,"Lizard Tail":0,"Centennial Puzzle":40,"Strawberry":23,"Prayer Wheel":0,"Toxic Egg 2":0,"Girya":0,"Happy Flower":0,"Dead Branch":0,"Astrolabe":17,"Oddly Smooth Stone":0,"Letter Opener":9,"War Paint":27,"Question Card":39,"Du-Vu Doll":13,"OrangePellets":39,"Bottled Flame":30,"Shuriken":43,"Bronze Scales":9,"Molten Egg 2":0,"Black Star":17,"Symbiotic Virus":0,"Pocketwatch":0,"Darkstone Periapt":20,"Enchiridion":20,"Mango":0,"Incense Burner":10,"Juzu Bracelet":14,"ClockworkSouvenir":0,"Emotion Chip":26,"Dream Catcher":27,"Nunchaku":27,"Mummified Hand":9,"Gambling Chip":0,"Pantograph":7,"Tiny Chest":12,"Cracked Core":0,"Runic Pyramid":17,"Orichalcum":41,"Medical Kit":0,"White Beast Statue":40,"Mercury Hourglass":26,"Peace Pipe":45,"Anchor":0,"CaptainsWheel":0,"DataDisk":39,"Coffee Dripper":34,"Bag of Marbles":42,"Membership Card":0,"TungstenRod":43,"FossilizedHelix":0},{"Spirit Poop":105,"Ginger":19,"Whetstone":192,"Bottled Tornado":9,"Boot":229,"Old Coin":24,"Blood Vial":11,"MealTicket":80,"Fusion Hammer":75,"Kunai":54,"Blue Candle":52,"Eternal Feather":71,"Akabeko":31,"Cables":105,"SlaversCollar":160,"Bird Faced Urn":142,"Pandora\u0027s Box":92,"StrikeDummy":229,"Unceasing Top":57,"Lantern":18,"Regal Pillow":87,"Singing Bowl":57,"Torii":83,"StoneCalendar":0,"Bag of Preparation":14,"Ancient Tea Set":79,"Cursed Key":101,"Smiling Mask":104,"Matryoshka":2,"Shovel":57,"WingedGreaves":0,"Chemical X":51,"Potion Belt":9,"Lee\u0027s Waffle":26,"Inserter":36,"Golden Idol":87,"Thread and Needle":26,"PreservedInsect":42,"Omamori":0,"Frozen Egg 2":0,"MawBank":4,"Nuclear Battery":148,"Ornamental Fan":180,"Turnip":108,"Art of War":69,"Bottled Lightning":74,"Toy Ornithopter":241,"Ice Cream":57,"Calipers":47,"Nilry\u0027s Codex":119,"CeramicFish":83,"Vajra":16,"Runic Capacitor":9,"Sozu":66,"Lizard Tail":0,"Centennial Puzzle":21,"Strawberry":41,"Prayer Wheel":233,"Toxic Egg 2":0,"Girya":140,"Happy Flower":0,"Dead Branch":26,"Astrolabe":206,"Oddly Smooth Stone":26,"Letter Opener":113,"War Paint":70,"Question Card":20,"Du-Vu Doll":237,"OrangePellets":103,"Bottled Flame":125,"Shuriken":22,"Bronze Scales":4,"Molten Egg 2":26,"Black Star":239,"Symbiotic Virus":26,"Pocketwatch":26,"Darkstone Periapt":9,"Enchiridion":221,"Mango":0,"Incense Burner":5,"Juzu Bracelet":7,"ClockworkSouvenir":26,"Emotion Chip":11,"Dream Catcher":12,"Nunchaku":43,"Mummified Hand":4,"Gambling Chip":57,"Pantograph":265,"Tiny Chest":33,"Cracked Core":0,"Runic Pyramid":8,"Orichalcum":22,"Medical Kit":57,"White Beast Statue":132,"Mercury Hourglass":70,"Peace Pipe":23,"Anchor":0,"CaptainsWheel":26,"DataDisk":51,"Coffee Dripper":17,"Bag of Marbles":133,"Membership Card":0,"TungstenRod":53,"FossilizedHelix":57},{"Spirit Poop":498,"Ginger":98,"Whetstone":901,"Bottled Tornado":46,"Boot":1053,"Old Coin":129,"Blood Vial":56,"MealTicket":380,"Fusion Hammer":360,"Kunai":264,"Blue Candle":255,"Eternal Feather":339,"Akabeko":169,"Cables":498,"SlaversCollar":740,"Bird Faced Urn":638,"Pandora\u0027s Box":446,"StrikeDummy":1053,"Unceasing Top":287,"Lantern":93,"Regal Pillow":418,"Singing Bowl":287,"Torii":402,"StoneCalendar":0,"Bag of Preparation":69,"Ancient Tea Set":377,"Cursed Key":484,"Smiling Mask":494,"Matryoshka":7,"Shovel":287,"WingedGreaves":0,"Chemical X":250,"Potion Belt":46,"Lee\u0027s Waffle":155,"Inserter":183,"Golden Idol":418,"Thread and Needle":155,"PreservedInsect":210,"Omamori":0,"Frozen Egg 2":0,"MawBank":15,"Nuclear Battery":676,"Ornamental Fan":850,"Turnip":518,"Art of War":330,"Bottled Lightning":349,"Toy Ornithopter":1104,"Ice Cream":287,"Calipers":231,"Nilry\u0027s Codex":549,"CeramicFish":402,"Vajra":80,"Runic Capacitor":46,"Sozu":316,"Lizard Tail":0,"Centennial Puzzle":109,"Strawberry":206,"Prayer Wheel":1068,"Toxic Egg 2":0,"Girya":633,"Happy Flower":0,"Dead Branch":155,"Astrolabe":956,"Oddly Smooth Stone":155,"Letter Opener":530,"War Paint":334,"Question Card":102,"Du-Vu Doll":1083,"OrangePellets":489,"Bottled Flame":571,"Shuriken":116,"Bronze Scales":15,"Molten Egg 2":155,"Black Star":1095,"Symbiotic Virus":155,"Pocketwatch":155,"Darkstone Periapt":46,"Enchiridion":1026,"Mango":0,"Incense Burner":22,"Juzu Bracelet":32,"ClockworkSouvenir":155,"Emotion Chip":56,"Dream Catcher":61,"Nunchaku":214,"Mummified Hand":15,"Gambling Chip":287,"Pantograph":1193,"Tiny Chest":174,"Cracked Core":0,"Runic Pyramid":41,"Orichalcum":116,"Medical Kit":287,"White Beast Statue":595,"Mercury Hourglass":334,"Peace Pipe":123,"Anchor":0,"CaptainsWheel":155,"DataDisk":250,"Coffee Dripper":88,"Bag of Marbles":599,"Membership Card":0,"TungstenRod":259,"FossilizedHelix":287}]},"card_choices":[{"not_picked":["Streamline","Storm"],"picked":"Ball Lightning","floor":1.0},{"not_picked":["Redo","White Noise"],"picked":"Reinforced Body","floor":3.0},{"not_picked":["Gash","Beam Cell"],"picked":"Conserve Battery","floor":5.0},{"not_picked":["Sweeping Beam","Melter"],"picked":"Leap","floor":7.0},{"not_picked":["Rebound","Coolheaded"],"picked":"Go for the Eyes","floor":13.0},{"not_picked":["Fission","Rainbow"],"picked":"Machine Learning","floor":16.0},{"not_picked":["Storm","Barrage","Turbo"],"picked":"SKIP","floor":18},{"not_picked":["Sunder","Gash"],"picked":"Compile Driver","floor":19},{"not_picked":["Barrage","Go for the Eyes","Heatsinks+1"],"picked":"SKIP","floor":21},{"not_picked":["Barrage","Go for the Eyes"],"picked":"Heatsinks+1","floor":21},{"not_picked":["Reprogram","Ball Lightning"],"picked":"Buffer","floor":24}],"player_experience":895802,"relics_obtained":[{"floor":7.0,"key":"Pantograph"},{"floor":9.0,"key":"Bag of Marbles"},{"floor":14.0,"key":"Bird Faced Urn"}],"event_choices":[{"damage_healed":0.0,"max_hp_gain":0.0,"max_hp_loss":0.0,"gold_gain":0.0,"event_name":"Shining Light","player_choice":"Ignored","floor":4.0,"gold_loss":0.0,"damage_taken":0.0},{"damage_healed":0.0,"max_hp_gain":0.0,"max_hp_loss":0.0,"gold_gain":75.0,"event_name":"World of Goop","player_choice":"Gather Gold","floor":8.0,"gold_loss":0.0,"damage_taken":11.0},{"cards_removed":["Strike_B"],"damage_healed":0.0,"max_hp_gain":0.0,"max_hp_loss":0.0,"gold_gain":0.0,"event_name":"Golden Wing","player_choice":"Card Removal","floor":11.0,"gold_loss":0.0,"damage_taken":7.0}],"is_beta":false,"boss_relics":[{"not_picked":["Busted Crown","Velvet Choker"],"picked":"Nuclear Battery"}],"items_purged_floors":[2,20],"is_endless":false,"potions_floor_spawned":[13,21],"killed_by":"Gremlin Leader","ascension_level":20}}