{"host":"91blwi3hgehj6ch9","time":1610600982,"event":{"mods":["2.2 Compatiblity","AchievementEnabler","BaseMod","Colored Map","DeckTracker","Googly Eyes","Keyboard Shortcuts","Minty Spire (QoL Compilation)","Permanent Neow","Quick Restart","StSLib","SuperFastMode","everything is the same but u backflip on backflip"],"gold_per_floor":[114,189,204,48,60,60,79,79,79,110,174,187,287,300,300,378,378,388,135,135,75,75,75,109,109,109,109,126,126,126],"floor_reached":29,"language":"KOR","playtime":866,"items_purged":["Defend_P","Defend_P"],"score":410,"play_id":"318eb9d2-572d-4c54-b6be-ce34bc9833ba","local_time":"20210114140942","is_ascension_mode":true,"campfire_choices":[{"data":"Eruption","floor":6.0,"key":"SMITH"},{"floor":8.0,"key":"REST"},{"floor":15,"key":"REST"},{"data":"MentalFortress","floor":23,"key":"SMITH"},{"floor":25,"key":"REST"},{"floor":27,"key":"REST"}],"circlet_count":0,"master_deck":["AscendersBane","Strike_P","Strike_P","Defend_P","Defend_P","Eruption+1","Vigilance","SashWhip","WheelKick","FearNoEvil","Halt","EmptyBody","Protect","MentalFortress+1","DeusExMachina","Prostrate+1","CrushJoints"],"relics":["VioletLotus","Art of War","Pantograph","Dream Catcher","Empty Cage","Potion Belt","TeardropLocket","Regal Pillow"],"acts_visited":["Exordium","TheCity"],"potions_floor_usage":[14,16,24],"damage_taken":[{"damage":16.0,"enemies":"Small Slimes","floor":1.0,"turns":4.0},{"damage":0.0,"enemies":"Cultist","floor":3.0,"turns":2.0},{"damage":7.0,"enemies":"2 Louse","floor":5.0,"turns":2.0},{"damage":0.0,"enemies":"Large Slime","floor":7.0,"turns":4.0},{"damage":30.0,"enemies":"3 Sentries","floor":10.0,"turns":6.0},{"damage":20.0,"enemies":"Lagavulin Event","floor":11.0,"turns":3.0},{"damage":0.0,"enemies":"Exordium Wildlife","floor":12.0,"turns":2.0},{"damage":1,"enemies":"Red Slaver","floor":14,"turns":5},{"damage":36,"enemies":"The Guardian","floor":16,"turns":15},{"damage":0,"enemies":"Spheric Guardian","floor":18,"turns":6},{"damage":17,"enemies":"2 Thieves","floor":21,"turns":4},{"damage":18,"enemies":"Gremlin Leader","floor":24,"turns":7},{"damage":19,"enemies":"Snake Plant","floor":28,"turns":4},{"damage":60,"enemies":"Slavers","floor":29,"turns":3}],"seed_played":"-9188373462184926580","potions_obtained":[{"floor":5.0,"key":"AttackPotion"},{"floor":10.0,"key":"Dexterity Potion"},{"floor":14,"key":"Block Potion"},{"floor":18,"key":"Explosive Potion"}],"is_trial":false,"path_per_floor":["M","?","M","$","M","R","M","R","T","E","?","M","?","M","R","B",null,"M","$","?","M","?","R","E","R","T","R","M","E"],"character_chosen":"WATCHER","items_purchased":["FearNoEvil","Potion Belt"],"campfire_rested":4,"item_purchase_floors":[4,19],"current_hp_per_floor":[45,39,39,39,32,32,32,52,52,22,2,2,2,1,21,10,54,54,54,54,37,37,37,19,39,39,68,49,0,0],"gold":126,"neow_bonus":"BOSS_RELIC","is_daily":false,"chose_seed":false,"campfire_upgraded":2,"win_rate":0.0,"timestamp":1610600982,"path_taken":["M","?","M","?","M","R","M","R","T","E","?","M","?","M","R","BOSS","M","?","?","?","?","R","E","R","T","R","M","E"],"items_purchased_type":["Card","Relic"],"build_version":"2020-12-22","purchased_purges":2,"victory":false,"max_hp_per_floor":[68,68,68,68,68,68,68,68,68,68,68,68,68,68,68,68,68,68,68,68,68,68,68,68,68,68,68,68,68,68],"card_choices":[{"not_picked":["ReachHeaven","FlyingSleeves"],"picked":"SashWhip","floor":1.0},{"not_picked":["Study","JustLucky"],"picked":"WheelKick","floor":3.0},{"not_picked":["Crescendo","JustLucky","Ragnarok"],"picked":"SKIP","floor":5.0},{"not_picked":["ThirdEye","ClearTheMind","ForeignInfluence"],"picked":"SKIP","floor":7.0},{"not_picked":["Crescendo","BowlingBash"],"picked":"Halt","floor":10.0},{"not_picked":["Crescendo","Indignation"],"picked":"EmptyBody","floor":11.0},{"not_picked":["BowlingBash","LikeWater"],"picked":"Protect","floor":12.0},{"not_picked":["Halt","Consecrate","WheelKick"],"picked":"SKIP","floor":14},{"not_picked":["WaveOfTheHand","SignatureMove"],"picked":"MentalFortress","floor":15},{"not_picked":["ConjureBlade","Wish"],"picked":"DeusExMachina","floor":16},{"not_picked":["JustLucky","SignatureMove","WindmillStrike"],"picked":"SKIP","floor":18},{"not_picked":["SandsOfTime","Fasting2","EmptyBody"],"picked":"SKIP","floor":21},{"not_picked":["FlurryOfBlows","Wireheading","JustLucky"],"picked":"SKIP","floor":24},{"not_picked":["FlurryOfBlows","Wireheading","JustLucky"],"picked":"SKIP","floor":24},{"not_picked":["PathToVictory","Protect"],"picked":"Prostrate+1","floor":25},{"not_picked":["BowlingBash","Evaluate"],"picked":"CrushJoints","floor":27},{"not_picked":["FollowUp+1","Weave","SashWhip"],"picked":"SKIP","floor":28}],"player_experience":179533,"relics_obtained":[{"floor":9.0,"key":"Art of War"},{"floor":10.0,"key":"Pantograph"},{"floor":11.0,"key":"Dream Catcher"},{"floor":24,"key":"TeardropLocket"},{"floor":26,"key":"Regal Pillow"}],"event_choices":[{"damage_healed":0.0,"max_hp_gain":0.0,"max_hp_loss":0.0,"gold_gain":75.0,"event_name":"FaceTrader","player_choice":"Touch","floor":2.0,"gold_loss":0.0,"damage_taken":6.0},{"damage_healed":0.0,"max_hp_gain":0.0,"max_hp_loss":0.0,"gold_gain":0.0,"event_name":"Dead Adventurer","player_choice":"Searched \u00271\u0027 times","floor":11.0,"gold_loss":0.0,"damage_taken":0.0},{"damage_healed":0.0,"max_hp_gain":0.0,"max_hp_loss":0.0,"gold_gain":100.0,"event_name":"Golden Shrine","player_choice":"Pray","floor":13.0,"gold_loss":0.0,"damage_taken":0.0},{"damage_healed":0,"gold_gain":0,"player_choice":"0 cards matched","damage_taken":0,"max_hp_gain":0,"max_hp_loss":0,"event_name":"Match and Keep!","floor":20,"gold_loss":0,"cards_obtained":[]},{"damage_healed":0,"gold_gain":0,"player_choice":"Ignored","damage_taken":0,"max_hp_gain":0,"max_hp_loss":0,"event_name":"Vampires","floor":22,"gold_loss":0}],"is_beta":false,"boss_relics":[{"not_picked":["Black Star","SlaversCollar"],"picked":"Empty Cage"}],"items_purged_floors":[4,19],"is_endless":false,"potions_floor_spawned":[5,10,14,18],"killed_by":"Slavers","ascension_level":14}}