{"host":"ojme7g6xlqwffsso","time":1610631578,"event":{"mods":["BaseMod","Downfall","Minty Spire (QoL Compilation)","Shop Mod","StSLib"],"gold_per_floor":[99,111,561,580,580,580,580,599,661,681,681,139,64,74,92,188,188,188,188,5,5,5,5,5,5,5,0,0,0,0,0,0,0,0,0,0,0,0,0,0,0,0,0,0,0,0,0,0,0,0,0,0,0,0,0],"floor_reached":56,"language":"ENG","playtime":3553,"items_purged":["Slimebound:Icky","Slimebound:Icky"],"score":1647,"play_id":"e7ddacce-d09e-47a7-ab50-b7524b5f1feb","local_time":"20210114223938","is_ascension_mode":true,"campfire_choices":[{"data":"hexamod:Float","floor":1,"key":"SMITH"},{"floor":6,"key":"REST"},{"floor":11,"key":"RECALL"},{"data":"hexamod:WildfireWeapon","floor":13,"key":"SMITH"},{"data":"hexamod:SkipABeat","floor":18,"key":"SMITH"},{"data":"hexamod:Rewind","floor":25,"key":"SMITH"},{"data":"hexamod:UnlimitedPower","floor":30,"key":"SMITH"},{"data":"Slimebound:Icky","floor":35,"key":"PURGE"},{"data":"hexamod:EmpoweringStance","floor":46,"key":"PURGE"},{"data":"hexamod:SixthSeal","floor":54,"key":"PURGE"}],"circlet_count":0,"master_deck":["hexamod:Strike+1","hexamod:Strike","hexamod:Strike+1","hexamod:Strike","hexamod:Defend","hexamod:Defend+1","hexamod:Defend","hexamod:Defend+1","hexamod:Sear+1","hexamod:Float+1","hexamod:SwordOfDarkness","hexamod:GhostOfSpirePast+1","hexamod:HeatCrush+1","hexamod:Firestarter+1","hexamod:ThermalTransfer+1","hexamod:AdvancingGuard+1","hexamod:WildfireWeapon+1","hexamod:Hexaguard+1","hexamod:SkipABeat+1","hexamod:SpectersWail+1","hexamod:GhostflameInferno+1","hexamod:CrushingStance","hexamod:SpectralSpark+1","hexamod:ShieldOfDarkness+1","hexamod:FirstSeal","hexamod:ExtraCrispy","hexamod:Rewind+1","Necronomicurse","hexamod:StepThrough","hexamod:SkipABeat","hexamod:UnlimitedPower+1","hexamod:FastForward+1","hexamod:RetreatToShadows","hexamod:UnlimitedPower","hexamod:NecessarySacrifice+1","hexamod:StepThrough","hexamod:UnlimitedPower+1","hexamod:SpectralAdrenaline","hexamod:HauntingEcho","hexamod:FastForward+1","hexamod:Hexaguard","hexamod:UnleashSpirits","hexamod:BacktrackSmack"],"relics":["hexamod:SpiritBrand","downfall:ShatteredFragment","Blood Vial","MerchantsRug","Question Card","downfall:HeartBlessingRed","downfall:Hecktoplasm","Necronomicon","CaptainsWheel","hexamod:TheBrokenSeal","Peace Pipe","downfall:HeartBlessingGreen","Fusion Hammer","Smiling Mask","Dead Branch","downfall:HeartBlessingBlue","Orichalcum","hexamod:SoulOfChaos","Bird Faced Urn"],"acts_visited":["Exordium","TheCity","TheBeyond","TheEnding"],"potions_floor_usage":[9,12,16,20,21,28,29,33,39,45],"damage_taken":[{"damage":20,"enemies":"Small Slimes","floor":2,"turns":4},{"damage":6,"enemies":"Jaw Worm","floor":4,"turns":3},{"damage":0,"enemies":"Cultist","floor":8,"turns":3},{"damage":14,"enemies":"3 Sentries","floor":9,"turns":8},{"damage":3,"enemies":"2 Fungi Beasts","floor":10,"turns":4},{"damage":0,"enemies":"downfall:FleeingMerchant","floor":12,"turns":4},{"damage":1,"enemies":"Large Slime","floor":14,"turns":6},{"damage":12,"enemies":"Lots of Slimes","floor":15,"turns":4},{"damage":26,"enemies":"downfall:Watcher","floor":16,"turns":9},{"damage":19,"enemies":"Spheric Guardian","floor":19,"turns":5},{"damage":4,"enemies":"downfall:FleeingMerchant","floor":20,"turns":4},{"damage":20,"enemies":"Cultist and Chosen","floor":21,"turns":6},{"damage":12,"enemies":"Snecko","floor":23,"turns":3},{"damage":6,"enemies":"Centurion and Healer","floor":26,"turns":6},{"damage":9,"enemies":"downfall:FleeingMerchant","floor":27,"turns":4},{"damage":15,"enemies":"Sentry and Sphere","floor":28,"turns":7},{"damage":32,"enemies":"Gremlin Leader","floor":29,"turns":5},{"damage":0,"enemies":"Snecko","floor":31,"turns":3},{"damage":4,"enemies":"Chosen and Byrds","floor":32,"turns":3},{"damage":27,"enemies":"downfall:Silent","floor":33,"turns":6},{"damage":5,"enemies":"3 Darklings","floor":36,"turns":3},{"damage":10,"enemies":"Orb Walker","floor":37,"turns":2},{"damage":11,"enemies":"downfall:FleeingMerchant","floor":39,"turns":3},{"damage":17,"enemies":"3 Darklings","floor":40,"turns":3},{"damage":4,"enemies":"Reptomancer","floor":42,"turns":4},{"damage":9,"enemies":"Jaw Worm Horde","floor":43,"turns":4},{"damage":0,"enemies":"Spire Growth","floor":44,"turns":2},{"damage":9,"enemies":"2 Orb Walkers","floor":45,"turns":3},{"damage":25,"enemies":"Nemesis","floor":47,"turns":3},{"damage":0,"enemies":"Mind Bloom Boss Battle","floor":48,"turns":4},{"damage":0,"enemies":"3 Darklings","floor":49,"turns":3},{"damage":6,"enemies":"downfall:Defect","floor":50,"turns":3},{"damage":6,"enemies":"downfall:CharBossMerchant","floor":52,"turns":4},{"damage":10,"enemies":"downfall:NeowBoss","floor":55,"turns":18}],"seed_played":"610084400725609761","potions_obtained":[{"floor":2,"key":"ColorlessPotion"},{"floor":8,"key":"LiquidMemories"},{"floor":9,"key":"GamblersBrew"},{"floor":15,"key":"Slimebound:ThreeZeroPotion"},{"floor":16,"key":"Fruit Juice"},{"floor":16,"key":"Dexterity Potion"},{"floor":19,"key":"SneckoOil"},{"floor":20,"key":"Energy Potion"},{"floor":21,"key":"Guardian:BlockOnCardUsePotion"},{"floor":21,"key":"GamblersBrew"},{"floor":28,"key":"Ancient Potion"},{"floor":31,"key":"SkillPotion"},{"floor":36,"key":"hexamod:DoubleChargePotion"},{"floor":43,"key":"Block Potion"},{"floor":45,"key":"Explosive Potion"}],"is_trial":false,"path_per_floor":["R","M","?","M","?","R","T","M","?","M","R","$","R","M","M","B",null,"R","M","$","M","?","M","T","R","M","$","M","E","R","M","M","B",null,"R","M","M","?","$","M","T","E","M","M","?","R","E","?","M","B",null,"E","$","R","B",null],"character_chosen":"THE_SPIRIT","items_purchased":["MerchantsRug","hexamod:WildfireWeapon","Question Card","hexamod:ExtraCrispy"],"campfire_rested":1,"item_purchase_floors":[12,12,12,20],"current_hp_per_floor":[45,25,25,26,5,26,36,43,29,35,35,37,37,45,42,30,71,71,61,66,62,46,50,50,50,60,60,95,70,70,72,70,52,84,84,81,80,80,71,56,56,61,61,63,56,66,43,45,47,43,90,86,86,86,102],"gold":0,"neow_bonus":"THREE_RARE_CARDS","is_daily":false,"chose_seed":false,"campfire_upgraded":5,"win_rate":0.0,"timestamp":1610631578,"path_taken":["R","M","?","M","?","R","T","M","?","M","R","$","R","M","M","BOSS","R","M","$","M","?","M","T","R","M","$","M","E","R","M","M","BOSS","R","M","M","?","?","M","T","E","M","M","?","R","E","?","M","BOSS","E","$","R","BOSS"],"items_purchased_type":["Relic","Card","Relic","Card"],"build_version":"2020-12-22","purchased_purges":2,"victory":true,"max_hp_per_floor":[70,70,70,70,70,70,80,80,80,80,80,80,80,80,80,85,85,85,85,85,85,85,85,85,85,85,85,95,95,95,95,95,95,95,95,95,95,95,95,95,95,95,95,95,95,105,105,105,105,105,105,105,105,105,105],"card_choices":[{"not_picked":["hexamod:Toasty","hexamod:CrushingStance"],"picked":"hexamod:FifthSeal","floor":0},{"not_picked":["hexamod:SecondSeal","hexamod:SixthSeal"],"picked":"hexamod:FirstSeal","floor":2},{"not_picked":["hexamod:NightmareGuise","hexamod:GhostLash"],"picked":"hexamod:SwordOfDarkness","floor":2},{"not_picked":["hexamod:SpectralSpark","hexamod:RadiantFlame"],"picked":"hexamod:GhostOfSpirePast","floor":4},{"not_picked":["hexamod:InspiringFlames","hexamod:FlamesFromBeyond"],"picked":"hexamod:HeatCrush","floor":8},{"not_picked":["hexamod:FourthSeal","hexamod:SecondSeal"],"picked":"hexamod:ThirdSeal","floor":9},{"not_picked":["hexamod:PhantomCloak","hexamod:FlamesFromBeyond"],"picked":"hexamod:Firestarter","floor":9},{"not_picked":["hexamod:FirstSeal","hexamod:ThirdSeal"],"picked":"hexamod:SixthSeal","floor":10},{"not_picked":["hexamod:GhostflameInferno","hexamod:InspiringFlames"],"picked":"hexamod:ThermalTransfer","floor":10},{"not_picked":["hexamod:BacktrackSmack","hexamod:Incineration"],"picked":"hexamod:AdvancingGuard","floor":12},{"not_picked":["hexamod:FirstSeal","hexamod:ThirdSeal","hexamod:SixthSeal"],"picked":"hexamod:FourthSeal","floor":14},{"not_picked":["hexamod:BurningTouch","hexamod:Again","hexamod:SwordOfDarkness"],"picked":"hexamod:Hexaguard","floor":14},{"not_picked":["hexamod:AdvancingGuard","hexamod:FirstSeal","hexamod:FourthSeal"],"picked":"hexamod:SkipABeat","floor":14},{"not_picked":["hexamod:ChargedBarrage","hexamod:ThermalTransfer","hexamod:EmpoweringStance"],"picked":"hexamod:SpectersWail","floor":15},{"not_picked":["hexamod:FourthSeal","hexamod:FirstSeal","hexamod:ThirdSeal"],"picked":"hexamod:SixthSeal","floor":16},{"not_picked":["hexamod:UnlimitedPower","hexamod:SixthSeal","hexamod:EmpoweringStance"],"picked":"hexamod:GhostflameInferno","floor":16},{"not_picked":["hexamod:WildfireWeapon","hexamod:TurnItUp","hexamod:UnleashSpirits"],"picked":"hexamod:CrushingStance","floor":16},{"not_picked":["hexamod:SixthSeal","hexamod:ThirdSeal","hexamod:FirstSeal"],"picked":"hexamod:SecondSeal","floor":19},{"not_picked":["hexamod:SpectersWail","hexamod:ThermalTransfer","hexamod:GhostLash"],"picked":"hexamod:SpectralSpark","floor":19},{"not_picked":["hexamod:HeatMetal","hexamod:GhostOfSpirePast","hexamod:Firestarter+1"],"picked":"hexamod:ShieldOfDarkness+1","floor":19},{"not_picked":["hexamod:FlamesFromBeyond","hexamod:Firestarter","hexamod:NightmareGuise+1"],"picked":"hexamod:FirstSeal","floor":20},{"not_picked":["hexamod:SpectersWail","hexamod:BurningTouch","hexamod:Firestarter"],"picked":"hexamod:EmpoweringStance","floor":20},{"not_picked":["hexamod:EtherealExpedition","hexamod:RainOfEmbers","hexamod:SuperheatedStrike"],"picked":"hexamod:Rewind","floor":21},{"not_picked":["hexamod:NightmareStrike+1","hexamod:PhantomCloak","hexamod:Hexaguard+1","hexamod:AdvancingGuard+1"],"picked":"SKIP","floor":21},{"not_picked":["hexamod:CatchUp","hexamod:GhostShield","hexamod:NightmareGuise"],"picked":"hexamod:StepThrough","floor":23},{"not_picked":["hexamod:NightmareGuise+1","hexamod:GhostLash","hexamod:ExtraCrispy"],"picked":"hexamod:SkipABeat","floor":26},{"not_picked":["hexamod:NightmareStrike+1","hexamod:Hexaguard+1","hexamod:BurningTouch","hexamod:ThermalTransfer"],"picked":"SKIP","floor":26},{"not_picked":["hexamod:AdvancingGuard","hexamod:ParanormalForm","hexamod:GhostShield"],"picked":"hexamod:UnlimitedPower","floor":27},{"not_picked":["hexamod:FourthSeal","hexamod:FirstSeal","hexamod:ThirdSeal","hexamod:SixthSeal"],"picked":"SKIP","floor":28},{"not_picked":["hexamod:ThermalTransfer","hexamod:GhostLash+1","hexamod:NightmareStrike","hexamod:RainOfEmbers+1"],"picked":"SKIP","floor":28},{"not_picked":["hexamod:GhostflameBarrier","hexamod:FlamesFromBeyond","hexamod:InspiringFlames"],"picked":"hexamod:FastForward+1","floor":29},{"not_picked":["hexamod:SoulSteal+1","hexamod:NightmareGuise","hexamod:RainOfEmbers"],"picked":"hexamod:RetreatToShadows","floor":31},{"not_picked":["hexamod:ThermalTransfer","hexamod:PhantomFireball","hexamod:SpectersWail","hexamod:VolcanoVisage"],"picked":"SKIP","floor":32},{"not_picked":["hexamod:WildfireWeapon","hexamod:Toasty","hexamod:EmpoweringStance"],"picked":"hexamod:UnlimitedPower","floor":33},{"not_picked":["hexamod:GhostShield","hexamod:SwordOfDarkness","hexamod:Hexaguard+1"],"picked":"hexamod:NecessarySacrifice+1","floor":36},{"not_picked":["hexamod:FourthSeal","hexamod:InspiringFlames+1","hexamod:FirstSeal"],"picked":"hexamod:StepThrough","floor":37},{"not_picked":["hexamod:NightmareGuise","hexamod:NightmareStrike","hexamod:ThermalTransfer"],"picked":"hexamod:SpectralAdrenaline","floor":39},{"not_picked":["hexamod:GhostflameBarrier+1","hexamod:ExtraCrispy+1","hexamod:SuperheatedStrike","hexamod:GhostOfSpirePresent"],"picked":"SKIP","floor":40},{"not_picked":["hexamod:FirstSeal","hexamod:RecurringNightmare","hexamod:SpectersWail+1","hexamod:AdvancingGuard+1"],"picked":"SKIP","floor":42},{"not_picked":["hexamod:ShieldOfDarkness+1","hexamod:DynamicBlow","hexamod:SuperheatedStrike+1"],"picked":"hexamod:HauntingEcho","floor":43},{"not_picked":["hexamod:NightmareStrike+1","hexamod:RainOfEmbers+1","hexamod:SpectralSpark"],"picked":"hexamod:FastForward+1","floor":44},{"not_picked":["hexamod:FastForward","hexamod:RetreatToShadows","hexamod:SpectersWail+1"],"picked":"hexamod:Hexaguard","floor":45},{"not_picked":["hexamod:InspiringFlames+1","hexamod:BurningTouch+1","hexamod:GhostLash"],"picked":"hexamod:UnleashSpirits","floor":47},{"not_picked":["hexamod:GhostflameBarrier+1","hexamod:FirstSeal","hexamod:FourthSeal"],"picked":"hexamod:BacktrackSmack","floor":49},{"not_picked":["hexamod:SecondSeal","hexamod:SixthSeal","hexamod:Firestarter","hexamod:PhantomFireball"],"picked":"SKIP","floor":52}],"player_experience":849719,"relics_obtained":[{"floor":7,"key":"Pear"},{"floor":9,"key":"Blood Vial"},{"floor":22,"key":"Necronomicon"},{"floor":24,"key":"CaptainsWheel"},{"floor":29,"key":"Peace Pipe"},{"floor":42,"key":"Smiling Mask"},{"floor":45,"key":"Dead Branch"},{"floor":47,"key":"Orichalcum"},{"floor":48,"key":"hexamod:SoulOfChaos"},{"floor":52,"key":"Bird Faced Urn"}],"event_choices":[{"damage_healed":0,"gold_gain":0,"player_choice":"Copied","damage_taken":0,"max_hp_gain":0,"max_hp_loss":0,"event_name":"Duplicator","floor":38,"gold_loss":0,"cards_obtained":["hexamod:UnlimitedPower"]},{"damage_healed":0,"gold_gain":0,"player_choice":"Fight","damage_taken":0,"max_hp_gain":0,"max_hp_loss":0,"event_name":"Mysterious Sphere","floor":45,"gold_loss":0}],"is_beta":false,"boss_relics":[{"not_picked":["Runic Pyramid","Velvet Choker"],"picked":"downfall:Hecktoplasm"},{"not_picked":["Pandora\u0027s Box","Runic Dome"],"picked":"Fusion Hammer"}],"items_purged_floors":[12,20],"is_endless":false,"potions_floor_spawned":[2,8,9,15,16,21,28,31,32,36,43,45,47,49,52],"ascension_level":6}}