{"host":"Angela","time":1610621802,"event":{"mods":["2.2 Compatiblity","Act Like it!","Aspiration","BaseMod","Better Third Choice","Colored Map","Conspire","DeckTracker","Downfall","Friendly Minions","Halation","Hubris","Infinite Spire","Mimic Mod","Minty Spire (QoL Compilation)","Relic Stats","Replay The Spire","Shop Mod","Spikes Relics","StSLib","vexMod"],"gold_per_floor":[99,116,131,143,162,174,174,188,188,188,200,229,242,254,273,369,369,369,386,401,401,90,124,164,164,193,208,219,219,229,229,248,352,352,352,366,378,411,411,422,422,437,437,457,457,139,139,24,41,41,41,41],"floor_reached":50,"language":"ENG","playtime":6630,"items_purged":["Guardian:Defend_Guardian","Guardian:Defend_Guardian"],"score":569,"play_id":"ce6c29ae-d599-468a-ab98-d5615bd2a2de","local_time":"20210114075642","is_ascension_mode":false,"campfire_choices":[{"data":"Guardian:TwinSlam","floor":10,"key":"SMITH"},{"data":"Guardian:FastForward","floor":18,"key":"SMITH"},{"data":"Guardian:Planning","floor":25,"key":"SMITH"},{"data":"Guardian:RevengeProtocol","floor":29,"key":"SMITH"},{"floor":35,"key":"RECALL"},{"floor":43,"key":"REST"},{"data":"Guardian:CurlUp","floor":45,"key":"SMITH"},{"data":"Guardian:DecasProtection","floor":47,"key":"SMITH"}],"circlet_count":0,"master_deck":["Guardian:Strike_Guardian","Guardian:Strike_Guardian","Guardian:Strike_Guardian","Guardian:Defend_Guardian","Guardian:Defend_Guardian","Guardian:CurlUp+1","Guardian:TwinSlam+1","Guardian:Planning+1","Guardian:FloatingOrbs","Guardian:FloatingOrbs","Guardian:PiercingHide","Guardian:SentryBeam+1","Guardian:BronzeOrb","Guardian:RefractedBeam+1","Guardian:TimeCapacitor","Guardian:FastForward+1","Guardian:DecasProtection+1","Guardian:Suspension","Guardian:CrystalBeam+1","expansioncontent:SuperHexaguard","Guardian:RevengeProtocol+1","Guardian:RollAttack","Guardian:PiercingHide+1","vexMod:UltimateCard","Guardian:TimeSifter","expansioncontent:SuperHexaguard","infinitespire:Fortify","Guardian:DecasProtection+1","Guardian:PrimingBeam+1","Guardian:DecasProtection+1","Guardian:WalkerClaw","Guardian:PiercingHide","Guardian:WalkerClaw","Guardian:SpikerProtocol","Guardian:CrystalBeam"],"relics":["Guardian:ModeShifter","Snack Pack","halation:QuantumPhysicsTextbook","Black Star","Nunchaku","SpikesRelics:DaevaFist","infinitespire:CursedDice","Vajra","infinitespire:Lucky Rock","halation:EternalFortune","Pondfish Scales","conspire:TopHat","MerchantsRug"],"acts_visited":["Exordium","TheCity","TheBeyond"],"potions_floor_usage":[6,16,23,27,28,32,36,37,38,38,46,48],"damage_taken":[{"damage":1,"enemies":"conspire:RoseBush","floor":2,"turns":3},{"damage":0,"enemies":"2 Louse","floor":3,"turns":2},{"damage":4,"enemies":"Cultist","floor":4,"turns":4},{"damage":14,"enemies":"Lots of Slimes","floor":5,"turns":5},{"damage":2,"enemies":"Blue Slaver","floor":6,"turns":4},{"damage":5,"enemies":"2 Fungi Beasts","floor":8,"turns":3},{"damage":0,"enemies":"Large Slime","floor":11,"turns":4},{"damage":1,"enemies":"Replay:BlueRogue","floor":12,"turns":5},{"damage":10,"enemies":"Lots of Slimes","floor":13,"turns":4},{"damage":7,"enemies":"Gremlin Gang","floor":14,"turns":4},{"damage":0,"enemies":"Exordium Wildlife","floor":15,"turns":2},{"damage":9,"enemies":"downfall:Watcher","floor":16,"turns":10},{"damage":0,"enemies":"Shell Parasite","floor":19,"turns":5},{"damage":8,"enemies":"Spheric Guardian","floor":20,"turns":4},{"damage":0,"enemies":"downfall:FleeingMerchant","floor":22,"turns":4},{"damage":0,"enemies":"Gremlin Leader","floor":23,"turns":7},{"damage":1,"enemies":"3 Cultists","floor":24,"turns":7},{"damage":0,"enemies":"conspire:Head Lice","floor":26,"turns":9},{"damage":18,"enemies":"3 Cultists","floor":27,"turns":5},{"damage":4,"enemies":"Snake Plant","floor":28,"turns":6},{"damage":0,"enemies":"Centurion and Healer","floor":30,"turns":5},{"damage":0,"enemies":"Shelled Parasite and Fungi","floor":32,"turns":5},{"damage":5,"enemies":"downfall:Ironclad","floor":33,"turns":6},{"damage":5,"enemies":"3 Darklings","floor":36,"turns":5},{"damage":0,"enemies":"Orb Walker","floor":37,"turns":4},{"damage":20,"enemies":"conspire:MimicChest","floor":38,"turns":7},{"damage":29,"enemies":"4 Shapes","floor":40,"turns":5},{"damage":24,"enemies":"Jaw Worm Horde","floor":42,"turns":5},{"damage":9,"enemies":"3 Darklings","floor":44,"turns":6},{"damage":0,"enemies":"downfall:FleeingMerchant","floor":46,"turns":4},{"damage":1,"enemies":"downfall:FleeingMerchant","floor":48,"turns":4},{"damage":0,"enemies":"Writhing Mass","floor":49,"turns":5},{"damage":85,"enemies":"downfall:Silent","floor":50,"turns":9}],"seed_played":"-5871741086071707791","potions_obtained":[{"floor":4,"key":"champ:CounterPotion"},{"floor":5,"key":"LiquidMemories"},{"floor":9,"key":"LiquidMemories"},{"floor":9,"key":"Swift Potion"},{"floor":11,"key":"Ancient Potion"},{"floor":19,"key":"FearPotion"},{"floor":23,"key":"Flashbang"},{"floor":27,"key":"Dexterity Potion"},{"floor":28,"key":"DistilledChaos"},{"floor":32,"key":"Adrenaline Potion"},{"floor":33,"key":"Adrenaline Potion"},{"floor":37,"key":"PowerPotion"},{"floor":42,"key":"Languid Potion"},{"floor":44,"key":"LiquidMemories"},{"floor":49,"key":"SpeedPotion"}],"is_trial":false,"path_per_floor":["R_BF","M","M","M","M","M","T","M","?","R","M","E","M","M","M","B",null,"R","M","M","?","$","E","MIM","R","E","M","M","R","M","?","M","B",null,"R_BF","M","M","?","?","M","T","M","R","M","R","$","R","$","M","B"],"character_chosen":"GUARDIAN","items_purchased":["Guardian:Gem_Red","Nunchaku","expansioncontent:SuperHexaguard","Guardian:PiercingHide","conspire:TopHat","Guardian:WalkerClaw","MerchantsRug"],"campfire_rested":1,"item_purchase_floors":[22,22,22,46,46,46,46],"current_hp_per_floor":[88,87,87,83,69,67,67,64,64,64,70,73,67,66,70,79,88,88,88,80,80,84,88,88,88,88,72,70,70,72,75,77,78,91,91,88,88,74,74,45,45,23,50,43,43,45,45,50,54,0,0,0],"gold":41,"neow_bonus":"TEN_PERCENT_HP_BONUS","is_daily":false,"chose_seed":false,"campfire_upgraded":6,"win_rate":0.0,"timestamp":1610621802,"path_taken":["R_BF","?","M","M","M","M","T","M","?","R","?","E","M","M","M","BOSS","R","M","?","?","$","E","MIM","R","E","M","M","R","M","?","M","BOSS","R_BF","M","M","?","?","M","T","?","R","?","R","$","R","$","M","BOSS"],"items_purchased_type":["Card","Relic","Card","Card","Relic","Card","Relic"],"build_version":"2020-12-18","purchased_purges":2,"victory":false,"max_hp_per_floor":[88,88,88,88,88,88,88,88,88,88,88,88,88,88,88,88,88,88,88,88,88,88,88,88,88,88,88,88,88,88,91,91,91,91,91,91,91,91,91,91,91,91,91,91,91,91,91,91,91,91,91,91],"relic_stats":{"Nunchaku":[21],"counters":[33,167],"Black Star":2,"obtain_stats":[{"MerchantsRug":46,"halation:QuantumPhysicsTextbook":12,"infinitespire:CursedDice":23,"Guardian:ModeShifter":0,"Vajra":26,"ReplayTheSpireMod:SealedPack":34,"infinitespire:Lucky Rock":26,"Whetstone":38,"conspire:TopHat":46,"Nunchaku":22,"Pondfish Scales":41,"halation:EternalFortune":31,"Snack Pack":7,"Black Star":17,"SpikesRelics:DaevaFist":23},{"MerchantsRug":30,"halation:QuantumPhysicsTextbook":8,"infinitespire:CursedDice":16,"Guardian:ModeShifter":0,"Vajra":18,"ReplayTheSpireMod:SealedPack":23,"infinitespire:Lucky Rock":18,"Whetstone":26,"conspire:TopHat":30,"Nunchaku":15,"Pondfish Scales":27,"halation:EternalFortune":21,"Snack Pack":5,"Black Star":12,"SpikesRelics:DaevaFist":16},{"MerchantsRug":149,"halation:QuantumPhysicsTextbook":30,"infinitespire:CursedDice":70,"Guardian:ModeShifter":0,"Vajra":86,"ReplayTheSpireMod:SealedPack":113,"infinitespire:Lucky Rock":86,"Whetstone":129,"conspire:TopHat":149,"Nunchaku":63,"Pondfish Scales":134,"halation:EternalFortune":102,"Snack Pack":18,"Black Star":50,"SpikesRelics:DaevaFist":70}]},"card_choices":[{"not_picked":["Guardian:TimeBomb","Guardian:ShieldCharger"],"picked":"Guardian:Gem_Cyan","floor":2},{"not_picked":["Guardian:Gem_Green","Guardian:Suspension"],"picked":"Guardian:FloatingOrbs","floor":3},{"not_picked":["Guardian:Gem_White","Guardian:VentSteam"],"picked":"Guardian:FloatingOrbs","floor":4},{"not_picked":["Guardian:Emergency","Guardian:EvasiveProtocol"],"picked":"Guardian:PiercingHide","floor":5},{"not_picked":["Guardian:TemporalStrike","Guardian:ConstructionForm"],"picked":"Guardian:SentryBeam","floor":6},{"not_picked":["Guardian:RollAttack","Guardian:WalkerClaw"],"picked":"Guardian:Gem_Red","floor":8},{"not_picked":["Guardian:ChargeCore","Guardian:Gem_Green"],"picked":"Guardian:BronzeOrb","floor":11},{"not_picked":["Guardian:ShieldCharger","Guardian:Gem_Lightblue"],"picked":"Guardian:Gem_Cyan","floor":12},{"not_picked":["Guardian:SpikerProtocol","Guardian:TimeBomb"],"picked":"Guardian:RefractedBeam","floor":13},{"not_picked":["Guardian:Gem_Cyan","Guardian:VentSteam"],"picked":"Guardian:Gem_White","floor":14},{"not_picked":["Guardian:WalkerClaw","Guardian:ShieldSpikes"],"picked":"Guardian:TimeCapacitor","floor":15},{"not_picked":["Guardian:ConstructionForm","Guardian:ExploitGems"],"picked":"Guardian:FastForward","floor":16},{"not_picked":["Guardian:ChargeCore","Guardian:Gem_White"],"picked":"Guardian:DecasProtection","floor":19},{"not_picked":["Guardian:RollAttack+1","Guardian:WalkerClaw"],"picked":"Guardian:Suspension","floor":20},{"not_picked":["Guardian:StasisStrike","Guardian:WalkerClaw+1"],"picked":"Guardian:CrystalBeam+1","floor":22},{"not_picked":["Guardian:RollAttack","Guardian:Suspension"],"picked":"Guardian:Gem_Green","floor":23},{"not_picked":["Guardian:CrystalBeam","Guardian:Repulse"],"picked":"Guardian:RevengeProtocol","floor":24},{"not_picked":["Guardian:FloatingOrbs","Guardian:SphericShield"],"picked":"Guardian:RollAttack","floor":26},{"not_picked":["Guardian:WalkerClaw","Guardian:Recover","Guardian:Reroute"],"picked":"SKIP","floor":27},{"not_picked":["Guardian:Gem_Cyan","Guardian:ShieldCharger"],"picked":"Guardian:PiercingHide+1","floor":28},{"not_picked":["Guardian:RollAttack","Guardian:TemporalShield"],"picked":"Guardian:Gem_Blue","floor":30},{"not_picked":["Guardian:Reroute","Guardian:Recover+1","Guardian:PrismaticBarrier+1"],"picked":"SKIP","floor":32},{"not_picked":["Guardian:SphericShield","Guardian:Gem_Orange"],"picked":"Guardian:Gem_Synthetic","floor":33},{"not_picked":["Guardian:SphericShield","Guardian:FastForward"],"picked":"Guardian:TimeSifter","floor":34},{"not_picked":["Assess","Bandage Up"],"picked":"expansioncontent:SuperHexaguard","floor":34},{"not_picked":["hubris:Rewind","infinitespire:SealOfDarkness+"],"picked":"infinitespire:Fortify","floor":34},{"not_picked":["Guardian:TemporalShield+1","Guardian:Gem_Blue"],"picked":"Guardian:Gem_Red","floor":36},{"not_picked":["Guardian:Reroute","Guardian:SpikerProtocol+1"],"picked":"Guardian:Gem_White","floor":37},{"not_picked":["Guardian:PiercingHide","Guardian:StasisStrike"],"picked":"Guardian:PrimingBeam+1","floor":40},{"not_picked":["Guardian:ChargeCore","Guardian:Planning"],"picked":"Guardian:DecasProtection","floor":42},{"not_picked":["Guardian:Gem_Red","Guardian:Gem_Cyan","Guardian:Recover"],"picked":"SKIP","floor":44},{"not_picked":["Guardian:TemporalStrike+1","Guardian:Recover"],"picked":"Guardian:WalkerClaw","floor":46},{"not_picked":["Guardian:TemporalShield","Guardian:Planning"],"picked":"Guardian:SpikerProtocol","floor":48},{"not_picked":["Guardian:ShieldCharger","Guardian:SpikerProtocol+1"],"picked":"Guardian:CrystalBeam","floor":49}],"player_experience":61999,"relics_obtained":[{"floor":7,"key":"Snack Pack"},{"floor":12,"key":"halation:QuantumPhysicsTextbook"},{"floor":23,"key":"SpikesRelics:DaevaFist"},{"floor":23,"key":"infinitespire:CursedDice"},{"floor":26,"key":"Vajra"},{"floor":26,"key":"infinitespire:Lucky Rock"},{"floor":38,"key":"Whetstone"},{"floor":41,"key":"Pondfish Scales"}],"event_choices":[{"damage_healed":0,"gold_gain":0,"player_choice":"Got Potions","damage_taken":0,"max_hp_gain":0,"max_hp_loss":0,"event_name":"Lab","floor":9,"gold_loss":0},{"damage_healed":0,"gold_gain":0,"player_choice":"Copied","damage_taken":0,"max_hp_gain":0,"max_hp_loss":0,"event_name":"Duplicator","floor":39,"gold_loss":0,"cards_obtained":["Guardian:DecasProtection"]}],"is_beta":true,"boss_relics":[{"not_picked":["halation:SmartPhone","halation:Prosthetics"],"picked":"Black Star"},{"not_picked":["halation:LoveArrow","hubris:RunicObelisk"],"picked":"ReplayTheSpireMod:SealedPack"}],"items_purged_floors":[46,48],"is_endless":false,"potions_floor_spawned":[4,5,11,12,19,23,27,28,32,33,37,42,44,49],"killed_by":"downfall:Silent","ascension_level":0}}