{"host":"os9owiyb0rak6c8n","time":1610648590,"event":{"mods":["AchievementEnabler","Astrologer","BaseMod","Beaked The Cultist","Better Third Choice","Block Reminder","Colored Map","Colored Powertips","Curses Come First","Dio Mod","Minty Spire (QoL Compilation)","Robot Space Explorer","Spicy Shops","StSLib","The Death Knight","The Necromancer"],"gold_per_floor":[113,113,127,127,186,215,248,248,248,248,283,60,60,71,71,144,144,157,157,167,196,99,99,23,58,58,25,36,36,51,51,51,127,127,140,140,165,165,165,190,215,230,230,2,2,2,2],"floor_reached":46,"language":"ENG","playtime":1845,"items_purged":["Strike_G","Strike_G"],"score":896,"play_id":"5e3d1830-2519-43b9-9062-42e1f677479b","local_time":"20210114192310","is_ascension_mode":true,"campfire_choices":[{"floor":10,"key":"REST"},{"data":"Backflip","floor":15,"key":"SMITH"},{"floor":23,"key":"REST"},{"floor":32,"key":"REST"}],"circlet_count":0,"master_deck":["AscendersBane","Strike_G+1","Strike_G+1","Defend_G","Defend_G","Survivor+1","Underhanded Strike+1","Deadly Poison","Dagger Throw","Backstab","Deadly Poison","Backflip+1","Corpse Explosion","Infinite Blades+1","Deflect+1","Acrobatics+1","Tactician+1","RitualDagger","Crippling Poison","Outmaneuver","Blade Dance","Dodge and Roll","Cloak And Dagger","Insight","After Image","Well Laid Plans+1","Prepared","Madness","Madness","Noxious Fumes","Discovery"],"relics":["Ring of the Snake","NeowsBlessing","WingedGreaves","Kunai","Darkstone Periapt","Lizard Tail","Astrolabe","Red Mask","Vajra","Du-Vu Doll","Bottled Flame","Black Star","Dead Branch","Dream Catcher","Calipers","Whetstone","Boot"],"acts_visited":["Exordium","TheCity","TheBeyond"],"potions_floor_usage":[11,16,20,28,30,40,40,40,46,46],"damage_taken":[{"damage":0,"enemies":"Jaw Worm","floor":1,"turns":1},{"damage":0,"enemies":"Cultist","floor":3,"turns":1},{"damage":0,"enemies":"Lagavulin","floor":6,"turns":1},{"damage":35,"enemies":"3 Sentries","floor":7,"turns":9},{"damage":22,"enemies":"Gremlin Nob","floor":11,"turns":5},{"damage":0,"enemies":"2 Louse","floor":14,"turns":2},{"damage":10,"enemies":"Hexaghost","floor":16,"turns":9},{"damage":5,"enemies":"Chosen","floor":18,"turns":5},{"damage":0,"enemies":"3 Byrds","floor":20,"turns":4},{"damage":15,"enemies":"Masked Bandits","floor":21,"turns":5},{"damage":39,"enemies":"Slavers","floor":25,"turns":7},{"damage":3,"enemies":"Centurion and Healer","floor":28,"turns":6},{"damage":0,"enemies":"3 Cultists","floor":30,"turns":4},{"damage":46,"enemies":"StardustCrusaders","floor":33,"turns":6},{"damage":9,"enemies":"3 Shapes","floor":35,"turns":4},{"damage":10,"enemies":"Mind Bloom Boss Battle","floor":37,"turns":9},{"damage":33,"enemies":"Giant Head","floor":40,"turns":7},{"damage":0,"enemies":"3 Darklings","floor":42,"turns":3},{"damage":15,"enemies":"Writhing Mass","floor":46,"turns":4}],"seed_played":"-6960752552924577506","potions_obtained":[{"floor":1,"key":"Weak Potion"},{"floor":11,"key":"CultistPotion"},{"floor":16,"key":"LiquidBronze"},{"floor":18,"key":"PowerPotion"},{"floor":20,"key":"SpeedPotion"},{"floor":28,"key":"Block Potion"},{"floor":35,"key":"EntropicBrew"},{"floor":42,"key":"GhostInAJar"}],"is_trial":false,"path_per_floor":["M","?","M","?","?","E","E","?","T","R","E","$","?","M","R","B",null,"M","?","M","?","$","R","$","E","T","$","M","?","M","?","R","B",null,"M","?","?","?","?","E","T","M","T","$","?","M"],"character_chosen":"THE_SILENT","items_purchased":["Backflip","Outmaneuver","Blade Dance","Vajra","Dodge and Roll","Noxious Fumes"],"campfire_rested":3,"item_purchase_floors":[12,22,22,24,27,44],"current_hp_per_floor":[63,63,63,49,49,49,14,14,14,35,13,13,36,36,36,26,59,54,48,48,33,33,54,54,15,15,15,12,12,12,12,33,23,58,49,65,55,55,47,14,14,14,14,14,14,0,0],"gold":2,"neow_bonus":"THREE_ENEMY_KILL","is_daily":false,"chose_seed":false,"campfire_upgraded":1,"win_rate":0.0,"timestamp":1610648590,"path_taken":["M","?","?","?","?","E","E","?","T","R","E","?","?","M","R","BOSS","M","?","M","?","$","R","$","E","T","$","M","?","?","?","R","BOSS","M","?","?","?","?","E","?","M","T","?","?","M"],"items_purchased_type":["Card","Card","Card","Relic","Card","Card"],"build_version":"2020-12-22","purchased_purges":2,"victory":false,"max_hp_per_floor":[70,70,70,70,70,70,70,70,70,70,70,70,70,70,70,70,70,70,70,70,70,70,70,70,70,70,70,70,70,70,70,70,70,70,70,65,65,65,65,65,65,65,65,65,65,65,65],"card_choices":[{"not_picked":["Infinite Blades","Blade Dance"],"picked":"Underhanded Strike","floor":1},{"not_picked":["PiercingWail","Outmaneuver"],"picked":"Deadly Poison","floor":3},{"not_picked":["Envenom","Backflip"],"picked":"Dagger Throw","floor":6},{"not_picked":["Glass Knife","Underhanded Strike"],"picked":"Backstab","floor":7},{"not_picked":["Deflect","Acrobatics"],"picked":"Deadly Poison","floor":11},{"not_picked":["Dagger Spray","Backflip","Sucker Punch"],"picked":"SKIP","floor":14},{"not_picked":["Wraith Form v2","Die Die Die"],"picked":"Corpse Explosion","floor":16},{"not_picked":["Riddle With Holes","Setup"],"picked":"Tactician+1","floor":18},{"not_picked":["Underhanded Strike","Flying Knee"],"picked":"Crippling Poison","floor":20},{"not_picked":["Dagger Spray","Flying Knee","Setup"],"picked":"SKIP","floor":25},{"not_picked":["Underhanded Strike","Expertise"],"picked":"Cloak And Dagger","floor":28},{"not_picked":["Acrobatics","Quick Slash","Cloak And Dagger"],"picked":"SKIP","floor":30},{"not_picked":["Phantasmal Killer","Tools of the Trade"],"picked":"After Image","floor":33},{"not_picked":["Deflect","Quick Slash"],"picked":"Well Laid Plans+1","floor":35},{"not_picked":["Flying Knee","Endless Agony"],"picked":"Prepared","floor":37},{"not_picked":["Dodge and Roll","Caltrops","Sucker Punch"],"picked":"SKIP","floor":40},{"not_picked":["Backflip+1","Poisoned Stab","Tools of the Trade"],"picked":"SKIP","floor":42},{"not_picked":["Purity","Finesse"],"picked":"Discovery","floor":45}],"player_experience":605294,"relics_obtained":[{"floor":6,"key":"WingedGreaves"},{"floor":7,"key":"Kunai"},{"floor":9,"key":"Darkstone Periapt"},{"floor":11,"key":"Lizard Tail"},{"floor":21,"key":"Red Mask"},{"floor":25,"key":"Du-Vu Doll"},{"floor":26,"key":"Bottled Flame"},{"floor":37,"key":"Dead Branch"},{"floor":40,"key":"Dream Catcher"},{"floor":40,"key":"Calipers"},{"floor":41,"key":"Whetstone"},{"floor":43,"key":"Boot"}],"event_choices":[{"cards_removed":["Strike_G"],"damage_healed":0,"gold_gain":0,"player_choice":"Offered Basic","damage_taken":0,"max_hp_gain":0,"max_hp_loss":0,"event_name":"Bonfire Elementals","floor":2,"gold_loss":0},{"damage_healed":63,"gold_gain":0,"player_choice":"Upgrade","damage_taken":14,"max_hp_gain":0,"max_hp_loss":70,"event_name":"betterThird:BetterShining","floor":4,"gold_loss":0,"cards_upgraded":["Survivor","Strike_G"]},{"damage_healed":0,"gold_gain":59,"player_choice":"Gained Gold","damage_taken":0,"max_hp_gain":0,"max_hp_loss":0,"event_name":"Golden Wing","floor":5,"gold_loss":0},{"damage_healed":0,"gold_gain":0,"player_choice":"Ignored","damage_taken":0,"max_hp_gain":0,"max_hp_loss":0,"event_name":"Golden Idol","floor":8,"gold_loss":0},{"damage_healed":23,"gold_gain":0,"player_choice":"Banana","damage_taken":0,"max_hp_gain":0,"max_hp_loss":0,"event_name":"Big Fish","floor":13,"gold_loss":0},{"damage_healed":0,"gold_gain":0,"player_choice":"Dagger","damage_taken":6,"max_hp_gain":0,"max_hp_loss":0,"event_name":"betterThird:BetterNest","floor":19,"gold_loss":0,"cards_obtained":["RitualDagger"]},{"damage_healed":0,"gold_gain":0,"player_choice":"Fought Bandits","damage_taken":0,"max_hp_gain":0,"max_hp_loss":0,"event_name":"Masked Bandits","floor":21,"gold_loss":0},{"damage_healed":0,"gold_gain":0,"player_choice":"0 cards matched","damage_taken":0,"max_hp_gain":0,"max_hp_loss":0,"event_name":"Match and Keep!","floor":29,"gold_loss":0,"cards_obtained":[]},{"damage_healed":0,"gold_gain":0,"player_choice":"Insight","damage_taken":0,"max_hp_gain":0,"max_hp_loss":0,"event_name":"betterThird:BetterWriting","floor":31,"gold_loss":0,"cards_obtained":["Insight"]},{"damage_healed":0,"gold_gain":0,"player_choice":"Fight","damage_taken":0,"max_hp_gain":0,"max_hp_loss":0,"event_name":"MindBloom","floor":37,"gold_loss":0},{"cards_removed":["Neutralize"],"damage_healed":0,"gold_gain":0,"player_choice":"Removed Attack","damage_taken":0,"max_hp_gain":0,"max_hp_loss":0,"event_name":"Falling","floor":38,"gold_loss":0},{"damage_healed":0,"gold_gain":0,"player_choice":"Embrace Madness","damage_taken":8,"max_hp_gain":0,"max_hp_loss":0,"event_name":"Winding Halls","floor":39,"gold_loss":0,"cards_obtained":["Madness","Madness"]},{"damage_healed":0,"gold_gain":0,"player_choice":"Memory 1","damage_taken":0,"max_hp_gain":0,"max_hp_loss":0,"event_name":"SensoryStone","floor":45,"gold_loss":0}],"is_beta":false,"boss_relics":[{"not_picked":["Coffee Dripper","Pandora\u0027s Box"],"picked":"Astrolabe"},{"not_picked":["SacredBark","Runic Dome"],"picked":"Black Star"}],"items_purged_floors":[12,12],"is_endless":false,"potions_floor_spawned":[1,11,16,18,20,28,35,42],"killed_by":"Writhing Mass","ascension_level":13}}