{"host":"natui9yr7uuq78xo","time":1610585629,"event":{"mods":["BaseMod","Better Third Choice","BetterRewards","Minty Spire (QoL Compilation)","StSLib","Td1madao Mod"],"gold_per_floor":[113,113,132,151,151,151,170,170,221,321,332,344,355,386,386,490,490,501,211,211,111,127,154,174,189,214,232,248,260,260,260,260],"floor_reached":31,"language":"ENG","playtime":2088,"items_purged":["Defend_C","Pain"],"score":301,"play_id":"d3c9e90a-ac4f-4f53-a995-e5e38b838b58","local_time":"20210113145349","is_ascension_mode":true,"campfire_choices":[{"data":"Black Contract","floor":6.0,"key":"SMITH"},{"floor":15,"key":"REST"}],"circlet_count":0,"master_deck":["Strike_C","Strike_C","Strike_C","Defend_C","Defend_C","Defend_C","Knight Kick","Chip","Black Contract+1","Winding Magic","Black Execution","Cursed Blade","Preloading","Here Defend Chip","Sub Weapons","Shockwave Tdmadao","Sudden Beat","Bugfix","Bursts","Fire Up","Break Into+1","Chip Synthesis","E MP","Ghostly","Ghostly","Ghostly","Ghostly","Ghostly"],"relics":["Apod","MealTicket","Nunchaku","Black Star","PreservedInsect","WarpedTongs","Sundial","Vajra","Ancient Tea Set"],"acts_visited":["Exordium","TheCity"],"potions_floor_usage":[12,12,14,23,23,28,29],"damage_taken":[{"damage":0.0,"enemies":"Jaw Worm","floor":1.0,"turns":3.0},{"damage":0.0,"enemies":"Cultist","floor":3.0,"turns":3.0},{"damage":0.0,"enemies":"2 Louse","floor":4.0,"turns":3.0},{"damage":1.0,"enemies":"Exordium Thugs","floor":7.0,"turns":3.0},{"damage":7.0,"enemies":"3 Louse","floor":11.0,"turns":2.0},{"damage":9,"enemies":"Gremlin Gang","floor":12,"turns":2},{"damage":0,"enemies":"Looter","floor":13,"turns":3},{"damage":2,"enemies":"Lagavulin","floor":14,"turns":8},{"damage":27,"enemies":"Hexaghost","floor":16,"turns":11},{"damage":24,"enemies":"Spheric Guardian","floor":18,"turns":7},{"damage":1,"enemies":"3 Byrds","floor":22,"turns":6},{"damage":31,"enemies":"Gremlin Leader","floor":23,"turns":8},{"damage":13,"enemies":"Shelled Parasite and Fungi","floor":24,"turns":6},{"damage":2,"enemies":"Centurion and Healer","floor":25,"turns":6},{"damage":16,"enemies":"Cultist and Chosen","floor":27,"turns":7},{"damage":5,"enemies":"Snake Plant","floor":28,"turns":5},{"damage":0,"enemies":"Centurion and Healer","floor":29,"turns":6},{"damage":7,"enemies":"Sentry and Sphere","floor":31,"turns":3}],"seed_played":"-397146892799947917","potions_obtained":[{"floor":1.0,"key":"BlessingOfTheForge"},{"floor":7.0,"key":"Strength Potion"},{"floor":11.0,"key":"Fruit Juice"},{"floor":13,"key":"EssenceOfSteel"},{"floor":22,"key":"LiquidMemories"},{"floor":23,"key":"Energy Potion"},{"floor":25,"key":"SkillPotion"}],"is_trial":false,"path_per_floor":["M","$","M","M","?","R","M","$","T","?","M","M","M","E","R","B",null,"M","$","?","$","M","E","M","M","T","M","M","M","?","M"],"character_chosen":"TD1MADAO_CLASS","items_purchased":["PreservedInsect","Bugfix"],"campfire_rested":1,"item_purchase_floors":[19,19],"current_hp_per_floor":[49,49,49,49,49,49,48,48,48,48,41,37,37,35,57,30,75,51,66,66,75,74,43,30,28,28,12,7,7,7,0,0],"gold":260,"neow_bonus":"THREE_RARE_CARDS","is_daily":false,"chose_seed":false,"campfire_upgraded":1,"win_rate":0.0,"timestamp":1610585629,"path_taken":["M","$","M","M","?","R","M","?","T","?","M","?","M","E","R","BOSS","M","$","?","$","M","E","M","M","T","M","M","?","?","M"],"items_purchased_type":["Relic","Card"],"build_version":"2020-12-22","purchased_purges":2,"victory":false,"max_hp_per_floor":[70,70,70,70,70,70,70,70,70,70,70,75,75,75,75,75,75,75,75,75,75,75,75,75,75,75,75,75,75,37,37,37],"card_choices":[{"not_picked":["Chip Synthesis","Format All Data"],"picked":"Black Contract","floor":0.0},{"not_picked":["Floating Swing Kick","Black Execution"],"picked":"Winding Magic","floor":1.0},{"not_picked":["Winding Magic","Transfer Energy","Judgment"],"picked":"SKIP","floor":3.0},{"not_picked":["Three Hit","Money Cant Rescue"],"picked":"Black Execution","floor":4.0},{"not_picked":["Rupture","Trader"],"picked":"Cursed Blade","floor":7.0},{"not_picked":["Black Dance","Lore"],"picked":"Preloading","floor":11.0},{"not_picked":["Trader","Resistance"],"picked":"Here Defend Chip","floor":12},{"not_picked":["Provocative","Fire Up"],"picked":"Sub Weapons","floor":13},{"not_picked":["Trader","Winding Magic","Black Dance"],"picked":"SKIP","floor":14},{"not_picked":["Backup","Data Freezing"],"picked":"Shockwave Tdmadao","floor":16},{"not_picked":["Light Attack+1","Winding Magic"],"picked":"Sudden Beat","floor":18},{"not_picked":["Provocative","Black Spear","Rupture"],"picked":"SKIP","floor":22},{"not_picked":["Cursed Blade","Black Execution"],"picked":"Bursts","floor":23},{"not_picked":["Black Execution+1","Floating Swing Kick"],"picked":"Fire Up","floor":24},{"not_picked":["Three Hit","Cursed Blade+1","Paralysis+1"],"picked":"SKIP","floor":25},{"not_picked":["De Ware Chip+1","Oblique Hack"],"picked":"Break Into+1","floor":27},{"not_picked":["Cooling Song","Here Defend Chip"],"picked":"Chip Synthesis","floor":28},{"not_picked":["Paralysis","Judgment+1"],"picked":"E MP","floor":29}],"player_experience":325845,"relics_obtained":[{"floor":9.0,"key":"MealTicket"},{"floor":14,"key":"Nunchaku"},{"floor":23,"key":"Sundial"},{"floor":23,"key":"Vajra"},{"floor":26,"key":"Ancient Tea Set"}],"event_choices":[{"cards_removed":["Strike_C"],"damage_healed":0.0,"max_hp_gain":0.0,"max_hp_loss":0.0,"gold_gain":0.0,"event_name":"Purifier","player_choice":"Purged","floor":5.0,"gold_loss":0.0,"damage_taken":0.0},{"damage_healed":0.0,"max_hp_gain":0.0,"max_hp_loss":0.0,"gold_gain":100.0,"event_name":"Golden Shrine","player_choice":"Pray","floor":10.0,"gold_loss":0.0,"damage_taken":0.0},{"damage_healed":0,"gold_gain":0,"player_choice":"Rummage","damage_taken":0,"relics_obtained":["WarpedTongs"],"max_hp_gain":0,"max_hp_loss":0,"event_name":"Accursed Blacksmith","floor":20,"gold_loss":0,"cards_obtained":["Pain"]},{"damage_healed":0,"gold_gain":0,"player_choice":"Became a Ghost","damage_taken":0,"max_hp_gain":0,"max_hp_loss":38,"event_name":"Ghosts","floor":30,"gold_loss":0,"cards_obtained":["Ghostly","Ghostly","Ghostly","Ghostly","Ghostly"]}],"is_beta":false,"boss_relics":[{"not_picked":["Sozu","Empty Cage"],"picked":"Black Star"}],"items_purged_floors":[19,21],"is_endless":false,"potions_floor_spawned":[1,7,11,13,22,23,25],"killed_by":"Sentry and Sphere","ascension_level":1}}