{"host":"j6mgjir4ee1lqn1j","time":1610615786,"event":{"mods":["BaseMod","Colored Map","Colored Powertips","DeckTracker","Highlight Path","Keyboard Shortcuts","Minty Spire (QoL Compilation)","Permanent Neow","Quick Restart","Rare Cards Sparkle","StSLib","SuperFastMode"],"gold_per_floor":[365,385,36,51,126,156,171,181,181,256,256,23,23,54,54,153,153,170,95,194,26,37,63,63,78,154,429,463,37,56,74,74,177,177,189,201,201,215,38,64,38,64,64,64,76,87,87,138,138,138],"floor_reached":51,"language":"ENG","playtime":7057,"items_purged":["Strike_R","Strike_R","Strike_R"],"score":755,"play_id":"f36c6b1b-b990-4a09-9f6f-d2005607f276","local_time":"20210114041626","is_ascension_mode":false,"campfire_choices":[{"floor":11,"key":"REST"},{"floor":15,"key":"REST"},{"data":"Armaments","floor":24,"key":"SMITH"},{"data":"Bash","floor":32,"key":"SMITH"},{"floor":44,"key":"REST"},{"data":"Double Tap","floor":47,"key":"SMITH"},{"data":"Barricade","floor":49,"key":"SMITH"}],"circlet_count":0,"master_deck":["Strike_R","Defend_R","Defend_R","Defend_R","Defend_R","Bash+1","Sword Boomerang","Cleave","Reaper","Pommel Strike","Shrug It Off","Purity","Armaments+1","Pommel Strike","Inflame","Master of Strategy","Double Tap+1","Anger+1","Panache","Armaments+1","Whirlwind+1","Whirlwind+1","Clumsy","Fire Breathing+1","Battle Trance","Master of Strategy","Bandage Up","Flex+1","Barricade+1","Juggernaut","Hemokinesis+1","Iron Wave","Shrug It Off","Juggernaut","Warcry","Clothesline+1","Shame","Seeing Red","Warcry+1"],"relics":["Burning Blood","Strawberry","HornCleat","InkBottle","Paper Frog","Cursed Key","Anchor","Bottled Lightning","Bronze Scales","Busted Crown","Bag of Marbles","White Beast Statue","Gremlin Horn","Ginger"],"acts_visited":["Exordium","TheCity","TheBeyond"],"potions_floor_usage":[14,16,50,50],"damage_taken":[{"damage":0,"enemies":"Small Slimes","floor":1,"turns":3},{"damage":1,"enemies":"Cultist","floor":2,"turns":3},{"damage":6,"enemies":"Jaw Worm","floor":4,"turns":3},{"damage":35,"enemies":"Lagavulin","floor":6,"turns":9},{"damage":14,"enemies":"Blue Slaver","floor":7,"turns":5},{"damage":33,"enemies":"Exordium Wildlife","floor":8,"turns":7},{"damage":18,"enemies":"Gremlin Nob","floor":14,"turns":4},{"damage":21,"enemies":"The Guardian","floor":16,"turns":17},{"damage":9,"enemies":"Shell Parasite","floor":18,"turns":5},{"damage":0,"enemies":"Spheric Guardian","floor":22,"turns":3},{"damage":31,"enemies":"Gremlin Leader","floor":23,"turns":6},{"damage":1,"enemies":"Snake Plant","floor":25,"turns":4},{"damage":30,"enemies":"Book of Stabbing","floor":28,"turns":5},{"damage":0,"enemies":"Cultist and Chosen","floor":30,"turns":3},{"damage":14,"enemies":"Shelled Parasite and Fungi","floor":31,"turns":5},{"damage":13,"enemies":"Champ","floor":33,"turns":9},{"damage":0,"enemies":"3 Darklings","floor":35,"turns":1},{"damage":0,"enemies":"Orb Walker","floor":36,"turns":3},{"damage":4,"enemies":"3 Darklings","floor":38,"turns":4},{"damage":19,"enemies":"Reptomancer","floor":40,"turns":5},{"damage":62,"enemies":"Giant Head","floor":42,"turns":7},{"damage":3,"enemies":"Transient","floor":45,"turns":5},{"damage":0,"enemies":"Sphere and 2 Shapes","floor":46,"turns":1},{"damage":22,"enemies":"2 Orb Walkers","floor":48,"turns":4},{"damage":80,"enemies":"Awakened One","floor":50,"turns":10}],"seed_played":"-2615850848819555394","potions_obtained":[{"floor":1,"key":"GamblersBrew"},{"floor":6,"key":"LiquidMemories"},{"floor":14,"key":"FearPotion"},{"floor":25,"key":"FairyPotion"},{"floor":28,"key":"Dexterity Potion"},{"floor":33,"key":"PowerPotion"}],"is_trial":false,"path_per_floor":["M","M","$","M","?","E","M","M","T","?","R","$","?","E","R","B",null,"M","?","?","$","M","E","R","M","T","?","E","$","M","M","R","B",null,"M","M","?","M","$","E","$","E","T","R","M","M","R","?","R","B",null],"character_chosen":"IRONCLAD","items_purchased":["Reaper","Pommel Strike","Shrug It Off","Purity","Inflame","Master of Strategy","Panache","Battle Trance","Master of Strategy","Bandage Up","Shrug It Off","Warcry"],"campfire_rested":3,"item_purchase_floors":[3,3,3,3,12,12,21,29,29,29,39,41],"current_hp_per_floor":[72,72,72,72,65,43,38,19,19,8,31,31,19,7,30,15,79,76,76,76,76,79,54,54,59,59,59,35,35,57,57,57,60,79,79,79,79,79,79,79,79,27,27,50,57,63,63,71,71,31],"gold":138,"neow_bonus":"TWO_FIFTY_GOLD","is_daily":false,"chose_seed":false,"campfire_upgraded":4,"win_rate":0.0,"timestamp":1610615786,"path_taken":["M","M","$","M","?","E","M","?","T","?","R","$","?","E","R","BOSS","M","?","?","$","M","E","R","M","T","?","E","$","M","M","R","BOSS","M","?","?","M","$","E","?","E","T","R","M","M","R","?","R","BOSS"],"items_purchased_type":["Card","Card","Card","Card","Card","Card","Card","Card","Card","Card","Card","Card"],"build_version":"2020-12-13","purchased_purges":3,"victory":true,"max_hp_per_floor":[72,72,72,72,72,79,79,79,79,79,79,79,79,79,79,79,79,79,79,79,79,79,79,79,79,79,79,79,79,79,79,79,79,79,79,79,79,79,79,79,79,79,79,79,79,79,79,79,79,79],"card_choices":[{"not_picked":["True Grit","Clash"],"picked":"Sword Boomerang","floor":1},{"not_picked":["Shockwave","Headbutt"],"picked":"Cleave","floor":2},{"not_picked":["Whirlwind","Pommel Strike"],"picked":"Armaments","floor":4},{"not_picked":["Carnage","Twin Strike","Iron Wave"],"picked":"SKIP","floor":6},{"not_picked":["Second Wind","Carnage"],"picked":"Pommel Strike","floor":7},{"not_picked":["Fire Breathing","Sword Boomerang","Twin Strike"],"picked":"SKIP","floor":8},{"not_picked":["Entrench","Dark Embrace","Carnage"],"picked":"SKIP","floor":14},{"not_picked":["Brutality","Corruption"],"picked":"Double Tap","floor":16},{"not_picked":["Iron Wave","Bloodletting"],"picked":"Anger+1","floor":18},{"not_picked":["Cleave","Headbutt"],"picked":"Armaments+1","floor":22},{"not_picked":["Warcry","Armaments+1"],"picked":"Whirlwind+1","floor":23},{"not_picked":["Anger","Feel No Pain"],"picked":"Whirlwind+1","floor":25},{"not_picked":["Carnage","Cleave"],"picked":"Fire Breathing+1","floor":28},{"not_picked":["Rage","Seeing Red"],"picked":"Flex+1","floor":30},{"not_picked":["Seeing Red","Disarm+1"],"picked":"Barricade","floor":31},{"not_picked":["Double Tap","Corruption"],"picked":"Juggernaut","floor":33},{"not_picked":["Anger+1"],"picked":"SKIP","floor":35},{"not_picked":[],"picked":"Hemokinesis+1","floor":36},{"not_picked":["Armaments+1"],"picked":"SKIP","floor":38},{"not_picked":[],"picked":"Juggernaut","floor":40},{"not_picked":[],"picked":"Clothesline+1","floor":42},{"not_picked":[],"picked":"Seeing Red","floor":45},{"not_picked":["Perfected Strike"],"picked":"SKIP","floor":46},{"not_picked":[],"picked":"Warcry+1","floor":48}],"player_experience":0,"relics_obtained":[{"floor":6,"key":"Strawberry"},{"floor":9,"key":"HornCleat"},{"floor":14,"key":"Paper Frog"},{"floor":23,"key":"Anchor"},{"floor":26,"key":"Bottled Lightning"},{"floor":28,"key":"Bronze Scales"},{"floor":40,"key":"Bag of Marbles"},{"floor":42,"key":"White Beast Statue"},{"floor":43,"key":"Gremlin Horn"},{"floor":48,"key":"Ginger"}],"event_choices":[{"damage_healed":0,"gold_gain":75,"player_choice":"Touch","damage_taken":7,"max_hp_gain":0,"max_hp_loss":0,"event_name":"FaceTrader","floor":5,"gold_loss":0},{"damage_healed":0,"gold_gain":75,"player_choice":"Gather Gold","damage_taken":11,"max_hp_gain":0,"max_hp_loss":0,"event_name":"World of Goop","floor":10,"gold_loss":0},{"damage_healed":0,"gold_gain":0,"player_choice":"Success","damage_taken":12,"relics_obtained":["InkBottle"],"max_hp_gain":0,"max_hp_loss":0,"event_name":"Scrap Ooze","floor":13,"gold_loss":0},{"cards_removed":["Strike_R"],"damage_healed":0,"gold_gain":0,"player_choice":"Gave Gold","damage_taken":0,"max_hp_gain":0,"max_hp_loss":0,"event_name":"Beggar","floor":19,"gold_loss":75},{"damage_healed":0,"gold_gain":99,"player_choice":"Stole From Cult","damage_taken":0,"max_hp_gain":0,"max_hp_loss":0,"event_name":"Nest","floor":20,"gold_loss":0},{"damage_healed":0,"gold_gain":275,"player_choice":"Desecrate","damage_taken":0,"max_hp_gain":0,"max_hp_loss":0,"event_name":"Golden Shrine","floor":27,"gold_loss":0,"cards_obtained":["Regret"]},{"cards_removed":["Regret"],"damage_healed":0,"gold_gain":0,"player_choice":"Took Card","damage_taken":0,"max_hp_gain":0,"max_hp_loss":0,"event_name":"NoteForYourself","floor":37,"gold_loss":0,"cards_obtained":["Iron Wave"]},{"damage_healed":0,"gold_gain":0,"player_choice":"Fight","damage_taken":0,"max_hp_gain":0,"max_hp_loss":0,"event_name":"Mysterious Sphere","floor":48,"gold_loss":0}],"is_beta":false,"boss_relics":[{"not_picked":["Mark of Pain","Coffee Dripper"],"picked":"Cursed Key"},{"not_picked":["Runic Pyramid","Black Star"],"picked":"Busted Crown"}],"items_purged_floors":[3,29,39],"is_endless":false,"potions_floor_spawned":[1,6,14,25,28,33,36,45,46,48],"ascension_level":0}}