{"host":"qa029bqsloh3rj2z","time":1610651004,"event":{"mods":["AchievementEnabler","BaseMod","Colored Powertips","DeckTracker","Minty Spire (QoL Compilation)","Permanent Neow","Waifu the Spire"],"gold_per_floor":[119,131,131,131,149,180,31,31,31,31,42,42,54,64,64,166,166,184,201,126,140,40,40,40,139,139,139,139,153,28,45,45,146,146,164,175,175,190,40,40,40,40],"floor_reached":41,"language":"ENG","playtime":2585,"items_purged":["Defend_R","Defend_R","Defend_R","Strike_R"],"score":393,"play_id":"175fa275-e948-4870-96b3-42a871147f0d","local_time":"20210114140324","is_ascension_mode":false,"campfire_choices":[{"data":"Bash","floor":8,"key":"SMITH"},{"floor":15,"key":"REST"},{"floor":23,"key":"REST"},{"floor":32,"key":"REST"},{"data":"Shrug It Off","floor":40,"key":"SMITH"}],"circlet_count":0,"master_deck":["Strike_R","Strike_R","Strike_R","Strike_R","Bash+1","Shrug It Off+1","Clash","Dropkick","Anger","Dropkick+1","Parasite"],"relics":["Burning Blood","Self Forming Clay","Question Card","Runic Pyramid","Bottled Lightning","MutagenicStrength","Busted Crown"],"acts_visited":["Exordium","TheCity","TheBeyond"],"potions_floor_usage":[16,16,18,21,33,33,41,41],"damage_taken":[{"damage":6,"enemies":"Jaw Worm","floor":1,"turns":4},{"damage":4,"enemies":"Cultist","floor":2,"turns":4},{"damage":2,"enemies":"Small Slimes","floor":5,"turns":4},{"damage":47,"enemies":"Lagavulin","floor":6,"turns":8},{"damage":0,"enemies":"Looter","floor":11,"turns":2},{"damage":7,"enemies":"3 Louse","floor":13,"turns":4},{"damage":18,"enemies":"Exordium Thugs","floor":14,"turns":5},{"damage":54,"enemies":"Hexaghost","floor":16,"turns":10},{"damage":37,"enemies":"Spheric Guardian","floor":18,"turns":8},{"damage":16,"enemies":"Shell Parasite","floor":19,"turns":8},{"damage":38,"enemies":"Snecko","floor":21,"turns":7},{"damage":2,"enemies":"Centurion and Healer","floor":29,"turns":4},{"damage":12,"enemies":"3 Cultists","floor":31,"turns":4},{"damage":49,"enemies":"Collector","floor":33,"turns":5},{"damage":38,"enemies":"3 Darklings","floor":35,"turns":11},{"damage":2,"enemies":"Orb Walker","floor":36,"turns":2},{"damage":25,"enemies":"Writhing Mass","floor":38,"turns":4},{"damage":66,"enemies":"Reptomancer","floor":41,"turns":3}],"seed_played":"-828282452886852011","potions_obtained":[{"floor":1,"key":"Strength Potion"},{"floor":13,"key":"Energy Potion"},{"floor":16,"key":"Weak Potion"},{"floor":19,"key":"LiquidBronze"},{"floor":29,"key":"Block Potion"},{"floor":31,"key":"Fruit Juice"},{"floor":33,"key":"Energy Potion"},{"floor":36,"key":"DistilledChaos"}],"is_trial":false,"path_per_floor":["M","M","?","?","M","E","$","R","T","$","M","$","M","M","R","B",null,"M","M","?","M","$","R","?","?","T","?","?","M","$","M","R","B",null,"M","M","?","M","$","R","E"],"character_chosen":"IRONCLAD","items_purchased":["Dropkick"],"campfire_rested":3,"item_purchase_floors":[7],"current_hp_per_floor":[80,80,80,85,85,44,44,44,44,44,50,50,49,37,62,14,85,54,44,44,12,12,37,37,37,37,37,37,41,41,35,60,22,90,58,62,62,43,43,43,0,0],"gold":40,"neow_bonus":"THREE_CARDS","is_daily":false,"chose_seed":false,"campfire_upgraded":2,"win_rate":0.0,"timestamp":1610651004,"path_taken":["M","M","?","?","M","E","$","R","T","?","M","?","?","M","R","BOSS","M","?","?","M","$","R","?","?","T","?","?","M","?","M","R","BOSS","M","M","?","M","?","R","E"],"items_purchased_type":["Card"],"build_version":"2020-12-22","purchased_purges":4,"victory":false,"max_hp_per_floor":[80,80,80,85,85,85,85,85,85,85,85,85,85,85,85,85,85,85,85,85,85,85,85,85,85,85,85,85,85,85,85,85,90,90,90,90,90,90,90,90,90,90],"card_choices":[{"not_picked":["Inflame","Havoc"],"picked":"Shrug It Off","floor":0},{"not_picked":["Second Wind","Twin Strike"],"picked":"Clash","floor":1},{"not_picked":["Shrug It Off","Armaments","Iron Wave"],"picked":"SKIP","floor":2},{"not_picked":["Perfected Strike","Body Slam","Wild Strike"],"picked":"SKIP","floor":5},{"not_picked":["Sword Boomerang","Armaments","Dark Embrace"],"picked":"SKIP","floor":6},{"not_picked":["Twin Strike","Demon Form","Headbutt","Power Through"],"picked":"SKIP","floor":11},{"not_picked":["Body Slam","Ghostly Armor","Clash","Wild Strike"],"picked":"SKIP","floor":13},{"not_picked":["Sword Boomerang","Second Wind","Flex","Demon Form"],"picked":"SKIP","floor":14},{"not_picked":["Spot Weakness+1","Warcry","Ghostly Armor","True Grit+1"],"picked":"SKIP","floor":18},{"not_picked":["Sword Boomerang","Shrug It Off+1","Disarm+1","Dual Wield"],"picked":"SKIP","floor":19},{"not_picked":["Shockwave","Body Slam","Thunderclap","Armaments"],"picked":"SKIP","floor":21},{"not_picked":["Havoc","Spot Weakness","Clash+1","Evolve+1"],"picked":"SKIP","floor":29},{"not_picked":["Thunderclap","Hemokinesis","Shrug It Off","Sword Boomerang+1"],"picked":"SKIP","floor":31},{"not_picked":["Whirlwind+1","Warcry+1"],"picked":"SKIP","floor":35},{"not_picked":["Wild Strike+1"],"picked":"Dropkick+1","floor":36},{"not_picked":["Shockwave+1","Hemokinesis+1"],"picked":"SKIP","floor":38}],"player_experience":41922,"relics_obtained":[{"floor":6,"key":"Self Forming Clay"},{"floor":9,"key":"Question Card"},{"floor":26,"key":"Bottled Lightning"}],"event_choices":[{"damage_healed":0,"gold_gain":0,"player_choice":"Ignored","damage_taken":0,"max_hp_gain":0,"max_hp_loss":0,"event_name":"Liars Game","floor":3,"gold_loss":0},{"damage_healed":0,"gold_gain":0,"player_choice":"Donut","damage_taken":0,"max_hp_gain":5,"max_hp_loss":0,"event_name":"Big Fish","floor":4,"gold_loss":0},{"cards_removed":["Defend_R"],"damage_healed":0,"gold_gain":0,"player_choice":"Gave Gold","damage_taken":0,"max_hp_gain":0,"max_hp_loss":0,"event_name":"Beggar","floor":20,"gold_loss":75},{"damage_healed":0,"gold_gain":0,"player_choice":"Read","damage_taken":0,"max_hp_gain":0,"max_hp_loss":0,"event_name":"The Library","floor":24,"gold_loss":0,"cards_obtained":["Anger"]},{"damage_healed":0,"gold_gain":99,"player_choice":"Stole From Cult","damage_taken":0,"max_hp_gain":0,"max_hp_loss":0,"event_name":"Nest","floor":25,"gold_loss":0},{"damage_healed":0,"gold_gain":0,"player_choice":"Ignored","damage_taken":0,"max_hp_gain":0,"max_hp_loss":0,"event_name":"Ghosts","floor":27,"gold_loss":0},{"damage_healed":0,"gold_gain":0,"player_choice":"Inject Mutagens","damage_taken":0,"relics_obtained":["MutagenicStrength"],"max_hp_gain":0,"max_hp_loss":0,"event_name":"Drug Dealer","floor":28,"gold_loss":0},{"damage_healed":0,"gold_gain":0,"player_choice":"Ignored","damage_taken":0,"max_hp_gain":0,"max_hp_loss":0,"event_name":"Duplicator","floor":37,"gold_loss":0}],"is_beta":false,"boss_relics":[{"not_picked":["Astrolabe","Tiny House"],"picked":"Runic Pyramid"},{"not_picked":["Philosopher\u0027s Stone","SacredBark"],"picked":"Busted Crown"}],"items_purged_floors":[7,22,30,39],"is_endless":false,"potions_floor_spawned":[1,13,16,19,29,31,33,36],"killed_by":"Reptomancer","ascension_level":0}}