{"host":"4c7oxphrh4ok8x7u","time":1610646429,"event":{"mods":["100% Spire Juice","2.2 Compatiblity","Act Like it!","Arknights The Spire","Aspiration","BaseMod","Better Skull","Better Vampires","BetterRewards","Challenge The Spire","Conjunction","Conspire","Custom Start","Dota2Spire","Ekko","Evolution","Fiend Mod","Friendly Minions","FruityMod","GifTheSpireLib","Good Game Mod","Halation","Hermit","HololiveMod","Hubris","Hyrulean Relics","Jedi Mod","Jess\u0027s Bottle","Kratos Character Expansion","Minty Spire (QoL Compilation)","MostiFishMod","Permanent Neow","Poor People Problems","Prisma Mod","Quarter Circle Forward PUNCH!","RatMod","Replay The Spire","Robot Space Explorer","SCP261 Mod","Shade Mod","Slay the Relics Exporter","Small Relic Pack","Spicy Shops","Spikes Relics","Spires And Sneckos","StSLib","Stuff the Spire","The Animator","The Blue Laboratory","The Death Knight","The Edgeheg","The Exalted","The Fake Hero","The Trickster","TheVacant","TheWitcher","Wandering Minibosses"],"gold_per_floor":[118,88,88,107,127,127,161,161,184,202,202,220,255,112,112,214,214,227,502,513,530,371,403,420,420,420,420,434,434,448,458,458,562,562,562,562],"floor_reached":35,"language":"RUS","playtime":3407,"items_purged":["Regret"],"score":564,"play_id":"234a5da8-4776-4a5a-8480-0bf4ef28708d","local_time":"20210114204709","is_ascension_mode":false,"campfire_choices":[{"data":"Defragment","floor":6,"key":"SMITH"},{"data":"Double Energy","floor":8,"key":"SMITH"},{"floor":11,"key":"RECALL"},{"data":"Defragment","floor":15,"key":"SMITH"},{"data":"jedi:reiji","floor":25,"key":"SMITH"},{"data":"Crystallizer","floor":29,"key":"SMITH"},{"data":"Defragment","floor":32,"key":"SMITH"}],"circlet_count":0,"master_deck":["jedi:BurstLightning","jedi:BurstLightning","jedi:BurstLightning","jedi:BurstLightning","Conserve Battery","Defend_B","Defend_B","Zap","Dualcast","Conserve Battery","Echo Form+1","Conserve Battery","Beam Cell","Defragment+1","Double Energy+1","StuffTheSpire:ShieldGenerator","jedi:reiji+1","Defragment+1","Defragment+1","Defragment","MostiFishMod:ActiveDefenseSystem+1","jedi:spotbugs","StuffTheSpire:Plugnplay+1","BasicCrystalCard","MostiFishMod:ATRI+1","PlatinumSkin","Redo","Self Repair+1","Crystallizer","Turbo","Crystallizer+1","BasicCrystalCard+1","Crystallizer","jedi:spotbugs+1","ReplayTheSpireMod:Fabricate Wheel+1"],"relics":["Cracked Core","EVO:Axolotl","DaveBox","REME:ComplimentaryCards","BrkXgEgg","aspiration:Nostalgia","Ring of the Snake","SynthV:TestCard","Prayer Wheel","Vajra","qcfpunch:Red_Beret","Replay:Rubber Ducky","Busted Crown","jedi:archwizardhat","Matryoshka","JellyFishMachine"],"acts_visited":["Exordium","TheCity","TheBeyond"],"potions_floor_usage":[7,7,20,20,20,28],"damage_taken":[{"damage":0,"enemies":"Jaw Worm","floor":1,"turns":4},{"damage":1,"enemies":"conspire:RoseBush","floor":4,"turns":4},{"damage":0,"enemies":"Cultist","floor":5,"turns":4},{"damage":3,"enemies":"Gremlin Nob","floor":7,"turns":3},{"damage":2,"enemies":"Looter","floor":10,"turns":3},{"damage":3,"enemies":"2 Fungi Beasts","floor":12,"turns":5},{"damage":1,"enemies":"Replay:BlueRogue","floor":13,"turns":4},{"damage":0,"enemies":"Fading Forest","floor":16,"turns":11},{"damage":12,"enemies":"2 Thieves","floor":18,"turns":5},{"damage":2,"enemies":"3 Byrds","floor":20,"turns":7},{"damage":7,"enemies":"Snake Plant","floor":21,"turns":4},{"damage":49,"enemies":"Slavers","floor":23,"turns":5},{"damage":3,"enemies":"Snecko","floor":24,"turns":4},{"damage":8,"enemies":"3 Cultists","floor":28,"turns":6},{"damage":0,"enemies":"Chosen and Byrds","floor":30,"turns":4},{"damage":0,"enemies":"Centurion and Healer","floor":31,"turns":9},{"damage":0,"enemies":"Collector","floor":33,"turns":9},{"damage":10,"enemies":"3 Darklings","floor":35,"turns":2}],"seed_played":"-6125277574957886818","potions_obtained":[{"floor":1,"key":"Toxic Potion"},{"floor":2,"key":"SpiresAndSneckos:LightningMarble"},{"floor":7,"key":"SpiresAndSneckos:LightningMarble"},{"floor":10,"key":"SCP261:BlastolaColaPotion"},{"floor":13,"key":"blueLaboratory:FruitPunch"},{"floor":24,"key":"Regen Potion"},{"floor":28,"key":"Energy Potion"},{"floor":30,"key":"ColorlessPotion"},{"floor":31,"key":"blueLaboratory:SavagePotion"}],"is_trial":false,"path_per_floor":["M","?","?","M","M","R","E","R","T","M","R","M","E","$","R","B",null,"M","?","M","M","$","E","M","R","T","?","M","R","M","M","R","B",null,"M"],"character_chosen":"DEFECT","items_purchased":["Replay:Rubber Ducky","PlatinumSkin"],"campfire_rested":0,"item_purchase_floors":[14,22],"current_hp_per_floor":[75,75,75,74,74,74,71,71,71,69,69,66,65,65,65,75,75,63,63,63,56,56,7,4,4,4,4,21,21,31,41,41,41,77,67,67],"gold":562,"neow_bonus":"NOSTALGIA","is_daily":false,"chose_seed":false,"campfire_upgraded":6,"win_rate":0.0,"timestamp":1610646429,"path_taken":["M","?","?","M","M","R","E","R","T","M","R","?","E","?","R","BOSS","M","?","M","?","$","E","M","R","T","?","M","R","?","M","R","BOSS","M"],"items_purchased_type":["Relic","Card"],"build_version":"2020-12-22","purchased_purges":1,"victory":false,"max_hp_per_floor":[75,75,75,75,75,75,75,75,75,75,75,75,75,75,75,75,75,75,75,77,77,77,77,77,77,77,77,77,77,77,77,77,77,77,77,77],"card_choices":[{"not_picked":["aspiration:Polymerization","Chill"],"picked":"Conserve Battery","floor":1},{"not_picked":["RefreshScreen","Go for the Eyes","Ball Lightning","Leap"],"picked":"Conserve Battery","floor":4},{"not_picked":["Undo","MostiFishMod:FluxCapactior","StuffTheSpire:NuclearReactor","Melter"],"picked":"Beam Cell","floor":4},{"not_picked":["Compile Driver","BasicCrystalCard","MostiFishMod:Impulse","Consume"],"picked":"Defragment","floor":5},{"not_picked":["Skim","ReplayGash","StuffTheSpire:Purify+1","Gash"],"picked":"Double Energy","floor":5},{"not_picked":["ReplayTheSpireMod:System Scan","Redo","jedi:BurstLightning","Panic Button"],"picked":"StuffTheSpire:ShieldGenerator","floor":7},{"not_picked":["Conserve Battery","Recycle","Barrage","BasicCrystalCard"],"picked":"jedi:reiji","floor":10},{"not_picked":["BasicCrystalCard","ReplayTheSpireMod:GoodbyeWorld","Turbo","Doom and Gloom","Redo"],"picked":"SKIP","floor":10},{"not_picked":["White Noise","Biased Cognition+1","StuffTheSpire:Plugnplay","Rebound"],"picked":"Defragment","floor":12},{"not_picked":["Go for the Eyes","Gash","StuffTheSpire:LoadUp","Reprogram"],"picked":"Defragment","floor":12},{"not_picked":["ReplayTheSpireMod:Calculation Training","Stack","MostiFishMod:Overload+1","ReplayGash"],"picked":"Defragment","floor":13},{"not_picked":["MostiFishMod:GoodWordForIt+1","All For One+1","StuffTheSpire:EventHorizon+1","Rainbow+1"],"picked":"MostiFishMod:ActiveDefenseSystem+1","floor":16},{"not_picked":["Rip and Tear+1","ReplaySolidLightProjector"],"picked":"jedi:spotbugs","floor":18},{"not_picked":["Compile Driver","Scrape+1","Streamline"],"picked":"SKIP","floor":18},{"not_picked":["Coolheaded","Sweeping Beam"],"picked":"StuffTheSpire:Plugnplay+1","floor":20},{"not_picked":["jedi:blockon","Rip and Tear+1"],"picked":"BasicCrystalCard","floor":20},{"not_picked":["BasicCrystalCard","Ball Lightning"],"picked":"MostiFishMod:ATRI+1","floor":21},{"not_picked":["jedi:BurstLightning","Cold Snap","FIFO Queue"],"picked":"SKIP","floor":21},{"not_picked":["Steam","Panic Button"],"picked":"Redo","floor":23},{"not_picked":["Lockon","Sunder"],"picked":"Self Repair+1","floor":24},{"not_picked":["Barrage","aspiration:Polymerization"],"picked":"Crystallizer","floor":24},{"not_picked":["Sweeping Beam","Cold Snap"],"picked":"Turbo","floor":28},{"not_picked":["jedi:BurstLightning","Rebound"],"picked":"Crystallizer","floor":28},{"not_picked":["StuffTheSpire:NuclearReactor","ReplayGash"],"picked":"BasicCrystalCard+1","floor":30},{"not_picked":["aspiration:Polymerization","Rebound","StuffTheSpire:EventHorizon+1"],"picked":"SKIP","floor":30},{"not_picked":["jedi:BurstLightning","Compile Driver"],"picked":"Crystallizer","floor":31},{"not_picked":["ReplayTheSpireMod:Repulse+1","Rebound"],"picked":"jedi:spotbugs+1","floor":31},{"not_picked":["StuffTheSpire:EventHorizon+1","ReplayTheSpireMod:Omega Cannon+1"],"picked":"ReplayTheSpireMod:Fabricate Wheel+1","floor":33}],"player_experience":698020,"relics_obtained":[{"floor":1,"key":"SynthV:TestCard"},{"floor":7,"key":"Vajra"},{"floor":13,"key":"qcfpunch:Red_Beret"},{"floor":23,"key":"jedi:archwizardhat"},{"floor":26,"key":"Matryoshka"}],"event_choices":[{"damage_healed":0,"gold_gain":0,"cards_transformed":["Blizzard"],"player_choice":"Transformed","damage_taken":0,"max_hp_gain":0,"max_hp_loss":0,"event_name":"Transmorgrifier","floor":3,"gold_loss":0,"cards_obtained":["ReplayTheSpireMod:Fabricate Wheel"]},{"damage_healed":0,"gold_gain":275,"player_choice":"Desecrate","damage_taken":0,"max_hp_gain":0,"max_hp_loss":0,"event_name":"Golden Shrine","floor":19,"gold_loss":0,"cards_obtained":["Regret"]},{"cards_removed":["Defend_B"],"damage_healed":0,"gold_gain":0,"player_choice":"Purged","damage_taken":0,"max_hp_gain":0,"max_hp_loss":0,"event_name":"Purifier","floor":27,"gold_loss":0}],"is_beta":false,"boss_relics":[{"not_picked":["hubris:BlackHole","StuffTheSpire:RunicConfusion"],"picked":"Busted Crown"},{"not_picked":["aspiration:WatcherSkillbook","Kintsugi"],"picked":"JellyFishMachine"}],"items_purged_floors":[22],"is_endless":false,"potions_floor_spawned":[1,7,10,13,16,24,28,30,31,33],"killed_by":"3 Darklings","ascension_level":0}}