{"host":"jpol0bbzretdyr3c","time":1610603190,"event":{"mods":["100% Spire Juice","Act Like it!","BaseMod","Colored Map","Downfall","Gensokyo","Googly Eyes","Infinite Spire","Koishi","Marisa????????","Minty Spire (QoL Compilation)","Replay The Spire","StSLib","The Servant 0.9.4"],"gold_per_floor":[119,119,139,149,161,161,174,174,174,174,204,204,219,254,254,355,355,372,420,430,50,50,50,60,92,92,109,125,125,27,45,45,140,140,154,164,164,164,179,179,179],"floor_reached":40,"language":"ENG","playtime":2806,"items_purged":["Pain","Injury"],"score":571,"play_id":"b1ed01f8-a144-4247-9d16-93158097a2e2","local_time":"20210113214630","is_ascension_mode":true,"campfire_choices":[{"data":"Koishi:HauntingSlash","floor":6,"key":"SMITH"},{"floor":8,"key":"REST"},{"data":"Koishi:JumpScare","floor":15,"key":"SMITH"},{"data":"Koishi:UnseenTerror","floor":15,"key":"SMITH"},{"data":"Koishi:RacingHeart","floor":23,"key":"SMITH"},{"data":"Koishi:RacingHeart","floor":23,"key":"SMITH"},{"data":"Koishi:MindStellarRelief","floor":29,"key":"SMITH"},{"data":"Koishi:Provoke","floor":29,"key":"SMITH"},{"data":"Koishi:JumpScare","floor":32,"key":"SMITH"},{"data":"Koishi:CatchAndRose","floor":32,"key":"SMITH"}],"circlet_count":0,"master_deck":["Koishi:BasicStrike","Koishi:BasicStrike","Koishi:BasicStrike","Koishi:BasicStrike","Koishi:BasicDefend","Koishi:BasicDefend","Koishi:BasicDefend","Koishi:BasicDefend","Koishi:Provoke+1","Koishi:HauntingSlash+1","Koishi:PhantomBarrier","Gensokyo:CrescentMoonSlash","Koishi:TremblingHands","Koishi:TraumaticStroke","Koishi:StingingMind","Koishi:SubterraneanRose","Koishi:UnseenTerror+1","Koishi:JumpScare+1","Koishi:SubterraneanRose","Koishi:MindStellarRelief+1","Koishi:SubconsciousSweep+1","Koishi:CatchAndRose+1","Koishi:RacingHeart+1","Koishi:PhantomBarrier","Koishi:RacingHeart+1","Gensokyo:SlitMouthedWoman","Koishi:GrowingPain","Koishi:ParalyzingFear","Koishi:PhantomStrike+1","Koishi:BloodcurdlingScream+1","Koishi:SpiritedAway","Koishi:JumpScare+1","Koishi:ImGoingToCallYouNow","Koishi:PhantomStrike+1","Koishi:PredatoryInstincts+1","Koishi:RacingHeart+1"],"relics":["Koishi:ImaginaryFriend","Replay:Arrowhead","infinitespire:BottledMercury","Pocketwatch","Gensokyo:LunaticRedEyes","Nunchaku","Philosopher\u0027s Stone","Koishi:AHoleWhereASisterShouldBe","Snack Pack","Kunai","The Courier","Black Star"],"acts_visited":["Gensokyo:Gensokyo","Gensokyo:Gensokyoer","Gensokyo:Gensokyoest"],"potions_floor_usage":[14,16,33,33,33],"damage_taken":[{"damage":1,"enemies":"Gensokyo:Python","floor":1,"turns":3},{"damage":6,"enemies":"Gensokyo:2_Kodama","floor":3,"turns":5},{"damage":4,"enemies":"Gensokyo:Gryphon","floor":4,"turns":6},{"damage":14,"enemies":"Gensokyo:LivingMonolith","floor":5,"turns":4},{"damage":7,"enemies":"Gensokyo:CorruptedTreant","floor":7,"turns":4},{"damage":25,"enemies":"Gensokyo:Mamizou","floor":11,"turns":9},{"damage":8,"enemies":"Gensokyo:VengefulSpirit","floor":13,"turns":4},{"damage":0,"enemies":"Gensokyo:Aya","floor":14,"turns":6},{"damage":17,"enemies":"Gensokyo:Reimu","floor":16,"turns":9},{"damage":4,"enemies":"Gensokyo:CosmicMonolith","floor":18,"turns":4},{"damage":23,"enemies":"Gensokyo:Chomper","floor":20,"turns":4},{"damage":7,"enemies":"Gensokyo:Slime_Group","floor":24,"turns":5},{"damage":30,"enemies":"Nightmare","floor":25,"turns":7},{"damage":10,"enemies":"Gensokyo:Swordslinger","floor":27,"turns":3},{"damage":9,"enemies":"Gensokyo:Monolith_and_Dog","floor":28,"turns":4},{"damage":10,"enemies":"Gensokyo:Slime_Group","floor":31,"turns":3},{"damage":79,"enemies":"Gensokyo:Kaguya","floor":33,"turns":10},{"damage":0,"enemies":"Gensokyo:3_Bats","floor":35,"turns":3},{"damage":2,"enemies":"Gensokyo:AncientGuardian","floor":36,"turns":5},{"damage":6,"enemies":"Gensokyo:Sharpion","floor":39,"turns":4},{"damage":66,"enemies":"Gensokyo:Kasen","floor":40,"turns":5}],"seed_played":"3476447260702599558","potions_obtained":[{"floor":4,"key":"Energy Potion"},{"floor":11,"key":"Dexterity Potion"},{"floor":13,"key":"Elixir"},{"floor":16,"key":"Dexterity Potion"},{"floor":19,"key":"FearPotion"},{"floor":20,"key":"Explosive Potion"},{"floor":25,"key":"Regen Potion"},{"floor":31,"key":"DuplicationPotion"}],"is_trial":false,"path_per_floor":["M","?","M","M","M","R","M","R","T","?","E","?","M","E","R","B",null,"M","?","M","$","?","R","M","NM","T","M","M","R","$","M","R","B",null,"M","M","AVR","?","M","E"],"character_chosen":"KOISHI","items_purchased":["Koishi:RacingHeart","Snack Pack","Koishi:SpiritedAway"],"campfire_rested":1,"item_purchase_floors":[21,21,30],"current_hp_per_floor":[66,57,52,50,37,37,36,55,55,55,46,46,42,58,58,58,64,66,40,32,32,32,32,41,42,42,48,53,53,53,58,58,9,47,57,60,60,60,60,0,0],"gold":179,"neow_bonus":"TEN_PERCENT_HP_BONUS","is_daily":false,"chose_seed":false,"campfire_upgraded":9,"win_rate":0.0,"timestamp":1610603190,"path_taken":["M","?","M","M","?","R","M","R","T","?","E","?","M","E","R","BOSS","M","?","?","?","?","R","M","NM","T","M","M","R","$","M","R","BOSS","M","M","AVR","?","M","E"],"items_purchased_type":["Card","Relic","Card"],"build_version":"2020-12-22","purchased_purges":2,"victory":false,"max_hp_per_floor":[66,66,66,66,66,66,66,66,66,66,66,66,66,66,66,66,66,66,66,66,66,60,60,60,60,60,60,60,60,60,60,60,60,60,60,60,60,60,60,60,60],"card_choices":[{"not_picked":["Koishi:StrangeCloudFist","Koishi:RorschachInDanmaku"],"picked":"Koishi:PhantomBarrier","floor":1},{"not_picked":["Koishi:MassHysteria","Koishi:LastRemote"],"picked":"Koishi:TremblingHands","floor":3},{"not_picked":["Koishi:Possession","Koishi:Prune"],"picked":"Koishi:TraumaticStroke","floor":4},{"not_picked":["Koishi:BloodcurdlingScream","Koishi:FleetingPhantom"],"picked":"Koishi:StingingMind","floor":5},{"not_picked":["Koishi:HeartfeltFancy","Koishi:PhantomStrike"],"picked":"Koishi:SubterraneanRose","floor":7},{"not_picked":["Koishi:StrangeCloudFist","Koishi:BloodcurdlingScream"],"picked":"Koishi:UnseenTerror","floor":11},{"not_picked":["Koishi:UnansweredLove","Koishi:DreadfulBlow"],"picked":"Koishi:JumpScare","floor":13},{"not_picked":["Koishi:SubconsciousSweep","Koishi:MassHysteria"],"picked":"Koishi:SubterraneanRose","floor":14},{"not_picked":["Koishi:FormlessExistence","Koishi:RuptureMind"],"picked":"Koishi:MindStellarRelief","floor":16},{"not_picked":["Koishi:Possession","Koishi:Jaunt"],"picked":"Koishi:SubconsciousSweep+1","floor":18},{"not_picked":["Koishi:TremblingHands","Koishi:UnconsciousUprising"],"picked":"Koishi:CatchAndRose","floor":19},{"not_picked":["Koishi:SubconsciousSweep+1","Koishi:TremblingHands"],"picked":"Koishi:RacingHeart","floor":19},{"not_picked":["Koishi:ReleaseOfTheId","Koishi:SubterraneanRose"],"picked":"Koishi:PhantomBarrier","floor":20},{"not_picked":["Gensokyo:TurboGranny","Gensokyo:LochNessMonster"],"picked":"Gensokyo:SlitMouthedWoman","floor":22},{"not_picked":["Koishi:FleetingPhantom","Koishi:UnansweredLove+1"],"picked":"Koishi:GrowingPain","floor":24},{"not_picked":["Koishi:BramblyRoseGarden","Koishi:SpiritedAway+1"],"picked":"Koishi:ParalyzingFear","floor":25},{"not_picked":["Koishi:Whimsy","Koishi:ParalyzingFear"],"picked":"Koishi:PhantomStrike+1","floor":27},{"not_picked":["Koishi:SubconsciousSweep+1","Koishi:StrangeCloudFist+1"],"picked":"Koishi:BloodcurdlingScream+1","floor":28},{"not_picked":["Koishi:RoseHell","Koishi:Jaunt"],"picked":"Koishi:JumpScare","floor":31},{"not_picked":["Koishi:Heartbroken","Koishi:FormlessExistence"],"picked":"Koishi:ImGoingToCallYouNow","floor":33},{"not_picked":["Koishi:ReflexRadar+1","Koishi:RorschachInDanmaku"],"picked":"Koishi:PhantomStrike+1","floor":35},{"not_picked":["Koishi:RacingHeart","Koishi:JumpScare"],"picked":"Koishi:PredatoryInstincts+1","floor":36},{"not_picked":["Koishi:BloodcurdlingScream+1","Koishi:Untouchable"],"picked":"Koishi:RacingHeart+1","floor":39}],"player_experience":452214,"relics_obtained":[{"floor":9,"key":"Replay:Arrowhead"},{"floor":11,"key":"Pocketwatch"},{"floor":14,"key":"Nunchaku"},{"floor":19,"key":"Koishi:AHoleWhereASisterShouldBe"},{"floor":25,"key":"Kunai"},{"floor":26,"key":"The Courier"}],"event_choices":[],"is_beta":false,"boss_relics":[{"not_picked":["infinitespire:Cupcake","Tiny House"],"picked":"Philosopher\u0027s Stone"},{"not_picked":["Runic Dome","Pandora\u0027s Box"],"picked":"Black Star"}],"items_purged_floors":[21,30],"is_endless":true,"potions_floor_spawned":[4,11,13,16,20,25,28,31],"killed_by":"Gensokyo:Kasen","ascension_level":5}}