{"host":"5trcja4hacd149zc","time":1610654319,"event":{"mods":["BaseMod","Colored Map","GifTheSpireLib","Minty Spire (QoL Compilation)","Relic Stats","StSLib"],"gold_per_floor":[118,118,118,137,137,137,156,191,191,191,224,238,388,403,403,475,475,493,40,59,59,59,59,84,84,84,84,84],"floor_reached":27,"language":"ENG","playtime":833,"items_purged":["Strike_G"],"score":478,"play_id":"7d9961de-92b9-42a0-b342-9b2d518d3eb3","local_time":"20210114135839","is_ascension_mode":true,"campfire_choices":[{"data":"Neutralize","floor":6.0,"key":"SMITH"},{"data":"Leg Sweep","floor":10.0,"key":"SMITH"},{"floor":15.0,"key":"REST"},{"data":"Crippling Poison","floor":23,"key":"SMITH"},{"data":"Catalyst","floor":25,"key":"SMITH"}],"circlet_count":0,"master_deck":["AscendersBane","Strike_G","Strike_G","Defend_G","Defend_G","Defend_G","Defend_G","Defend_G","Survivor","Neutralize+1","Dagger Throw","All Out Attack","Acrobatics","Leg Sweep+1","Noxious Fumes+1","Blade Dance","Phantasmal Killer","Crippling Poison+1","Deadly Poison","Catalyst+1","Decay","Envenom+1","Blade Dance+1"],"relics":["Philosopher\u0027s Stone","Gremlin Horn","WarpedTongs","Frozen Egg 2","Lizard Tail","Ornamental Fan","Empty Cage","Chemical X","Oddly Smooth Stone","Juzu Bracelet","Vajra"],"acts_visited":["Exordium","TheCity"],"potions_floor_usage":[16,24,27],"damage_taken":[{"damage":4.0,"enemies":"Cultist","floor":1.0,"turns":5.0},{"damage":5.0,"enemies":"Small Slimes","floor":4.0,"turns":4.0},{"damage":3.0,"enemies":"Jaw Worm","floor":7.0,"turns":3.0},{"damage":6.0,"enemies":"Gremlin Nob","floor":8.0,"turns":3.0},{"damage":24.0,"enemies":"3 Sentries","floor":11.0,"turns":9.0},{"damage":2.0,"enemies":"Large Slime","floor":12.0,"turns":6.0},{"damage":0.0,"enemies":"2 Fungi Beasts","floor":14.0,"turns":4.0},{"damage":11,"enemies":"The Guardian","floor":16,"turns":10},{"damage":22,"enemies":"3 Byrds","floor":18,"turns":4},{"damage":21,"enemies":"Chosen","floor":20,"turns":5},{"damage":16,"enemies":"Gremlin Leader","floor":24,"turns":4},{"damage":28,"enemies":"Book of Stabbing","floor":27,"turns":4}],"seed_played":"3698094956754387002","potions_obtained":[{"floor":1.0,"key":"Strength Potion"},{"floor":7.0,"key":"Poison Potion"},{"floor":8.0,"key":"FearPotion"},{"floor":20,"key":"PowerPotion"},{"floor":24,"key":"PowerPotion"}],"is_trial":false,"path_per_floor":["M","?","?","M","?","R","M","E","T","R","E","M","?","M","R","B",null,"M","$","M","?","?","R","E","R","T","E"],"character_chosen":"THE_SILENT","items_purchased":["Chemical X","Deadly Poison","Oddly Smooth Stone"],"campfire_rested":1,"item_purchase_floors":[19,19,19],"current_hp_per_floor":[55,50,50,45,38,38,35,29,29,29,5,3,3,3,22,11,52,30,30,9,9,9,9,28,28,28,0,0],"gold":84,"neow_bonus":"BOSS_RELIC","is_daily":false,"chose_seed":false,"campfire_upgraded":4,"win_rate":0.0,"timestamp":1610654319,"path_taken":["M","?","?","?","?","R","M","E","T","R","E","M","?","M","R","BOSS","M","$","M","?","?","R","E","R","T","E"],"items_purchased_type":["Relic","Card","Relic"],"build_version":"2020-12-22","purchased_purges":1,"victory":false,"max_hp_per_floor":[66,66,66,66,66,66,66,66,66,66,66,66,66,66,66,66,66,66,66,66,66,66,66,66,66,66,66,66],"relic_stats":{"Lizard Tail":33,"Gremlin Horn":[10,10],"counters":[12,61],"Ornamental Fan":[64],"Juzu Bracelet":0,"Chemical X":[1],"obtain_stats":[{"Lizard Tail":9,"Gremlin Horn":2,"Ornamental Fan":11,"Oddly Smooth Stone":19,"Vajra":26,"Philosopher\u0027s Stone":0,"Juzu Bracelet":24,"Chemical X":19,"Frozen Egg 2":8,"Empty Cage":17,"Ring of the Snake":0,"WarpedTongs":3},{"Lizard Tail":4,"Gremlin Horn":1,"Ornamental Fan":5,"Oddly Smooth Stone":9,"Vajra":11,"Philosopher\u0027s Stone":0,"Juzu Bracelet":11,"Chemical X":9,"Frozen Egg 2":4,"Empty Cage":8,"Ring of the Snake":0,"WarpedTongs":1},{"Lizard Tail":15,"Gremlin Horn":5,"Ornamental Fan":24,"Oddly Smooth Stone":48,"Vajra":57,"Philosopher\u0027s Stone":0,"Juzu Bracelet":57,"Chemical X":48,"Frozen Egg 2":15,"Empty Cage":44,"Ring of the Snake":0,"WarpedTongs":5}],"WarpedTongs":[55]},"card_choices":[{"not_picked":["Endless Agony","PiercingWail"],"picked":"Dagger Throw","floor":1.0},{"not_picked":["Outmaneuver","Dodge and Roll"],"picked":"All Out Attack","floor":4.0},{"not_picked":["Sucker Punch","Dodge and Roll"],"picked":"Acrobatics","floor":7.0},{"not_picked":["Distraction","Tactician"],"picked":"Leg Sweep","floor":8.0},{"not_picked":["Dagger Throw","Underhanded Strike"],"picked":"Noxious Fumes+1","floor":11.0},{"not_picked":["Dagger Throw","Setup"],"picked":"Blade Dance","floor":12.0},{"not_picked":["Setup","Finisher","Doppelganger"],"picked":"SKIP","floor":14.0},{"not_picked":["Tools of the Trade+1","Bullet Time"],"picked":"Phantasmal Killer","floor":16},{"not_picked":["Quick Slash","Outmaneuver"],"picked":"Crippling Poison","floor":18},{"not_picked":["Expertise+1","Dodge and Roll+1"],"picked":"Catalyst","floor":20},{"not_picked":["Endless Agony","Adrenaline"],"picked":"Blade Dance+1","floor":24}],"player_experience":765657,"relics_obtained":[{"floor":8.0,"key":"Frozen Egg 2"},{"floor":9.0,"key":"Lizard Tail"},{"floor":11.0,"key":"Ornamental Fan"},{"floor":24,"key":"Juzu Bracelet"},{"floor":26,"key":"Vajra"}],"event_choices":[{"damage_healed":0.0,"max_hp_gain":0.0,"max_hp_loss":0.0,"gold_gain":0.0,"event_name":"Scrap Ooze","player_choice":"Success","floor":2.0,"gold_loss":0.0,"damage_taken":5.0,"relics_obtained":["Gremlin Horn"]},{"damage_healed":0.0,"max_hp_gain":0.0,"max_hp_loss":0.0,"gold_gain":0.0,"event_name":"Accursed Blacksmith","player_choice":"Rummage","floor":3.0,"gold_loss":0.0,"damage_taken":0.0,"relics_obtained":["WarpedTongs"],"cards_obtained":["Pain"]},{"cards_removed":["Pain"],"damage_healed":0.0,"max_hp_gain":0.0,"max_hp_loss":0.0,"gold_gain":0.0,"event_name":"Golden Wing","player_choice":"Card Removal","floor":5.0,"gold_loss":0.0,"damage_taken":7.0},{"damage_healed":0.0,"max_hp_gain":0.0,"max_hp_loss":0.0,"gold_gain":150.0,"event_name":"Liars Game","player_choice":"AGREE","floor":13.0,"gold_loss":0.0,"damage_taken":0.0,"cards_obtained":["Doubt"]},{"damage_healed":0,"gold_gain":0,"player_choice":"Smashed Altar","damage_taken":0,"max_hp_gain":0,"max_hp_loss":0,"event_name":"Forgotten Altar","floor":21,"gold_loss":0,"cards_obtained":["Decay"]},{"damage_healed":0,"gold_gain":0,"cards_transformed":["Strike_G"],"player_choice":"Transformed","damage_taken":0,"max_hp_gain":0,"max_hp_loss":0,"event_name":"Transmorgrifier","floor":22,"gold_loss":0,"cards_obtained":["Envenom"]}],"is_beta":false,"boss_relics":[{"not_picked":["WristBlade","Black Star"],"picked":"Empty Cage"}],"items_purged_floors":[19],"is_endless":false,"potions_floor_spawned":[1,7,8,20,24],"killed_by":"Book of Stabbing","ascension_level":20}}