{"host":"cvjufw5k2cirmttm","time":1610658668,"event":{"mods":["AchievementEnabler","BaseMod","Colored Map","Colored Powertips","Minty Spire (QoL Compilation)"],"gold_per_floor":[116,40,51,51,69,399,413,413,485,485,511,511,537,557,557,657,657,671,683,702,413,413,448,459,459,459],"floor_reached":25,"language":"RUS","playtime":1664,"items_purged":[],"score":243,"play_id":"ed4d90a6-f673-470f-b281-f03ce058b121","local_time":"20210115001108","is_ascension_mode":false,"campfire_choices":[{"floor":8,"key":"REST"},{"data":"Eruption","floor":10,"key":"SMITH"},{"floor":15,"key":"REST"}],"circlet_count":0,"master_deck":["Strike_P","Strike_P","Strike_P","Strike_P","Defend_P","Defend_P","Defend_P+1","Defend_P","Eruption+1","Vigilance","InnerPeace+1","WheelKick","TalkToTheHand+1","FearNoEvil","EmptyFist","Tantrum+1","Vault","EmptyFist+1","SpiritShield","CutThroughFate+1","TalkToTheHand+1","Crescendo+1","FlurryOfBlows+1"],"relics":["PureWater","NeowsBlessing","Old Coin","Molten Egg 2","War Paint","Ancient Tea Set","Black Star","Matryoshka","MutagenicStrength","Blue Candle","Damaru"],"acts_visited":["TheCity"],"potions_floor_usage":[16,16,20,23,25,25],"damage_taken":[{"damage":0.0,"enemies":"Cultist","floor":1.0,"turns":1.0},{"damage":0.0,"enemies":"2 Louse","floor":3.0,"turns":2.0},{"damage":0.0,"enemies":"Jaw Worm","floor":5.0,"turns":1.0},{"damage":33.0,"enemies":"Lagavulin","floor":6.0,"turns":6.0},{"damage":8.0,"enemies":"Blue Slaver","floor":7.0,"turns":4.0},{"damage":5,"enemies":"Gremlin Nob","floor":11,"turns":3},{"damage":25,"enemies":"3 Sentries","floor":13,"turns":6},{"damage":5,"enemies":"Exordium Thugs","floor":14,"turns":2},{"damage":45,"enemies":"The Guardian","floor":16,"turns":7},{"damage":12,"enemies":"2 Thieves","floor":18,"turns":5},{"damage":4,"enemies":"Shell Parasite","floor":19,"turns":4},{"damage":15,"enemies":"Cultist and Chosen","floor":20,"turns":7},{"damage":20,"enemies":"Book of Stabbing","floor":23,"turns":6},{"damage":0,"enemies":"Sentry and Sphere","floor":24,"turns":3},{"damage":32,"enemies":"Gremlin Leader","floor":25,"turns":2}],"seed_played":"-7487716805131918470","potions_obtained":[{"floor":1.0,"key":"Dexterity Potion"},{"floor":7,"key":"GamblersBrew"},{"floor":11,"key":"SkillPotion"},{"floor":19,"key":"FearPotion"},{"floor":20,"key":"Fruit Juice"},{"floor":24,"key":"SkillPotion"}],"is_trial":false,"path_per_floor":["M","$","M","?","M","E","M","R","T","R","E","?","E","M","R","B",null,"M","M","M","$","?","E","M","E"],"character_chosen":"WATCHER","items_purchased":["WheelKick","FlurryOfBlows+1","Matryoshka"],"campfire_rested":2,"item_purchase_floors":[2,21,21],"current_hp_per_floor":[72,72,72,72,72,39,31,52,52,52,47,71,46,41,62,17,72,60,56,46,46,46,26,26,0,0],"gold":459,"neow_bonus":"THREE_ENEMY_KILL","is_daily":false,"chose_seed":false,"campfire_upgraded":1,"win_rate":0.0,"timestamp":1610658668,"path_taken":["M","?","M","?","M","E","M","R","T","R","E","?","E","M","R","BOSS","M","M","M","$","?","E","M","E"],"items_purchased_type":["Card","Card","Relic"],"build_version":"2020-12-22","purchased_purges":0,"victory":false,"max_hp_per_floor":[72,72,72,72,72,72,72,72,72,72,72,72,72,72,72,72,72,72,72,77,77,77,77,77,77,77],"card_choices":[{"not_picked":["Sanctity","EmptyMind"],"picked":"InnerPeace","floor":1.0},{"not_picked":["SandsOfTime","FollowUp"],"picked":"TalkToTheHand","floor":3.0},{"not_picked":["Halt","EmptyBody"],"picked":"FearNoEvil","floor":5.0},{"not_picked":["Halt","EmptyBody"],"picked":"EmptyFist","floor":6.0},{"not_picked":["Consecrate","ThirdEye","Pray"],"picked":"SKIP","floor":7},{"not_picked":["Evaluate","MentalFortress"],"picked":"Tantrum+1","floor":11},{"not_picked":["CrushJoints+1","Scrawl"],"picked":"Vault","floor":13},{"not_picked":["EmptyBody","Sanctity"],"picked":"EmptyFist+1","floor":14},{"not_picked":["Omniscience","Establishment"],"picked":"SpiritShield","floor":16},{"not_picked":["FollowUp+1","Consecrate+1"],"picked":"CutThroughFate+1","floor":18},{"not_picked":["SashWhip+1","BattleHymn"],"picked":"TalkToTheHand+1","floor":19},{"not_picked":["FollowUp+1","ThirdEye"],"picked":"Crescendo+1","floor":20},{"not_picked":["CrushJoints+1","Meditate","Crescendo+1"],"picked":"SKIP","floor":23},{"not_picked":["FollowUp+1","LikeWater","Evaluate"],"picked":"SKIP","floor":24}],"player_experience":95760,"relics_obtained":[{"floor":6.0,"key":"Old Coin"},{"floor":9,"key":"Molten Egg 2"},{"floor":11,"key":"War Paint"},{"floor":13,"key":"Ancient Tea Set"},{"floor":23,"key":"Blue Candle"},{"floor":23,"key":"Damaru"}],"event_choices":[{"damage_healed":0.0,"max_hp_gain":0.0,"max_hp_loss":0.0,"gold_gain":0.0,"event_name":"Living Wall","player_choice":"Grow","floor":4.0,"gold_loss":0.0,"damage_taken":0.0,"cards_upgraded":["TalkToTheHand"]},{"damage_healed":24,"gold_gain":0,"player_choice":"Banana","damage_taken":0,"max_hp_gain":0,"max_hp_loss":0,"event_name":"Big Fish","floor":12,"gold_loss":0},{"damage_healed":0,"gold_gain":0,"player_choice":"Inject Mutagens","damage_taken":0,"relics_obtained":["MutagenicStrength"],"max_hp_gain":0,"max_hp_loss":0,"event_name":"Drug Dealer","floor":22,"gold_loss":0}],"is_beta":false,"boss_relics":[{"not_picked":["Philosopher\u0027s Stone","Coffee Dripper"],"picked":"Black Star"}],"items_purged_floors":[],"is_endless":false,"potions_floor_spawned":[1,7,11,19,20,24],"killed_by":"Gremlin Leader","ascension_level":0}}