{"host":"r53pw7z744tg3fxg","time":1610653602,"event":{"mods":["AchievementEnabler","BaseMod","Colored Map","Colored Powertips","Highlight Path","Minty Spire (QoL Compilation)","Quick Restart","Transform Curses"],"gold_per_floor":[111,121,135,100,100,100,114,114,114,114,124,45,63,97,97,174,174,187,37,37,48,61,61,81,81,81,81,92,92,92,92],"floor_reached":30,"language":"ENG","playtime":866,"items_purged":[],"score":465,"play_id":"0ebd4077-2f58-492d-b2d3-95ee4d7eedd7","local_time":"20210114124642","is_ascension_mode":true,"campfire_choices":[{"data":"Eruption","floor":6.0,"key":"SMITH"},{"data":"Worship","floor":8.0,"key":"SMITH"},{"data":"WindmillStrike","floor":10.0,"key":"SMITH"},{"floor":15.0,"key":"REST"},{"floor":23,"key":"REST"},{"floor":25,"key":"REST"}],"circlet_count":0,"master_deck":["AscendersBane","Strike_P","Strike_P","Strike_P","Strike_P","Defend_P","Defend_P","Defend_P","Defend_P","Eruption+1","Vigilance","BowlingBash","Consecrate","Tantrum","Worship+1","WindmillStrike+1","Ragnarok","BattleHymn","EmptyBody","SashWhip","DevaForm+1","Sanctity","ThirdEye"],"relics":["PureWater","Regal Pillow","Shuriken","Frozen Egg 2","Busted Crown","HandDrill","Centennial Puzzle","Enchiridion","The Courier"],"acts_visited":["Exordium","TheCity"],"potions_floor_usage":[22],"damage_taken":[{"damage":7.0,"enemies":"Small Slimes","floor":1.0,"turns":4.0},{"damage":2.0,"enemies":"Jaw Worm","floor":2.0,"turns":2.0},{"damage":0.0,"enemies":"Cultist","floor":3.0,"turns":2.0},{"damage":8.0,"enemies":"Looter","floor":7.0,"turns":5.0},{"damage":4.0,"enemies":"3 Louse","floor":11.0,"turns":3.0},{"damage":19.0,"enemies":"Blue Slaver","floor":13.0,"turns":5.0},{"damage":0.0,"enemies":"Gremlin Nob","floor":14.0,"turns":2.0},{"damage":40.0,"enemies":"The Guardian","floor":16.0,"turns":8.0},{"damage":0.0,"enemies":"3 Byrds","floor":18.0,"turns":3.0},{"damage":3.0,"enemies":"Spheric Guardian","floor":21.0,"turns":3.0},{"damage":29,"enemies":"3 Cultists","floor":22,"turns":4},{"damage":45,"enemies":"Snake Plant","floor":24,"turns":5},{"damage":26,"enemies":"Shelled Parasite and Fungi","floor":28,"turns":4},{"damage":38,"enemies":"Cultist and Chosen","floor":30,"turns":4}],"seed_played":"-8087890955438981452","potions_obtained":[{"floor":2.0,"key":"Ambrosia"},{"floor":3.0,"key":"EssenceOfSteel"},{"floor":7.0,"key":"Dexterity Potion"},{"floor":16.0,"key":"Regen Potion"},{"floor":18.0,"key":"SpeedPotion"}],"is_trial":false,"path_per_floor":["M","M","M","?","T","R","M","R","T","R","M","$","M","E","R","B",null,"M","$","?","M","M","R","M","R","T","?","M","T","M"],"character_chosen":"WATCHER","items_purchased":["BattleHymn","HandDrill"],"campfire_rested":3,"item_purchase_floors":[12,19],"current_hp_per_floor":[58,56,56,72,72,72,64,64,64,64,60,60,41,41,72,32,62,71,71,58,55,26,64,19,57,57,41,15,15,0,0],"gold":92,"neow_bonus":"THREE_CARDS","is_daily":false,"chose_seed":false,"campfire_upgraded":3,"win_rate":0.0,"timestamp":1610653602,"path_taken":["M","M","M","?","?","R","M","R","T","R","M","$","?","E","R","BOSS","M","$","?","M","M","R","M","R","T","?","M","?","?"],"items_purchased_type":["Card","Relic"],"build_version":"2020-12-22","purchased_purges":0,"victory":false,"max_hp_per_floor":[72,72,72,72,72,72,72,72,72,72,72,72,72,72,72,72,72,72,72,77,77,77,77,77,77,77,77,77,77,77,77],"card_choices":[{"not_picked":["EmptyFist","Perseverance"],"picked":"BowlingBash","floor":0.0},{"not_picked":["ClearTheMind","CutThroughFate"],"picked":"Consecrate","floor":1.0},{"not_picked":["Consecrate","LikeWater"],"picked":"Tantrum","floor":2.0},{"not_picked":["Crescendo","Consecrate"],"picked":"Worship","floor":3.0},{"not_picked":["PathToVictory","FollowUp"],"picked":"WindmillStrike","floor":7.0},{"not_picked":["Halt","CrushJoints"],"picked":"Ragnarok","floor":11.0},{"not_picked":["Indignation","EmptyFist"],"picked":"EmptyBody","floor":13.0},{"not_picked":["FlyingSleeves","WindmillStrike"],"picked":"SashWhip","floor":14.0},{"not_picked":["Scrawl","Judgement"],"picked":"DevaForm+1","floor":16.0},{"not_picked":["CrushJoints"],"picked":"SKIP","floor":18.0},{"not_picked":[],"picked":"Sanctity","floor":21.0},{"not_picked":["BowlingBash"],"picked":"SKIP","floor":22},{"not_picked":["SashWhip"],"picked":"SKIP","floor":24},{"not_picked":[],"picked":"ThirdEye","floor":28}],"player_experience":1256433,"relics_obtained":[{"floor":5.0,"key":"Regal Pillow"},{"floor":9.0,"key":"Shuriken"},{"floor":14.0,"key":"Frozen Egg 2"},{"floor":26,"key":"Centennial Puzzle"},{"floor":27,"key":"Enchiridion"},{"floor":29,"key":"The Courier"}],"event_choices":[{"damage_healed":18.0,"max_hp_gain":0.0,"max_hp_loss":0.0,"gold_gain":0.0,"event_name":"The Cleric","player_choice":"Healed","floor":4.0,"gold_loss":35.0,"damage_taken":0.0},{"damage_healed":0.0,"max_hp_gain":5.0,"max_hp_loss":0.0,"gold_gain":0.0,"event_name":"Forgotten Altar","player_choice":"Shed Blood","floor":20.0,"gold_loss":0.0,"damage_taken":18.0},{"damage_healed":0,"gold_gain":0,"player_choice":"Obtained Book","damage_taken":16,"max_hp_gain":0,"max_hp_loss":0,"event_name":"Cursed Tome","floor":27,"gold_loss":0}],"is_beta":false,"boss_relics":[{"not_picked":["Runic Dome","Sozu"],"picked":"Busted Crown"}],"items_purged_floors":[],"is_endless":false,"potions_floor_spawned":[2,3,7,16,18],"killed_by":"Cultist and Chosen","ascension_level":13}}