{"host":"mai03x2ekbjy4059","time":1610596733,"event":{"mods":["2.2 Compatiblity","BaseMod","DeckTracker","Highlight Path","Keyboard Shortcuts","Minty Spire (QoL Compilation)","Permanent Neow","Quick Restart","SuperFastMode","everything is the same but u backflip on backflip"],"gold_per_floor":[111,123,123,173,15,59,59,100,179,197,211,246,246,265,265,358,358,377,377,377,377],"floor_reached":20,"language":"KOR","playtime":506,"items_purged":[],"score":540,"play_id":"05d53135-02fc-4009-be7e-ba8fa5b431e2","local_time":"20210114125853","is_ascension_mode":true,"campfire_choices":[{"floor":7.0,"key":"REST"},{"data":"1","floor":13.0,"key":"LIFT"},{"data":"2","floor":15.0,"key":"LIFT"}],"circlet_count":0,"master_deck":["AscendersBane","Strike_P+1","Strike_P","Strike_P+1","Strike_P","Defend_P","Defend_P","Defend_P","Defend_P","Eruption","Vigilance","InnerPeace","FlurryOfBlows"],"relics":["PureWater","Girya","Golden Idol","Nunchaku","PreservedInsect","Whetstone","FossilizedHelix","Runic Pyramid"],"acts_visited":["Exordium","TheCity"],"potions_floor_usage":[],"damage_taken":[{"damage":1.0,"enemies":"2 Louse","floor":1.0,"turns":3.0},{"damage":6.0,"enemies":"Jaw Worm","floor":2.0,"turns":6.0},{"damage":22.0,"enemies":"Lagavulin","floor":6.0,"turns":7.0},{"damage":0.0,"enemies":"Gremlin Nob","floor":8.0,"turns":2.0},{"damage":6.0,"enemies":"Cultist","floor":10.0,"turns":3.0},{"damage":1.0,"enemies":"Looter","floor":11.0,"turns":2.0},{"damage":0.0,"enemies":"3 Sentries","floor":12.0,"turns":4.0},{"damage":0.0,"enemies":"Gremlin Gang","floor":14.0,"turns":4.0},{"damage":0.0,"enemies":"Slime Boss","floor":16.0,"turns":8.0},{"damage":24.0,"enemies":"2 Thieves","floor":18.0,"turns":4.0},{"damage":17,"enemies":"Shell Parasite","floor":20,"turns":4}],"seed_played":"6303043989106707462","potions_obtained":[{"floor":2.0,"key":"Strength Potion"},{"floor":8.0,"key":"LiquidMemories"},{"floor":10.0,"key":"ColorlessPotion"},{"floor":12.0,"key":"Explosive Potion"},{"floor":16.0,"key":"Dexterity Potion"}],"is_trial":false,"path_per_floor":["M","M","?","?","$","E","R","E","T","M","M","E","R","M","R","B",null,"M","?","M"],"character_chosen":"WATCHER","items_purchased":["Nunchaku"],"campfire_rested":1,"item_purchase_floors":[5],"current_hp_per_floor":[60,54,54,49,49,27,43,43,43,37,36,36,36,36,36,36,51,27,27,10,10],"gold":377,"neow_bonus":"ONE_RARE_RELIC","is_daily":false,"chose_seed":false,"campfire_upgraded":0,"win_rate":0.0,"timestamp":1610596733,"path_taken":["M","M","?","?","$","E","R","E","T","?","M","E","R","M","R","BOSS","M","?","?"],"items_purchased_type":["Relic"],"build_version":"2020-12-22","purchased_purges":0,"victory":false,"max_hp_per_floor":[62,62,56,56,56,56,56,56,56,56,56,56,56,56,56,56,56,56,56,56,56],"card_choices":[{"not_picked":["Consecrate","Evaluate","FlyingSleeves"],"picked":"SKIP","floor":1.0},{"not_picked":["WheelKick","ReachHeaven","Collect"],"picked":"SKIP","floor":2.0},{"not_picked":["WindmillStrike","FollowUp","DevaForm"],"picked":"SKIP","floor":6.0},{"not_picked":["BowlingBash","PathToVictory"],"picked":"InnerPeace","floor":8.0},{"not_picked":["Consecrate","Collect","FollowUp"],"picked":"SKIP","floor":10.0},{"not_picked":["SashWhip","CutThroughFate","FearNoEvil"],"picked":"SKIP","floor":11.0},{"not_picked":["Blasphemy","Pray","CrushJoints"],"picked":"SKIP","floor":12.0},{"not_picked":["DeceiveReality","EmptyFist","Collect"],"picked":"SKIP","floor":14.0},{"not_picked":["Crescendo","EmptyBody","SashWhip"],"picked":"SKIP","floor":18.0}],"player_experience":984127,"relics_obtained":[{"floor":6.0,"key":"PreservedInsect"},{"floor":8.0,"key":"Whetstone"},{"floor":12.0,"key":"FossilizedHelix"}],"event_choices":[{"damage_healed":0.0,"max_hp_gain":0.0,"max_hp_loss":6.0,"gold_gain":0.0,"event_name":"Golden Idol","player_choice":"Lose Max HP","floor":3.0,"gold_loss":0.0,"damage_taken":0.0,"relics_obtained":["Golden Idol"]},{"damage_healed":0.0,"max_hp_gain":0.0,"max_hp_loss":0.0,"gold_gain":50.0,"event_name":"FaceTrader","player_choice":"Touch","floor":4.0,"gold_loss":0.0,"damage_taken":5.0},{"damage_healed":0,"gold_gain":0,"player_choice":"1 cards matched","damage_taken":0,"max_hp_gain":0,"max_hp_loss":0,"event_name":"Match and Keep!","floor":19,"gold_loss":0,"cards_obtained":["FlurryOfBlows"]}],"is_beta":false,"boss_relics":[{"not_picked":["Fusion Hammer","Coffee Dripper"],"picked":"Runic Pyramid"}],"items_purged_floors":[],"is_endless":false,"potions_floor_spawned":[2,8,10,12,16],"killed_by":"Shell Parasite","ascension_level":17}}