{"host":"0009l0kk6tb2u2kt","time":1610620617,"event":{"mods":["BaseMod","Downfall","Hermit","Hubris","Minty Spire (QoL Compilation)","Replay The Spire","StSLib"],"gold_per_floor":[119,132,132,1,24,24,59,59,59,59,59],"floor_reached":10,"language":"ENG","playtime":502,"items_purged":[],"score":66,"play_id":"fd8b55a5-04f8-4afc-a23e-4e89cec257e5","local_time":"20210114113657","is_ascension_mode":false,"campfire_choices":[{"data":"hermit:Determination","floor":6,"key":"SMITH"},{"data":"hermit:FlashPowder","floor":8,"key":"SMITH"}],"circlet_count":0,"master_deck":["hermit:Strike_Hermit","hermit:Strike_Hermit","hermit:Strike_Hermit","hermit:Strike_Hermit","hermit:Defend_Hermit","hermit:Defend_Hermit","hermit:Defend_Hermit","hermit:Defend_Hermit","hermit:Snapshot","hermit:Covet","hermit:FlashPowder+1","hermit:Roulette","hermit:Determination+1","hermit:SprayPray","hermit:Spite","Pot Of Greed","Pot Of Greed"],"relics":["hermit:Momento","Strawberry","Golden Idol","Grinning Jar","Question Card"],"acts_visited":["Exordium"],"potions_floor_usage":[],"damage_taken":[{"damage":3,"enemies":"Small Slimes","floor":1,"turns":3},{"damage":0,"enemies":"Cultist","floor":2,"turns":4},{"damage":6,"enemies":"2 Louse","floor":5,"turns":2},{"damage":29,"enemies":"Gremlin Nob","floor":7,"turns":5},{"damage":24,"enemies":"Lagavulin","floor":10,"turns":6}],"seed_played":"-5932799170459720473","potions_obtained":[{"floor":1,"key":"Energy Potion"}],"is_trial":false,"path_per_floor":["M","M","?","$","M","R","E","R","T","E"],"character_chosen":"HERMIT","items_purchased":["hermit:Determination","hermit:SprayPray"],"campfire_rested":0,"item_purchase_floors":[4,4],"current_hp_per_floor":[79,79,59,59,53,53,24,24,24,0,0],"gold":59,"neow_bonus":"RANDOM_COMMON_RELIC","is_daily":false,"chose_seed":false,"campfire_upgraded":2,"win_rate":0.0,"timestamp":1610620617,"path_taken":["M","M","?","$","M","R","E","R","T","E"],"items_purchased_type":["Card","Card"],"build_version":"2020-12-22","purchased_purges":0,"victory":false,"max_hp_per_floor":[82,82,82,82,82,82,82,82,82,82,82],"card_choices":[{"not_picked":["hermit:HoleUp","hermit:Ricochet"],"picked":"hermit:FlashPowder","floor":1},{"not_picked":["hermit:TakeAim","hermit:ItchyTrigger"],"picked":"hermit:Roulette","floor":2},{"not_picked":["hermit:FlashPowder","hermit:Quickdraw"],"picked":"hermit:Spite","floor":5},{"not_picked":["hermit:TakeCover","hermit:DeadMansHand","hermit:CalledShot"],"picked":"SKIP","floor":7}],"player_experience":207327,"relics_obtained":[{"floor":7,"key":"Grinning Jar"},{"floor":9,"key":"Question Card"}],"event_choices":[{"damage_healed":0,"gold_gain":0,"player_choice":"Take Damage","damage_taken":20,"relics_obtained":["Golden Idol"],"max_hp_gain":0,"max_hp_loss":0,"event_name":"Golden Idol","floor":3,"gold_loss":0}],"is_beta":false,"boss_relics":[],"items_purged_floors":[],"is_endless":false,"potions_floor_spawned":[1],"killed_by":"Lagavulin","ascension_level":0}}