{"host":"esx1hwjnbftf3eqj","time":1610664900,"event":{"mods":["AchievementEnabler","BaseMod","Colored Map","Minty Spire (QoL Compilation)","StSLib","The Jungle"],"gold_per_floor":[119,119,138,63,63,63,96,96,143,93,93,103,103,115,115,217,217,229,129,147,22,22,49,49,63,89,123,142,142,142,162,162,263,263,278,294,311,411,426,426,426],"floor_reached":40,"language":"ENG","playtime":2444,"items_purged":["Strike_R","Strike_R","Strike_R"],"score":426,"play_id":"b206e126-22f8-499f-9f0c-e6eccea1ec62","local_time":"20210114145500","is_ascension_mode":false,"campfire_choices":[{"data":"Bash","floor":6,"key":"SMITH"},{"floor":8,"key":"REST"},{"data":"Dropkick","floor":15,"key":"SMITH"},{"floor":24,"key":"REST"},{"floor":30,"key":"REST"},{"data":"Double Tap","floor":32,"key":"SMITH"}],"circlet_count":0,"master_deck":["Strike_R+1","Defend_R+1","Defend_R+1","Defend_R+1","Bash+1","Bandage Up","Dropkick+1","Double Tap+1","Seeing Red+1"],"relics":["Burning Blood","Toy Ornithopter","War Paint","SlaversCollar","Enchiridion","Gremlin Horn","Regal Pillow","Shuriken","SacredBark"],"acts_visited":["Exordium","TheCity","TheBeyond"],"potions_floor_usage":[33,37],"damage_taken":[{"damage":13,"enemies":"Jaw Worm","floor":1,"turns":4},{"damage":3,"enemies":"Small Slimes","floor":3,"turns":3},{"damage":24,"enemies":"3 Sentries","floor":7,"turns":12},{"damage":0,"enemies":"Cultist","floor":12,"turns":3},{"damage":12,"enemies":"Exordium Wildlife","floor":14,"turns":5},{"damage":61,"enemies":"The Guardian","floor":16,"turns":11},{"damage":20,"enemies":"Chosen","floor":18,"turns":4},{"damage":14,"enemies":"Shell Parasite","floor":20,"turns":5},{"damage":41,"enemies":"Book of Stabbing","floor":23,"turns":6},{"damage":21,"enemies":"Snake Plant","floor":25,"turns":3},{"damage":6,"enemies":"Slavers","floor":27,"turns":4},{"damage":9,"enemies":"3 Cultists","floor":28,"turns":4},{"damage":22,"enemies":"Snecko","floor":31,"turns":5},{"damage":62,"enemies":"Collector","floor":33,"turns":6},{"damage":17,"enemies":"3 Shapes","floor":35,"turns":4},{"damage":22,"enemies":"Orb Walker","floor":36,"turns":3},{"damage":43,"enemies":"Writhing Mass","floor":37,"turns":5},{"damage":30,"enemies":"Sphere and 2 Shapes","floor":39,"turns":7},{"damage":39,"enemies":"Nemesis","floor":40,"turns":2}],"seed_played":"-1542471092245299921","potions_obtained":[{"floor":3,"key":"BlessingOfTheForge"},{"floor":16,"key":"Dexterity Potion"},{"floor":20,"key":"Dexterity Potion"},{"floor":27,"key":"Energy Potion"},{"floor":33,"key":"Explosive Potion"},{"floor":37,"key":"Explosive Potion"},{"floor":39,"key":"Block Potion"}],"is_trial":false,"path_per_floor":["M","?","M","$","?","R","E","R","T","?","$","M","?","M","R","B",null,"M","$","M","$","?","E","R","M","T","E","M","$","R","M","R","B",null,"M","M","M","?","M","E"],"character_chosen":"IRONCLAD","items_purchased":[],"campfire_rested":3,"item_purchase_floors":[],"current_hp_per_floor":[77,70,77,77,61,61,47,71,71,71,71,80,80,78,78,27,80,70,70,66,66,50,19,43,32,32,36,37,37,76,64,64,17,80,72,60,32,32,12,0,0],"gold":426,"neow_bonus":"RANDOM_COLORLESS","is_daily":false,"chose_seed":false,"campfire_upgraded":3,"win_rate":0.0,"timestamp":1610664900,"path_taken":["M","?","M","$","?","R","E","R","T","?","?","M","?","M","R","BOSS","M","$","M","$","?","E","R","M","T","E","M","$","R","M","R","BOSS","M","M","M","?","?","E"],"items_purchased_type":[],"build_version":"2020-12-22","purchased_purges":3,"victory":false,"max_hp_per_floor":[80,80,80,80,80,80,80,80,80,80,80,80,80,80,80,80,80,80,80,80,80,80,80,80,80,80,80,80,80,80,80,80,80,80,80,80,80,80,80,80,80],"card_choices":[{"not_picked":["Purity","Panacea"],"picked":"Bandage Up","floor":0},{"not_picked":["Rage","Perfected Strike","Shrug It Off"],"picked":"SKIP","floor":1},{"not_picked":["Entrench","Clash","Shrug It Off"],"picked":"SKIP","floor":3},{"not_picked":["Metallicize","Wild Strike","Sentinel"],"picked":"SKIP","floor":7},{"not_picked":["Wild Strike","Rampage","Evolve"],"picked":"SKIP","floor":12},{"not_picked":["True Grit","Iron Wave"],"picked":"Dropkick","floor":14},{"not_picked":["Corruption","Berserk"],"picked":"Double Tap","floor":16},{"not_picked":["Ghostly Armor","Thunderclap","Iron Wave+1"],"picked":"SKIP","floor":18},{"not_picked":["Wild Strike","Iron Wave","Shrug It Off"],"picked":"SKIP","floor":20},{"not_picked":["Flex","Spot Weakness","True Grit"],"picked":"SKIP","floor":23},{"not_picked":["Pommel Strike+1","Power Through","Disarm"],"picked":"SKIP","floor":25},{"not_picked":["Searing Blow+1","Pommel Strike","Rage"],"picked":"SKIP","floor":27},{"not_picked":["Shrug It Off","Clash","Sword Boomerang+1"],"picked":"SKIP","floor":28},{"not_picked":["Anger+1","Flame Barrier+1","Fiend Fire"],"picked":"SKIP","floor":31},{"not_picked":["Clash","Armaments+1","Pommel Strike"],"picked":"SKIP","floor":35},{"not_picked":["Infernal Blade","Armaments"],"picked":"Seeing Red+1","floor":36},{"not_picked":["Flex","Power Through+1","Warcry+1"],"picked":"SKIP","floor":37},{"not_picked":["Feel No Pain+1","Sword Boomerang","Warcry"],"picked":"SKIP","floor":39}],"player_experience":738974,"relics_obtained":[{"floor":7,"key":"Toy Ornithopter"},{"floor":9,"key":"War Paint"},{"floor":22,"key":"Enchiridion"},{"floor":23,"key":"Gremlin Horn"},{"floor":26,"key":"Regal Pillow"},{"floor":27,"key":"Shuriken"}],"event_choices":[{"cards_removed":["Strike_R"],"damage_healed":0,"gold_gain":0,"player_choice":"Card Removal","damage_taken":7,"max_hp_gain":0,"max_hp_loss":0,"event_name":"Golden Wing","floor":2,"gold_loss":0},{"damage_healed":0,"gold_gain":0,"player_choice":"Entered Light","damage_taken":16,"max_hp_gain":0,"max_hp_loss":0,"event_name":"Shining Light","floor":5,"gold_loss":0,"cards_upgraded":["Strike_R","Defend_R"]},{"cards_removed":["Defend_R"],"damage_healed":0,"gold_gain":0,"player_choice":"Card Removal","damage_taken":0,"max_hp_gain":0,"max_hp_loss":0,"event_name":"The Cleric","floor":10,"gold_loss":50},{"damage_healed":0,"gold_gain":0,"player_choice":"Ignored","damage_taken":0,"max_hp_gain":0,"max_hp_loss":0,"event_name":"NoteForYourself","floor":13,"gold_loss":0},{"damage_healed":0,"gold_gain":0,"player_choice":"Obtained Book","damage_taken":16,"max_hp_gain":0,"max_hp_loss":0,"event_name":"Cursed Tome","floor":22,"gold_loss":0},{"damage_healed":0,"gold_gain":100,"player_choice":"Pray","damage_taken":0,"max_hp_gain":0,"max_hp_loss":0,"event_name":"Golden Shrine","floor":38,"gold_loss":0}],"is_beta":false,"boss_relics":[{"not_picked":["Cursed Key","Calling Bell"],"picked":"SlaversCollar"},{"not_picked":["Snecko Eye","Mark of Pain"],"picked":"SacredBark"}],"items_purged_floors":[4,19,21],"is_endless":false,"potions_floor_spawned":[3,16,20,27,33,37,39],"killed_by":"Nemesis","ascension_level":0}}