{"host":"ty2cix8xj6r3ad26","time":1610667364,"event":{"mods":["AchievementEnabler","BaseMod","BetterRewards","Hubris","Minty Spire (QoL Compilation)","Replay The Spire","StSLib","SuperFastMode"],"gold_per_floor":[116,134,148,162,19,19,50,0,0,0,0,175,194,194,210,35,35,110,110,120,120,155,155,155,187,187,205,205,217,217,217,217,17,17,91,91,110,129,129,154,170,170,190,190,239,251,251,251,26,53,53,53,53,53,53,85,85,85],"floor_reached":57,"language":"ENG","playtime":3260,"items_purged":["Strike_G","Defend_G","Strike_G","Defend_G","Survivor","Defend_G","A Thousand Cuts"],"score":1862,"play_id":"f596108d-12c4-4175-bc06-1e14529abdf5","local_time":"20210115013604","is_ascension_mode":true,"campfire_choices":[{"data":"Backflip","floor":6,"key":"SMITH"},{"data":"Defend_G","floor":14,"key":"PURGE"},{"data":"Strike_G","floor":17,"key":"PURGE"},{"data":"Crow Ritual","floor":26,"key":"SMITH"},{"floor":30,"key":"RECALL"},{"data":"ReplayGash","floor":32,"key":"SMITH"},{"floor":34,"key":"DIG"},{"data":"Neutralize","floor":42,"key":"PURGE"},{"data":"Leg Sweep","floor":44,"key":"SMITH"},{"floor":51,"key":"DIG"}],"circlet_count":0,"master_deck":["AscendersBane","Backflip+1","Leg Sweep+1","ReplayGash+1","Crow Ritual+1"],"relics":["Ring of the Snake","MealTicket","PrismaticShard","Replay:Multitool","hubris:SlimyHat","Chameleon Ring","StoneCalendar","Happy Flower","hubris:CuriousFeather","hubris:Spice","hubris:SphereOfDissonance","Omamori","Bag of Preparation","Black Star","hubris:BottledHeart","Red Mask","PreservedInsect","Ice Cream","SlaversCollar","Du-Vu Doll","Blue Doll","hubris:Icosahedron","Lizard Tail","Replay:Bottled Flurry","War Paint","Calipers","Garlic"],"acts_visited":["Exordium","TheCity","TheBeyond","TheEnding"],"potions_floor_usage":[0,4,7,35,40,46,52,57],"damage_taken":[{"damage":0,"enemies":"Cultist","floor":1,"turns":3},{"damage":1,"enemies":"2 Louse","floor":2,"turns":3},{"damage":1,"enemies":"Small Slimes","floor":3,"turns":3},{"damage":0,"enemies":"Looter","floor":4,"turns":3},{"damage":0,"enemies":"Gremlin Nob","floor":7,"turns":3},{"damage":0,"enemies":"2 Fungi Beasts","floor":13,"turns":3},{"damage":7,"enemies":"3 Louse","floor":15,"turns":3},{"damage":14,"enemies":"The Guardian","floor":18,"turns":7},{"damage":5,"enemies":"Spheric Guardian","floor":20,"turns":3},{"damage":0,"enemies":"Masked Bandits","floor":22,"turns":2},{"damage":0,"enemies":"Replay:Snechameleon","floor":25,"turns":3},{"damage":0,"enemies":"Shell Parasite","floor":27,"turns":3},{"damage":0,"enemies":"Snecko","floor":29,"turns":2},{"damage":0,"enemies":"Collector","floor":35,"turns":4},{"damage":0,"enemies":"3 Darklings","floor":37,"turns":4},{"damage":0,"enemies":"Orb Walker","floor":38,"turns":2},{"damage":0,"enemies":"Mind Bloom Boss Battle","floor":40,"turns":2},{"damage":0,"enemies":"3 Darklings","floor":41,"turns":2},{"damage":0,"enemies":"Sphere and 2 Shapes","floor":43,"turns":3},{"damage":0,"enemies":"Jaw Worm Horde","floor":46,"turns":2},{"damage":0,"enemies":"Reptomancer","floor":50,"turns":2},{"damage":0,"enemies":"Time Eater","floor":52,"turns":6},{"damage":0,"enemies":"Shield and Spear","floor":56,"turns":2},{"damage":38,"enemies":"The Heart","floor":57,"turns":6}],"seed_played":"-9005248707503078320","potions_obtained":[{"floor":2,"key":"Swift Potion"},{"floor":4,"key":"Fruit Juice"},{"floor":18,"key":"Adrenaline Potion"},{"floor":22,"key":"CultistPotion"},{"floor":40,"key":"Fruit Juice"},{"floor":46,"key":"GamblersBrew"},{"floor":48,"key":"Dexterity Potion"},{"floor":48,"key":"LifebloodPotion"}],"is_trial":false,"path_per_floor":["M","M","M","M","$","R","E","?","T","PTL","PTL","?","M","R","M","$","R","B",null,"M","?","?","?","?","E","R","M","T","M","R","?","R","$","R","B",null,"M","M","?","?","M","R","M","R","T","M","?","R","$","E","R","B",null,"R","$","E","B"],"character_chosen":"THE_SILENT","items_purchased":["MealTicket","PrismaticShard","hubris:SlimyHat","Chameleon Ring","Fruit Juice","Backflip","Happy Flower","hubris:Spice","hubris:SphereOfDissonance","PowerPotion","Omamori"],"campfire_rested":0,"item_purchase_floors":[0,0,0,0,0,0,0,0,0,0,5],"current_hp_per_floor":[34,33,32,39,54,54,54,54,62,62,62,62,62,62,55,70,70,56,88,83,1,1,1,1,1,1,1,1,1,1,1,1,1,1,1,1,1,1,1,1,1,1,1,1,1,1,1,1,1,1,1,1,1,1,1,1,0,0],"gold":85,"neow_bonus":"","is_daily":false,"chose_seed":false,"campfire_upgraded":4,"win_rate":0.0,"timestamp":1610667364,"path_taken":["M","M","?","M","$","R","E","?","T","PTL","PTL","?","M","R","M","$","R","BOSS","M","?","?","?","?","E","R","?","T","M","R","?","R","$","R","BOSS","M","?","?","?","M","R","M","R","T","M","?","R","$","E","R","BOSS","R","$","E","BOSS"],"items_purchased_type":["Relic","Relic","Relic","Relic","Potion","Card","Relic","Relic","Relic","Potion","Relic"],"build_version":"2020-12-22","purchased_purges":7,"victory":false,"max_hp_per_floor":[83,83,83,90,90,90,90,90,98,98,98,98,98,98,98,98,98,98,98,98,1,1,1,1,1,1,1,1,1,1,1,1,1,1,1,1,1,1,1,1,1,1,1,1,1,1,1,1,1,1,1,1,1,1,1,1,1,1],"card_choices":[{"not_picked":["Quick Slash","Armaments"],"picked":"Leg Sweep","floor":1},{"not_picked":["ReplayTheSpireMod:Strike From Hell","Entrench","Replay:BluntJabs"],"picked":"SKIP","floor":2},{"not_picked":["Expertise","hubris:ReadiedAction"],"picked":"ReplayGash","floor":3},{"not_picked":["Acrobatics","SandsOfTime","Echo Form"],"picked":"SKIP","floor":4},{"not_picked":["Pommel Strike","Compile Driver","Swift Strike"],"picked":"SKIP","floor":7},{"not_picked":["Run Through","FollowUp"],"picked":"hubris:SpiceAddiction","floor":13},{"not_picked":["Tactician","Halt","Armaments"],"picked":"SKIP","floor":15},{"not_picked":["Doppelganger","Double Tap"],"picked":"Crow Ritual","floor":18},{"not_picked":["ReplayTheSpireMod:Corrosion Curse","BowlingBash","Panacea"],"picked":"SKIP","floor":20},{"not_picked":["Pommel Strike+1","Dodge and Roll+1","Replay:BluntJabs"],"picked":"SKIP","floor":25},{"not_picked":["hubris:SpiceAddiction","Sanctity","hubris:SpiceAddiction"],"picked":"SKIP","floor":27},{"not_picked":["hubris:SpiceAddiction","Heavy Blade","Perfected Strike+1"],"picked":"SKIP","floor":29},{"not_picked":["EmptyMind","hubris:CleavingFinish+1","Evaluate"],"picked":"SKIP","floor":37},{"not_picked":["Turbo+1","hubris:SpiceAddiction","Consecrate"],"picked":"SKIP","floor":38},{"not_picked":["Blizzard+1","Beam Cell","Replay:Vibes+1"],"picked":"SKIP","floor":41},{"not_picked":["Cleave","Replay:Hum","Replay:ManipulateFuture"],"picked":"SKIP","floor":43},{"not_picked":["Massacre","ReplayTheSpireMod:The Works","Dagger Throw"],"picked":"SKIP","floor":46},{"not_picked":["Perfected Strike+1","hubris:Ssssneak","ReplaySort"],"picked":"SKIP","floor":50},{"not_picked":["Perfected Strike+1","hubris:Ssssneak","ReplaySort"],"picked":"SKIP","floor":50},{"not_picked":["Ball Lightning","Flex","Burning Pact+1"],"picked":"SKIP","floor":56}],"player_experience":488712,"relics_obtained":[{"floor":7,"key":"Bag of Preparation"},{"floor":9,"key":"hubris:Spice"},{"floor":22,"key":"Red Mask"},{"floor":25,"key":"PreservedInsect"},{"floor":34,"key":"Ice Cream"},{"floor":40,"key":"Du-Vu Doll"},{"floor":45,"key":"Blue Doll"},{"floor":50,"key":"Lizard Tail"},{"floor":50,"key":"Replay:Bottled Flurry"},{"floor":51,"key":"War Paint"},{"floor":56,"key":"Calipers"},{"floor":56,"key":"Garlic"}],"event_choices":[{"cards_removed":["Defend_G"],"damage_healed":0,"gold_gain":0,"player_choice":"Card Removal","damage_taken":0,"max_hp_gain":0,"max_hp_loss":0,"event_name":"The Cleric","floor":8,"gold_loss":50},{"damage_healed":0,"gold_gain":175,"player_choice":"AGREE","damage_taken":0,"max_hp_gain":0,"max_hp_loss":0,"event_name":"Liars Game","floor":12,"gold_loss":0,"cards_obtained":["Doubt"]},{"damage_healed":0,"gold_gain":0,"player_choice":"Fought Bandits","damage_taken":0,"max_hp_gain":0,"max_hp_loss":0,"event_name":"Masked Bandits","floor":22,"gold_loss":0},{"cards_removed":["Strike_G"],"damage_healed":0,"gold_gain":0,"player_choice":"Elegance","damage_taken":0,"max_hp_gain":0,"max_hp_loss":0,"event_name":"Back to Basics","floor":23,"gold_loss":0},{"damage_healed":0,"gold_gain":0,"cards_transformed":["Strike_G"],"player_choice":"Transformed","damage_taken":0,"max_hp_gain":0,"max_hp_loss":0,"event_name":"Transmorgrifier","floor":24,"gold_loss":0,"cards_obtained":["A Thousand Cuts"]},{"damage_healed":0,"gold_gain":0,"player_choice":"Leave","damage_taken":0,"max_hp_gain":0,"max_hp_loss":0,"event_name":"FaceTrader","floor":31,"gold_loss":0},{"damage_healed":0,"gold_gain":0,"player_choice":"Fight","damage_taken":0,"max_hp_gain":0,"max_hp_loss":0,"event_name":"MindBloom","floor":40,"gold_loss":0}],"is_beta":false,"boss_relics":[{"not_picked":["hubris:Spice","hubris:Spice"],"picked":"Black Star"},{"not_picked":["hubris:Spice","Painkiller Herb"],"picked":"SlaversCollar"}],"items_purged_floors":[0,0,0,0,16,33,49],"is_endless":false,"potions_floor_spawned":[2,4,18,22,25,40,46,50],"killed_by":"The Heart","ascension_level":13}}