{"host":"mhzgc0zma59jtmoj","time":1610605478,"event":{"mods":["100% Spire Juice","BaseMod","BetterRewards","Custom Start","Glutton Mod","Hermit","Ironclad Rager","Koishi","Luminous","Minty Spire (QoL Compilation)","Shade Mod","Somnambulant","StSLib","The Animator","The Cursed","The Death Knight","The Elementalist","The Hierophant","The Jungle","The Necromancer","The Runesmith","Treasure Hunter"],"gold_per_floor":[292,308,319,95,95,45,78,39,39,39,39,52,52,82,82,182,182,123,123],"floor_reached":18,"language":"ENG","playtime":902,"items_purged":["Glutton:Strike"],"score":158,"play_id":"1a78dc0b-e4b8-4437-9df0-913005a5b3a0","local_time":"20210114012438","is_ascension_mode":false,"campfire_choices":[{"floor":11,"key":"RECALL"},{"data":"Glutton:Scab","floor":13,"key":"SMITH"},{"floor":15,"key":"REST"}],"circlet_count":0,"master_deck":["Glutton:Strike","Glutton:Strike","Glutton:Strike","Glutton:Strike","Glutton:Defend+1","Glutton:Defend","Glutton:Defend","Glutton:Flail","Glutton:Tantrum","Glutton:Chomp","Glutton:LashOut","Glutton:Autotomy","Glutton:Scab+1","Glutton:Devour+1","Glutton:Demolish","TH:CopperCoins","Glutton:Demolish","Glutton:Migraine","TH:EnergyPotion","Glutton:Bite","TH:EnergyPotion","Glutton:StarvationMode"],"relics":["Glutton:EternalHunger","Orrery","Omamori","Runic Pyramid"],"acts_visited":["Exordium","TheCity"],"potions_floor_usage":[7,16,18],"damage_taken":[{"damage":11,"enemies":"Cultist","floor":1,"turns":4},{"damage":9,"enemies":"Jaw Worm","floor":2,"turns":3},{"damage":10,"enemies":"2 Louse","floor":3,"turns":3},{"damage":24,"enemies":"3 Sentries","floor":7,"turns":6},{"damage":42,"enemies":"Large Slime","floor":12,"turns":6},{"damage":165,"enemies":"Slime Boss","floor":16,"turns":17}],"seed_played":"-8720213803973677555","potions_obtained":[{"floor":3,"key":"Fire Potion"},{"floor":7,"key":"SpeedPotion"},{"floor":12,"key":"Strength Potion"},{"floor":16,"key":"AttackPotion"}],"is_trial":false,"path_per_floor":["M","M","M","$","?","?","E","$","T","?","R","M","R","?","R","B",null,"M"],"character_chosen":"GLUTTON","items_purchased":["Orrery","Glutton:Migraine"],"campfire_rested":1,"item_purchase_floors":[4,8],"current_hp_per_floor":[121,112,115,115,89,89,91,91,91,132,132,116,116,116,132,30,132,98,98],"gold":123,"neow_bonus":"TEN_PERCENT_HP_BONUS","is_daily":false,"chose_seed":false,"campfire_upgraded":1,"win_rate":0.0,"timestamp":1610605478,"path_taken":["M","M","?","$","?","?","E","$","T","?","R","M","R","?","R","BOSS","M"],"items_purchased_type":["Relic","Card"],"build_version":"2020-12-22","purchased_purges":1,"victory":false,"max_hp_per_floor":[132,132,132,132,132,132,132,132,132,132,132,132,132,132,132,132,132,132,132],"card_choices":[{"not_picked":["Glutton:SelfFlagellate","Glutton:Brace"],"picked":"Glutton:Tantrum","floor":1},{"not_picked":["Glutton:Treat","Glutton:Borborygmi"],"picked":"Glutton:Chomp","floor":2},{"not_picked":["Glutton:SelfFlagellate","Glutton:Slam"],"picked":"Glutton:LashOut","floor":3},{"not_picked":["Glutton:Enfeeblement","Glutton:KneeJerk"],"picked":"Glutton:Autotomy","floor":4},{"not_picked":["Glutton:FeebleKick","Glutton:Brace"],"picked":"Glutton:Scab","floor":4},{"not_picked":["Glutton:Brace","Glutton:Feed"],"picked":"Glutton:Devour","floor":4},{"not_picked":["Glutton:Masochism","Glutton:Strain"],"picked":"Glutton:Demolish","floor":4},{"not_picked":["TH:TreasureMap"],"picked":"TH:CopperCoins","floor":7},{"not_picked":["Glutton:GuardStance","Glutton:Throb"],"picked":"Glutton:Demolish","floor":7},{"not_picked":["TH:PixieDust"],"picked":"TH:EnergyPotion","floor":9},{"not_picked":["Glutton:Feast","Glutton:Feed"],"picked":"Glutton:Bite","floor":12},{"not_picked":["TH:BikiniMail"],"picked":"TH:EnergyPotion","floor":16},{"not_picked":["Glutton:Avarice","Glutton:EatAlive"],"picked":"Glutton:StarvationMode","floor":16}],"player_experience":240161,"relics_obtained":[{"floor":7,"key":"Omamori"}],"event_choices":[{"damage_healed":0,"gold_gain":0,"player_choice":"Entered Light","damage_taken":26,"max_hp_gain":0,"max_hp_loss":0,"event_name":"Shining Light","floor":5,"gold_loss":0,"cards_upgraded":["Glutton:Devour","Glutton:Defend"]},{"cards_removed":["Glutton:Strike"],"damage_healed":0,"gold_gain":0,"player_choice":"Card Removal","damage_taken":0,"max_hp_gain":0,"max_hp_loss":0,"event_name":"The Cleric","floor":6,"gold_loss":50},{"damage_healed":44,"gold_gain":0,"player_choice":"Banana","damage_taken":0,"max_hp_gain":0,"max_hp_loss":0,"event_name":"Big Fish","floor":10,"gold_loss":0},{"damage_healed":0,"gold_gain":30,"player_choice":"Searched \u00271\u0027 times","damage_taken":0,"max_hp_gain":0,"max_hp_loss":0,"event_name":"Dead Adventurer","floor":14,"gold_loss":0}],"is_beta":false,"boss_relics":[{"not_picked":["Glutton:DoggyBag","Velvet Choker"],"picked":"Runic Pyramid"}],"items_purged_floors":[4],"is_endless":false,"potions_floor_spawned":[3,7,12,16],"killed_by":"2 Thieves","ascension_level":0}}