{"host":"x3qmax6e7jj3tga5","time":1610593305,"event":{"mods":["BaseMod","Custom Start","Minty Spire (QoL Compilation)","StSLib"],"gold_per_floor":[114,114,114,138,158,202,202,241,241,272,43,58,83,32,32,32,32],"floor_reached":16,"language":"ENG","playtime":642,"items_purged":["Strike_R"],"score":126,"play_id":"d9073242-a83e-4f71-8e9f-9e1d48ad7484","local_time":"20210113210145","is_ascension_mode":true,"campfire_choices":[{"data":"Clothesline","floor":7,"key":"SMITH"},{"floor":15,"key":"REST"}],"circlet_count":0,"master_deck":["Strike_R","Strike_R","Strike_R","Strike_R","Defend_R","Defend_R","Defend_R","Defend_R","Bash","Sword Boomerang","Reckless Charge","Clothesline+1","Hemokinesis","Thunderclap","Anger","True Grit"],"relics":["Burning Blood","Golden Idol","Mummified Hand","InkBottle","Mercury Hourglass","Nunchaku","Blood Vial","Paper Frog"],"acts_visited":["Exordium"],"potions_floor_usage":[6,10],"damage_taken":[{"damage":2,"enemies":"Small Slimes","floor":1,"turns":4},{"damage":11,"enemies":"Jaw Worm","floor":4,"turns":2},{"damage":0,"enemies":"Cultist","floor":5,"turns":2},{"damage":25,"enemies":"Lagavulin","floor":6,"turns":7},{"damage":22,"enemies":"Gremlin Nob","floor":8,"turns":4},{"damage":33,"enemies":"3 Sentries","floor":10,"turns":5},{"damage":12,"enemies":"Large Slime","floor":12,"turns":4},{"damage":6,"enemies":"Red Slaver","floor":13,"turns":3},{"damage":34,"enemies":"Hexaghost","floor":16,"turns":10}],"seed_played":"-5354125111666313151","potions_obtained":[{"floor":0,"key":"SteroidPotion"},{"floor":0,"key":"Ancient Potion"},{"floor":0,"key":"SpeedPotion"},{"floor":6,"key":"FearPotion"}],"is_trial":false,"path_per_floor":["M","?","?","M","M","E","R","E","T","E","$","M","M","?","R","B"],"character_chosen":"IRONCLAD","items_purchased":["Blood Vial"],"campfire_rested":1,"item_purchase_floors":[11],"current_hp_per_floor":[80,80,74,69,74,55,55,39,39,12,12,8,10,10,32,0,0],"gold":32,"neow_bonus":"THREE_SMALL_POTIONS","is_daily":false,"chose_seed":false,"campfire_upgraded":1,"win_rate":0.0,"timestamp":1610593305,"path_taken":["M","?","?","M","M","E","R","E","T","E","?","M","?","?","R","BOSS"],"items_purchased_type":["Relic"],"build_version":"2020-12-22","purchased_purges":1,"victory":false,"max_hp_per_floor":[80,80,74,74,74,74,74,74,74,74,74,74,74,74,74,74,74],"card_choices":[{"not_picked":["Seeing Red","Power Through"],"picked":"Sword Boomerang","floor":1},{"not_picked":["Thunderclap","Shrug It Off"],"picked":"Reckless Charge","floor":4},{"not_picked":["Havoc","Power Through"],"picked":"Clothesline","floor":5},{"not_picked":["Sword Boomerang","Barricade"],"picked":"Hemokinesis","floor":6},{"not_picked":["Clash","Wild Strike"],"picked":"Thunderclap","floor":8},{"not_picked":["Perfected Strike","Sentinel"],"picked":"Anger","floor":10},{"not_picked":["Havoc","Clash"],"picked":"True Grit","floor":12},{"not_picked":["Second Wind","Berserk","Armaments"],"picked":"SKIP","floor":13}],"player_experience":300008,"relics_obtained":[{"floor":6,"key":"Mummified Hand"},{"floor":8,"key":"InkBottle"},{"floor":9,"key":"Mercury Hourglass"},{"floor":10,"key":"Nunchaku"}],"event_choices":[{"damage_healed":0,"gold_gain":0,"player_choice":"Ignored","damage_taken":0,"max_hp_gain":0,"max_hp_loss":0,"event_name":"Liars Game","floor":2,"gold_loss":0},{"damage_healed":0,"gold_gain":0,"player_choice":"Lose Max HP","damage_taken":0,"relics_obtained":["Golden Idol"],"max_hp_gain":0,"max_hp_loss":6,"event_name":"Golden Idol","floor":3,"gold_loss":0},{"damage_healed":0,"gold_gain":0,"player_choice":"Paid Gold","damage_taken":0,"relics_obtained":["Paper Frog"],"max_hp_gain":0,"max_hp_loss":0,"event_name":"WeMeetAgain","floor":14,"gold_loss":51}],"is_beta":false,"boss_relics":[],"items_purged_floors":[11],"is_endless":false,"potions_floor_spawned":[1,5,6],"killed_by":"Hexaghost","ascension_level":1}}