{"host":"ywbsnexmk111etbw","time":1610666502,"event":{"mods":["100% Spire Juice","Act Like it!","BaseMod","Beaked The Cultist","Colored Powertips","Curses Come First","Downfall","Hubris","Infinite Spire","Marisa????????","Minty Spire (QoL Compilation)","Pale of the Ancients","Permanent Neow","Replay The Spire","Robot Space Explorer","StSLib","The Bladedancer","The Cursed","The Dragon Tamer","The Marked","The Mystic","The Necromancer","The Saiyan","Wandering Minibosses"],"gold_per_floor":[116,116,59,77,89,89,123,123,123,123,123],"floor_reached":10,"language":"ENG","playtime":246,"items_purged":[],"score":66,"play_id":"f8293add-d9db-4b03-bccb-360a9fe29784","local_time":"20210114182142","is_ascension_mode":false,"campfire_choices":[{"data":"theMarked:Parkour","floor":6,"key":"SMITH"},{"floor":8,"key":"REST"}],"circlet_count":0,"master_deck":["theMarked:Strike","theMarked:Strike","theMarked:Strike","theMarked:Strike","theMarked:Strike","theMarked:Defend","theMarked:Defend","theMarked:Defend","theMarked:Defend","theMarked:SoldierOfQuellstein","theMarked:Improvise","theMarked:Parkour+1","theMarked:LightningStrikesTwice","theMarked:Generate+1"],"relics":["theMarked:ArtifactOfAir","theMarked:VonisonLock","Toxic Egg 2","hubris:AstralHammer"],"acts_visited":["Exordium"],"potions_floor_usage":[],"damage_taken":[{"damage":5,"enemies":"Cultist","floor":1,"turns":4},{"damage":1,"enemies":"Jaw Worm","floor":4,"turns":3},{"damage":0,"enemies":"Small Slimes","floor":5,"turns":2},{"damage":28,"enemies":"Gremlin Nob","floor":7,"turns":4},{"damage":21,"enemies":"3 Sentries","floor":10,"turns":3}],"seed_played":"-8164246619482614000","potions_obtained":[{"floor":4,"key":"Swift Potion"},{"floor":5,"key":"champ:CounterPotion"}],"is_trial":false,"path_per_floor":["M","$","?","M","M","R","E","R","T","E"],"character_chosen":"THE_DEFAULT","items_purchased":[],"campfire_rested":1,"item_purchase_floors":[],"current_hp_per_floor":[72,72,72,71,71,71,43,66,66,45,45],"gold":123,"neow_bonus":"TEN_PERCENT_HP_BONUS","is_daily":false,"chose_seed":false,"campfire_upgraded":1,"win_rate":0.0,"timestamp":1610666502,"path_taken":["M","?","?","?","M","R","E","R","T","E"],"items_purchased_type":[],"build_version":"2020-12-22","purchased_purges":0,"victory":false,"max_hp_per_floor":[77,77,77,77,77,77,77,77,77,77,77],"card_choices":[{"not_picked":["theMarked:Aftermath","theMarked:TwofoldDefense"],"picked":"theMarked:Improvise","floor":1},{"not_picked":["theMarked:Aftermath","theMarked:Electrify"],"picked":"theMarked:Parkour","floor":4},{"not_picked":["theMarked:Improvise","theMarked:WastefulAttack"],"picked":"theMarked:LightningStrikesTwice","floor":5},{"not_picked":["theMarked:MaelstromOfLightning+1","theMarked:KeepCalmAndFightOn"],"picked":"theMarked:Generate+1","floor":7}],"player_experience":161388,"relics_obtained":[{"floor":7,"key":"Toxic Egg 2"},{"floor":9,"key":"hubris:AstralHammer"}],"event_choices":[{"damage_healed":0,"gold_gain":0,"player_choice":"Paid Gold","damage_taken":0,"relics_obtained":["theMarked:VonisonLock"],"max_hp_gain":0,"max_hp_loss":0,"event_name":"WeMeetAgain","floor":3,"gold_loss":57}],"is_beta":false,"boss_relics":[],"items_purged_floors":[],"is_endless":false,"potions_floor_spawned":[4,5],"killed_by":"3 Sentries","ascension_level":0}}