{"host":"sxnl403xm2xmiyj1","time":1610619540,"event":{"mods":["AchievementEnabler","BaseMod","Colored Map","Keyboard Shortcuts","Minty Spire (QoL Compilation)","Quick Restart","StSLib","SuperFastMode"],"gold_per_floor":[15,15,35,35,56,100,180,199,222,222,222,236,236,83,83,176,176,200,200,220,23,44,44,44,44],"floor_reached":24,"language":"KOR","playtime":619,"items_purged":["Decay","Strike_B"],"score":382,"play_id":"1debbf1c-e9b0-49ef-869d-f06c5b016093","local_time":"20210114191900","is_ascension_mode":true,"campfire_choices":[{"floor":10.0,"key":"REST"},{"data":"Zap","floor":13.0,"key":"SMITH"},{"data":"Hologram","floor":15.0,"key":"SMITH"},{"floor":23.0,"key":"REST"}],"circlet_count":0,"master_deck":["AscendersBane","Strike_B","Strike_B","Defend_B","Defend_B","Defend_B","Defend_B","Zap+1","Dualcast","Cold Snap","Gash","Leap","Compile Driver","Hologram+1","Streamline","Stack","FTL","Conserve Battery","All For One","Rebound","Conserve Battery","Loop","Beam Cell","Redo+1"],"relics":["Cracked Core","Golden Idol","Happy Flower","Boot","Emotion Chip","Smiling Mask","Inserter"],"acts_visited":["Exordium","TheCity"],"potions_floor_usage":[24],"damage_taken":[{"damage":2.0,"enemies":"2 Louse","floor":1.0,"turns":3.0},{"damage":2.0,"enemies":"Jaw Worm","floor":3.0,"turns":3.0},{"damage":1.0,"enemies":"Cultist","floor":5.0,"turns":3.0},{"damage":28.0,"enemies":"3 Sentries","floor":6.0,"turns":9.0},{"damage":2.0,"enemies":"Gremlin Nob","floor":7.0,"turns":3.0},{"damage":13.0,"enemies":"Large Slime","floor":8.0,"turns":4.0},{"damage":13.0,"enemies":"Blue Slaver","floor":12.0,"turns":2.0},{"damage":9.0,"enemies":"The Guardian","floor":16.0,"turns":11.0},{"damage":11.0,"enemies":"3 Byrds","floor":18.0,"turns":5.0},{"damage":21.0,"enemies":"2 Thieves","floor":20.0,"turns":4.0},{"damage":13.0,"enemies":"3 Cultists","floor":22.0,"turns":5.0},{"damage":27,"enemies":"Gremlin Leader","floor":24,"turns":4}],"seed_played":"1381631360807608238","potions_obtained":[{"floor":3.0,"key":"LiquidMemories"},{"floor":6.0,"key":"AttackPotion"},{"floor":7.0,"key":"FocusPotion"},{"floor":12.0,"key":"Block Potion"},{"floor":22.0,"key":"BlessingOfTheForge"}],"is_trial":false,"path_per_floor":["M","?","M","?","M","E","?","M","T","R","?","M","R","$","R","B",null,"M","?","M","$","M","R","E"],"character_chosen":"DEFECT","items_purchased":["FTL","Conserve Battery","Loop","Beam Cell"],"campfire_rested":2,"item_purchase_floors":[14,14,21,21],"current_hp_per_floor":[76,47,45,45,44,16,14,1,1,26,26,13,13,13,13,4,65,54,54,33,33,20,45,18,18],"gold":44,"neow_bonus":"TWENTY_PERCENT_HP_BONUS","is_daily":false,"chose_seed":false,"campfire_upgraded":2,"win_rate":0.0,"timestamp":1610619540,"path_taken":["M","?","M","?","?","E","?","M","T","R","?","?","R","$","R","BOSS","M","?","M","$","?","R","E"],"items_purchased_type":["Card","Card","Card","Card"],"build_version":"2020-12-22","purchased_purges":2,"victory":false,"max_hp_per_floor":[85,85,85,85,85,85,85,85,85,85,85,85,85,85,85,85,85,85,85,85,85,85,85,85,85],"card_choices":[{"not_picked":["Sweeping Beam","Beam Cell"],"picked":"Cold Snap","floor":1.0},{"not_picked":["Storm","Redo"],"picked":"Gash","floor":3.0},{"not_picked":["Chill","Chaos"],"picked":"Leap","floor":5.0},{"not_picked":["Redo","Leap"],"picked":"Compile Driver","floor":6.0},{"not_picked":["Redo","Chill"],"picked":"Hologram","floor":7.0},{"not_picked":["Reboot","Leap"],"picked":"Streamline","floor":8.0},{"not_picked":["Redo","Cold Snap"],"picked":"Stack","floor":12.0},{"not_picked":["Machine Learning","Multi-Cast"],"picked":"All For One","floor":16.0},{"not_picked":["Steam Power","Tempest"],"picked":"Rebound","floor":18.0},{"not_picked":["Redo","Sunder"],"picked":"Conserve Battery","floor":20.0},{"not_picked":["Conserve Battery","Leap"],"picked":"Redo+1","floor":22.0}],"player_experience":164602,"relics_obtained":[{"floor":6.0,"key":"Boot"},{"floor":7.0,"key":"Emotion Chip"},{"floor":9.0,"key":"Smiling Mask"}],"event_choices":[{"damage_healed":0.0,"max_hp_gain":0.0,"max_hp_loss":0.0,"gold_gain":0.0,"event_name":"Golden Idol","player_choice":"Take Damage","floor":2.0,"gold_loss":0.0,"damage_taken":29.0,"relics_obtained":["Golden Idol"]},{"damage_healed":0.0,"max_hp_gain":0.0,"max_hp_loss":0.0,"gold_gain":0.0,"event_name":"WeMeetAgain","player_choice":"Gave Potion","floor":4.0,"gold_loss":0.0,"damage_taken":0.0,"relics_obtained":["Happy Flower"]},{"damage_healed":0.0,"max_hp_gain":0.0,"max_hp_loss":0.0,"gold_gain":0.0,"event_name":"Dead Adventurer","player_choice":"Searched \u00272\u0027 times","floor":7.0,"gold_loss":0.0,"damage_taken":0.0},{"damage_healed":0.0,"max_hp_gain":0.0,"max_hp_loss":0.0,"gold_gain":0.0,"event_name":"Wheel of Change","player_choice":"Cursed","floor":11.0,"gold_loss":0.0,"damage_taken":0.0,"cards_obtained":["Decay"]},{"cards_removed":["Strike_B"],"damage_healed":0.0,"max_hp_gain":0.0,"max_hp_loss":0.0,"gold_gain":0.0,"event_name":"Bonfire Elementals","player_choice":"Offered Basic","floor":19.0,"gold_loss":0.0,"damage_taken":0.0}],"is_beta":false,"boss_relics":[{"not_picked":["Velvet Choker","Runic Pyramid"],"picked":"Inserter"}],"items_purged_floors":[14,21],"is_endless":false,"potions_floor_spawned":[3,6,7,12,22],"killed_by":"Gremlin Leader","ascension_level":19}}