{"host":"a1eatafr7pisesky","time":1610640651,"event":{"mods":["AchievementEnabler","BaseMod","Colored Map","Keyboard Shortcuts","Minty Spire (QoL Compilation)","Say the Spire","StSLib","SuperFastMode","everything is the same but u backflip on backflip"],"gold_per_floor":[115,126,140,90,104,104,104,104],"floor_reached":7,"language":"KOR","playtime":179,"items_purged":[],"score":60,"play_id":"cc15267f-a5a4-4897-88f8-266adc75bb01","local_time":"20210115011051","is_ascension_mode":true,"campfire_choices":[{"floor":6.0,"key":"REST"}],"circlet_count":0,"master_deck":["Strike_G","Strike_G","Strike_G","Strike_G","Defend_G","Defend_G","Defend_G","Defend_G","Defend_G","Survivor","Neutralize","Envenom","Leg Sweep","Riddle With Holes","Cloak And Dagger"],"relics":["Ring of the Snake"],"acts_visited":["Exordium"],"potions_floor_usage":[],"damage_taken":[{"damage":1.0,"enemies":"Small Slimes","floor":1.0,"turns":4.0},{"damage":2.0,"enemies":"2 Louse","floor":2.0,"turns":3.0},{"damage":5.0,"enemies":"Jaw Worm","floor":3.0,"turns":5.0},{"damage":15.0,"enemies":"2 Fungi Beasts","floor":5.0,"turns":4.0},{"damage":43,"enemies":"Lagavulin","floor":7,"turns":8}],"seed_played":"7418109864210285687","potions_obtained":[{"floor":1.0,"key":"LiquidMemories"},{"floor":2.0,"key":"Block Potion"}],"is_trial":false,"path_per_floor":["M","M","M","?","M","R","E"],"character_chosen":"THE_SILENT","items_purchased":[],"campfire_rested":1,"item_purchase_floors":[],"current_hp_per_floor":[44,42,37,37,22,43,0,0],"gold":104,"neow_bonus":"THREE_RARE_CARDS","is_daily":false,"chose_seed":false,"campfire_upgraded":0,"win_rate":0.0,"timestamp":1610640651,"path_taken":["M","M","M","?","M","R","E"],"items_purchased_type":[],"build_version":"2020-12-22","purchased_purges":0,"victory":false,"max_hp_per_floor":[70,70,70,70,70,70,70,70],"card_choices":[{"not_picked":["After Image","Tools of the Trade"],"picked":"Envenom","floor":0.0},{"not_picked":["PiercingWail","Heel Hook"],"picked":"Leg Sweep","floor":1.0},{"not_picked":["Reflex","Sucker Punch","Prepared"],"picked":"SKIP","floor":2.0},{"not_picked":["Infinite Blades","Cloak And Dagger"],"picked":"Riddle With Holes","floor":3.0},{"not_picked":["Underhanded Strike","Poisoned Stab"],"picked":"Cloak And Dagger","floor":5.0}],"player_experience":317033,"relics_obtained":[],"event_choices":[{"cards_removed":["Strike_G"],"damage_healed":0.0,"max_hp_gain":0.0,"max_hp_loss":0.0,"gold_gain":0.0,"event_name":"The Cleric","player_choice":"Card Removal","floor":4.0,"gold_loss":50.0,"damage_taken":0.0}],"is_beta":false,"boss_relics":[],"items_purged_floors":[],"is_endless":false,"potions_floor_spawned":[1,2],"killed_by":"Lagavulin","ascension_level":8}}