{"host":"2lo6hma6kymb0g9i","time":1610645975,"event":{"mods":["BaseMod","Colored Map","DeckTracker","Minty Spire (QoL Compilation)"],"gold_per_floor":[109,109,125,140,152,152,152,77,100,100,144,144,184,207,207,305,305,328,8,26,26,50,50,64,114,114,129,150,10,10,24,24,119,119,139,8,8,28,49,49,73,73,73,93,9,52,52,76,76,76],"floor_reached":51,"language":"JPN","playtime":4611,"items_purged":["Zap","Heatsinks"],"score":1265,"play_id":"433ed45c-6ce2-4aed-a377-e1d1a1cc2e77","local_time":"20210115023935","is_ascension_mode":true,"campfire_choices":[{"data":"Defragment","floor":7.0,"key":"SMITH"},{"data":"Cold Snap","floor":10.0,"key":"SMITH"},{"data":"Cold Snap","floor":12.0,"key":"SMITH"},{"data":"Barrage","floor":15.0,"key":"SMITH"},{"floor":23.0,"key":"REST"},{"data":"Apotheosis","floor":30.0,"key":"SMITH"},{"floor":32.0,"key":"REST"},{"floor":40.0,"key":"REST"},{"floor":47,"key":"REST"},{"floor":49,"key":"REST"}],"circlet_count":0,"master_deck":["AscendersBane","Dualcast","Reinforced Body","Cold Snap+1","Cold Snap+1","Defragment+1","Conserve Battery","Machine Learning","Barrage+1","Self Repair","Auto Shields","Skim","Leap","Beam Cell","White Noise+1","Hologram","Apotheosis+1","Echo Form+1","Turbo+1","Defragment+1"],"relics":["Cracked Core","Golden Idol","Potion Belt","Omamori","Anchor","Pandora\u0027s Box","Membership Card","Calipers","Frozen Egg 2","SacredBark","Runic Capacitor","InkBottle","Prayer Wheel"],"acts_visited":["Exordium","TheCity","TheBeyond"],"potions_floor_usage":[46,50,50,50,50],"damage_taken":[{"damage":0.0,"enemies":"2 Louse","floor":1.0,"turns":3.0},{"damage":1.0,"enemies":"Cultist","floor":3.0,"turns":3.0},{"damage":1.0,"enemies":"Small Slimes","floor":4.0,"turns":3.0},{"damage":0.0,"enemies":"2 Fungi Beasts","floor":5.0,"turns":3.0},{"damage":0.0,"enemies":"Gremlin Nob","floor":11.0,"turns":4.0},{"damage":1.0,"enemies":"3 Sentries","floor":13.0,"turns":8.0},{"damage":0.0,"enemies":"Blue Slaver","floor":14.0,"turns":3.0},{"damage":40.0,"enemies":"Slime Boss","floor":16.0,"turns":11.0},{"damage":30.0,"enemies":"2 Thieves","floor":18.0,"turns":4.0},{"damage":22.0,"enemies":"3 Byrds","floor":20.0,"turns":6.0},{"damage":8.0,"enemies":"Shelled Parasite and Fungi","floor":22.0,"turns":10.0},{"damage":21.0,"enemies":"Cultist and Chosen","floor":24.0,"turns":7.0},{"damage":9.0,"enemies":"Snecko","floor":27.0,"turns":7.0},{"damage":13.0,"enemies":"Sentry and Sphere","floor":28.0,"turns":5.0},{"damage":16.0,"enemies":"Snake Plant","floor":31.0,"turns":7.0},{"damage":9.0,"enemies":"Champ","floor":33.0,"turns":14.0},{"damage":32.0,"enemies":"Orb Walker","floor":35.0,"turns":6.0},{"damage":0.0,"enemies":"3 Shapes","floor":38.0,"turns":6.0},{"damage":56.0,"enemies":"Transient","floor":39.0,"turns":6.0},{"damage":37.0,"enemies":"Spire Growth","floor":41.0,"turns":7.0},{"damage":15.0,"enemies":"Writhing Mass","floor":44.0,"turns":10.0},{"damage":18,"enemies":"Reptomancer","floor":46,"turns":5},{"damage":32,"enemies":"3 Darklings","floor":48,"turns":9},{"damage":8,"enemies":"Awakened One","floor":50,"turns":11}],"seed_played":"2738420010112255451","potions_obtained":[{"floor":1.0,"key":"EssenceOfDarkness"},{"floor":5.0,"key":"SneckoOil"},{"floor":16.0,"key":"FocusPotion"},{"floor":18.0,"key":"SpeedPotion"},{"floor":20.0,"key":"PowerPotion"},{"floor":28.0,"key":"SkillPotion"},{"floor":37.0,"key":"LiquidMemories"},{"floor":37.0,"key":"DistilledChaos"},{"floor":44.0,"key":"Block Potion"},{"floor":46,"key":"PotionOfCapacity"},{"floor":48,"key":"Energy Potion"}],"is_trial":false,"path_per_floor":["M","?","M","M","M","?","R","?","T","R","E","R","E","M","R","B",null,"M","$","M","?","M","R","M","?","T","M","M","$","R","M","R","B",null,"M","$","?","M","M","R","M","?","T","M","$","E","R","M","R","B",null],"character_chosen":"DEFECT","items_purchased":["Membership Card","Calipers","Apotheosis","Runic Capacitor","Defragment+1","LiquidBronze"],"campfire_rested":5,"item_purchase_floors":[19,19,29,36,45,45],"current_hp_per_floor":[60,60,59,58,58,58,58,58,58,58,58,58,57,57,57,17,62,39,39,24,24,23,46,32,32,32,30,24,24,24,18,41,39,68,46,46,46,66,20,43,26,26,26,31,31,13,36,24,47,39],"gold":76,"neow_bonus":"TWENTY_PERCENT_HP_BONUS","is_daily":false,"chose_seed":false,"campfire_upgraded":5,"win_rate":0.0,"timestamp":1610645975,"path_taken":["M","?","M","?","M","?","R","?","T","R","E","R","E","M","R","BOSS","M","$","M","?","M","R","M","?","T","?","M","$","R","M","R","BOSS","M","$","?","M","M","R","?","?","T","M","$","E","R","M","R","BOSS"],"items_purchased_type":["Relic","Relic","Card","Relic","Card","Potion"],"build_version":"2020-12-22","purchased_purges":2,"victory":true,"max_hp_per_floor":[85,85,85,85,85,77,77,77,77,77,77,77,77,77,77,77,77,77,77,77,77,77,77,77,77,77,77,77,77,77,77,77,77,77,77,77,77,77,77,77,77,77,77,77,77,77,77,77,77,77],"card_choices":[{"not_picked":["Gash","Rebound"],"picked":"Reinforced Body","floor":1.0},{"not_picked":["Steam","Static Discharge"],"picked":"Cold Snap","floor":3.0},{"not_picked":["Hologram","Steam"],"picked":"Cold Snap","floor":4.0},{"not_picked":["Redo","Double Energy"],"picked":"Defragment","floor":5.0},{"not_picked":["Compile Driver","Static Discharge"],"picked":"Conserve Battery","floor":11.0},{"not_picked":["Streamline","Storm"],"picked":"Machine Learning","floor":13.0},{"not_picked":["Coolheaded","Force Field"],"picked":"Barrage","floor":14.0},{"not_picked":["Static Discharge","Streamline"],"picked":"Beam Cell","floor":18.0},{"not_picked":["Sweeping Beam","Steam"],"picked":"White Noise+1","floor":20.0},{"not_picked":["White Noise","Barrage+1","Self Repair+1"],"picked":"SKIP","floor":22.0},{"not_picked":["Reprogram","Streamline"],"picked":"Hologram","floor":24.0},{"not_picked":["Streamline","Sweeping Beam","Rebound"],"picked":"SKIP","floor":27.0},{"not_picked":["Stack","Conserve Battery","Rebound"],"picked":"SKIP","floor":28.0},{"not_picked":["Thunder Strike","Redo+1","Beam Cell"],"picked":"SKIP","floor":31.0},{"not_picked":["Amplify","Biased Cognition+1"],"picked":"Echo Form+1","floor":33.0},{"not_picked":["Compile Driver","Barrage"],"picked":"Turbo+1","floor":35.0},{"not_picked":["Leap","Double Energy","Chaos"],"picked":"SKIP","floor":38.0},{"not_picked":["Sweeping Beam","Compile Driver","Stack"],"picked":"SKIP","floor":39.0},{"not_picked":["White Noise","Conserve Battery","Tempest+1"],"picked":"SKIP","floor":41.0},{"not_picked":["Darkness","Force Field+1","Lockon+1"],"picked":"SKIP","floor":44.0},{"not_picked":["Steam Power","Lockon","Stack"],"picked":"SKIP","floor":46},{"not_picked":["Go for the Eyes","Stack+1","Redo+1"],"picked":"SKIP","floor":48},{"not_picked":["Force Field","Conserve Battery","Scrape"],"picked":"SKIP","floor":48}],"player_experience":1069882,"relics_obtained":[{"floor":9.0,"key":"Potion Belt"},{"floor":11.0,"key":"Omamori"},{"floor":13.0,"key":"Anchor"},{"floor":26.0,"key":"Frozen Egg 2"},{"floor":43.0,"key":"InkBottle"},{"floor":46,"key":"Prayer Wheel"}],"event_choices":[{"cards_removed":["Strike_B"],"damage_healed":0.0,"max_hp_gain":0.0,"max_hp_loss":0.0,"gold_gain":0.0,"event_name":"Bonfire Elementals","player_choice":"Offered Basic","floor":2.0,"gold_loss":0.0,"damage_taken":0.0},{"damage_healed":0.0,"max_hp_gain":0.0,"max_hp_loss":8.0,"gold_gain":0.0,"event_name":"Golden Idol","player_choice":"Lose Max HP","floor":6.0,"gold_loss":0.0,"damage_taken":0.0,"relics_obtained":["Golden Idol"]},{"cards_removed":["Strike_B"],"damage_healed":0.0,"max_hp_gain":0.0,"max_hp_loss":0.0,"gold_gain":0.0,"event_name":"The Cleric","player_choice":"Card Removal","floor":8.0,"gold_loss":75.0,"damage_taken":0.0},{"damage_healed":0.0,"max_hp_gain":0.0,"max_hp_loss":0.0,"gold_gain":0.0,"event_name":"Ghosts","player_choice":"Ignored","floor":21.0,"gold_loss":0.0,"damage_taken":0.0},{"damage_healed":0.0,"max_hp_gain":0.0,"max_hp_loss":0.0,"gold_gain":50.0,"event_name":"Golden Shrine","player_choice":"Pray","floor":25.0,"gold_loss":0.0,"damage_taken":0.0},{"damage_healed":0.0,"max_hp_gain":0.0,"max_hp_loss":0.0,"gold_gain":0.0,"event_name":"Lab","player_choice":"Got Potions","floor":37.0,"gold_loss":0.0,"damage_taken":0.0},{"cards_removed":["Sweeping Beam"],"damage_healed":0.0,"max_hp_gain":0.0,"max_hp_loss":0.0,"gold_gain":0.0,"event_name":"Purifier","player_choice":"Purged","floor":42.0,"gold_loss":0.0,"damage_taken":0.0}],"is_beta":false,"boss_relics":[{"not_picked":["SlaversCollar","Nuclear Battery"],"picked":"Pandora\u0027s Box"},{"not_picked":["Snecko Eye","Philosopher\u0027s Stone"],"picked":"SacredBark"}],"items_purged_floors":[29,36],"is_endless":false,"potions_floor_spawned":[1,5,16,18,20,28,44,46,48],"ascension_level":18}}