{"host":"xxi53rn2ndafw16n","time":1610626783,"event":{"mods":["Act Like it!","BaseMod","Colored Map","Dota2Spire","Downfall","Gensokyo","Gold Saver","Marisa£®ÏF”Í°°ƒß¿Ì…≥£©","Minty Spire (QoL Compilation)","MostiFishMod","Reimu£®≤©¿ˆ¡È√Œ£©","Remilia£®¿Ÿ√◊¿Ú—«£©","Remove Card Discount Mod","Replay The Spire","RumiaBox-¬∂√◊Ê´µƒ…Ò√ÿ∫–◊”","StSLib","The Bug Knight","Waifu the Spire","WarShipGirlsR/’ΩΩ¢…Ÿ≈ÆR mod","Yakumo Yukari mod","Youmu£®ªÍ∆«—˝√Œ£©","vexMod","°æπ¶ƒ‹Mod°øªÏ„Á÷Æª∑–ﬁ∏¥≤π∂°","°æ“≈ŒÔø®≈∆°øREMEMod","ÛÙª÷∏ƒœ"],"gold_per_floor":[1021,1032,1052,994,1011,553,587,608,608,640,340,355,315,330,127,223,223,223,223],"floor_reached":18,"language":"ZHS","playtime":1301,"items_purged":["HollowMod:NailStrikeStart","rmod:timeschanged","HollowMod:QuickDashStart","HollowMod:QuickDashStart","HollowMod:QuickDashStart","HollowMod:QuickDashStart"],"score":189,"play_id":"71751031-6d8a-4d81-929a-0b36ddfab3b7","local_time":"20210114201943","is_ascension_mode":true,"campfire_choices":[],"circlet_count":0,"master_deck":["HollowMod:NailStrikeStart+1","HollowMod:NailStrikeStart+1","HollowMod:NailStrikeStart+1","HollowMod:FocusHealStart+1","HollowMod:PogoStrike+1","HollowMod:VengefulSpirit","HollowMod:CloakDash","HollowMod:CloakDash","HollowMod:SoulShaman","HollowMod:MantisMark","HollowMod:SoulStrike","HollowMod:CloakDash","HollowMod:SoulShaman","HollowMod:MantisMark","ReplayTheSpireMod:Private Reserves","HollowMod:ChannelNail","HollowMod:SoulStrike","HollowMod:CycloneSlash","HollowMod:Weaversong"],"relics":["HollowMod:VesselMask","DaveBox","REME_ComplimentaryCards","Technique","SynthV:TestCard","SSSystem","REME_CardOfGreed","Dota2Spire:LotusOrb","Odd Mushroom","Replay:Bottled Eggs","HollowMod:StagPassRelic","Strange Spoon","PaintedHorse:ReiMu","ChiLing","Chi","Ling","REME_LowDesire","vexMod:MemoryStick","Vajra"],"acts_visited":["Exordium","TheCity"],"potions_floor_usage":[16],"damage_taken":[{"damage":1,"enemies":"Cultist","floor":1,"turns":4},{"damage":0,"enemies":"2 Louse","floor":2,"turns":2},{"damage":7,"enemies":"Jaw Worm","floor":3,"turns":3},{"damage":10,"enemies":"HollowMod:HuskWarrior","floor":5,"turns":4},{"damage":20,"enemies":"HollowMod:MossKnight","floor":7,"turns":7},{"damage":4,"enemies":"The Mushroom Lair","floor":8,"turns":3},{"damage":17,"enemies":"3 Sentries","floor":10,"turns":6},{"damage":10,"enemies":"Exordium Wildlife","floor":12,"turns":3},{"damage":0,"enemies":"Exordium Thugs","floor":14,"turns":3},{"damage":50,"enemies":"The Guardian","floor":16,"turns":6},{"damage":10,"enemies":"Shell Parasite","floor":18,"turns":2}],"seed_played":"-7631611055426311373","potions_obtained":[{"floor":2,"key":"LiquidBronze"},{"floor":5,"key":"Energy Potion"},{"floor":10,"key":"Adrenaline Potion"}],"is_trial":false,"path_per_floor":["M","M","M","$","M","R","E","?","T","E","R","M","?","M","R","B",null,"M"],"character_chosen":"THE_BUGKNIGHT","items_purchased":["HollowMod:CloakDash","SSSystem","REME_CardOfGreed","HollowMod:SoulShaman","HollowMod:MantisMark","HollowMod:MantisMark","Strange Spoon","ReplayTheSpireMod:Private Reserves","ChiLing","HollowMod:CycloneSlash"],"campfire_rested":0,"item_purchase_floors":[4,6,6,6,6,11,11,11,15,15],"current_hp_per_floor":[75,75,74,74,74,74,61,63,63,58,58,58,58,68,68,30,75,65,65],"gold":223,"neow_bonus":"HUNDRED_GOLD","is_daily":false,"chose_seed":false,"campfire_upgraded":0,"win_rate":0.0,"timestamp":1610626783,"path_taken":["M","M","M","$","?","R","E","?","T","E","R","M","?","M","R","BOSS","M"],"items_purchased_type":["Card","Relic","Relic","Card","Card","Card","Relic","Card","Relic","Card"],"build_version":"2020-12-22","purchased_purges":6,"victory":false,"max_hp_per_floor":[75,75,75,75,75,75,75,75,75,75,75,75,75,75,75,75,75,75,75],"card_choices":[{"not_picked":["HollowMod:InfectedAttack","HollowMod:NewJinnsSoul","HollowMod:LifebloodCocoon"],"picked":"SKIP","floor":1},{"not_picked":["HollowMod:MothsMistake","HollowMod:Hiveblood","HollowMod:ChannelNail","HollowMod:LifebloodCocoon"],"picked":"HollowMod:VengefulSpirit","floor":2},{"not_picked":["HollowMod:InfectedAttack","HollowMod:VengefulSpirit","HollowMod:HeavyBlow","HollowMod:MothsMistake"],"picked":"HollowMod:CloakDash","floor":3},{"not_picked":["HollowMod:VengefulVoid","HollowMod:DreamGate","HollowMod:InfectedAttack","HollowMod:InfectedCysts","HollowMod:DescendingDark"],"picked":"SKIP","floor":5},{"not_picked":["HollowMod:InfectedAttack","HollowMod:SoulMaster","HollowMod:VengefulSpirit","HollowMod:SoulEater"],"picked":"HollowMod:SoulStrike","floor":7},{"not_picked":["HollowMod:GrimmsGift","HollowMod:WraithStrike","HollowMod:Grubsong","HollowMod:CoiledNail"],"picked":"HollowMod:CloakDash","floor":8},{"not_picked":["HollowMod:GoodIntentions","HollowMod:Grubsong","HollowMod:CloakDash","HollowMod:BlackTendrils"],"picked":"HollowMod:SoulShaman","floor":10},{"not_picked":["HollowMod:SharpenedNail","HollowMod:ShadowDash","HollowMod:CloakDash","HollowMod:NewInfectedGuardian"],"picked":"HollowMod:ChannelNail","floor":12},{"not_picked":["HollowMod:HuntersJournal","HollowMod:SiblingsSouls","HollowMod:BrokenVessel","HollowMod:RecoilStrike"],"picked":"HollowMod:SoulStrike","floor":14},{"not_picked":["HollowMod:MidwifesHunger","HollowMod:ElderbugsWisdom","HollowMod:NewInfectedGuardian","HollowMod:PureVessel"],"picked":"HollowMod:Weaversong","floor":16}],"player_experience":180330,"relics_obtained":[{"floor":1,"key":"SynthV:TestCard"},{"floor":7,"key":"Dota2Spire:LotusOrb"},{"floor":8,"key":"Odd Mushroom"},{"floor":9,"key":"Replay:Bottled Eggs"},{"floor":10,"key":"HollowMod:StagPassRelic"},{"floor":17,"key":"vexMod:MemoryStick"},{"floor":17,"key":"Vajra"}],"event_choices":[{"damage_healed":0,"gold_gain":0,"player_choice":"Fought Mushrooms","damage_taken":0,"max_hp_gain":0,"max_hp_loss":0,"event_name":"Mushrooms","floor":8,"gold_loss":0},{"damage_healed":0,"gold_gain":0,"player_choice":"»˚«Æ","damage_taken":0,"relics_obtained":["PaintedHorse:ReiMu"],"max_hp_gain":0,"max_hp_loss":0,"event_name":"yidonshenshe","floor":13,"gold_loss":40}],"is_beta":false,"boss_relics":[{"not_picked":["Philosopher\u0027s Stone","Astrolabe"],"picked":"REME_LowDesire"}],"items_purged_floors":[4,4,4,4,15,15],"is_endless":false,"potions_floor_spawned":[2,5,10],"killed_by":"Shell Parasite","ascension_level":2}}