{"host":"52m1o8iwwagurbjs","time":1610635870,"event":{"mods":["AchievementEnabler","BaseMod","Bestiary","Colored Powertips","GifTheSpireLib","Minty Spire (QoL Compilation)","Quick Restart","RNG Fix","Relic Stats","StSLib"],"gold_per_floor":[111,128,148,14,14,14,43,43,43,43,60,95,162,179,179,179,179],"floor_reached":16,"language":"ENG","playtime":482,"items_purged":["Strike_G"],"score":324,"play_id":"137a37d6-68cb-42af-8a8b-37c0d70d6a69","local_time":"20210114095110","is_ascension_mode":true,"campfire_choices":[{"data":"Wraith Form v2","floor":6.0,"key":"SMITH"},{"data":"Neutralize","floor":8.0,"key":"SMITH"},{"floor":15.0,"key":"REST"}],"circlet_count":0,"master_deck":["AscendersBane","Strike_G","Strike_G","Strike_G","Strike_G","Defend_G","Defend_G","Defend_G","Defend_G","Defend_G","Survivor","Neutralize+1","Wraith Form v2+1","Dagger Throw","Slice","Deadly Poison","Deadly Poison","Die Die Die","Heel Hook","All Out Attack","After Image","Prepared","Acrobatics"],"relics":["Ring of the Snake","Centennial Puzzle","Gremlin Horn","SsserpentHead","White Beast Statue"],"acts_visited":["Exordium"],"potions_floor_usage":[],"damage_taken":[{"damage":4.0,"enemies":"Cultist","floor":1.0,"turns":6.0},{"damage":7.0,"enemies":"Jaw Worm","floor":2.0,"turns":4.0},{"damage":4.0,"enemies":"Small Slimes","floor":3.0,"turns":4.0},{"damage":2.0,"enemies":"Gremlin Nob","floor":7.0,"turns":5.0},{"damage":0.0,"enemies":"3 Louse","floor":11.0,"turns":3.0},{"damage":17.0,"enemies":"Lagavulin","floor":12.0,"turns":9.0},{"damage":12.0,"enemies":"Exordium Thugs","floor":13.0,"turns":3.0},{"damage":6.0,"enemies":"Red Slaver","floor":14.0,"turns":4.0},{"damage":0,"enemies":"Slime Boss","floor":16,"turns":1}],"seed_played":"6012753754711711864","potions_obtained":[{"floor":2.0,"key":"SpeedPotion"},{"floor":3.0,"key":"Explosive Potion"},{"floor":12.0,"key":"BlessingOfTheForge"},{"floor":13.0,"key":"SkillPotion"},{"floor":14.0,"key":"Swift Potion"}],"is_trial":false,"path_per_floor":["M","M","M","$","?","R","E","R","T","?","M","E","M","M","R","B"],"character_chosen":"THE_SILENT","items_purchased":["Deadly Poison"],"campfire_rested":1,"item_purchase_floors":[4],"current_hp_per_floor":[55,48,44,44,44,44,42,42,42,42,42,25,13,7,26,26,26],"gold":179,"neow_bonus":"ONE_RANDOM_RARE_CARD","is_daily":false,"chose_seed":false,"campfire_upgraded":2,"win_rate":0.0,"timestamp":1610635870,"path_taken":["M","?","M","$","?","R","E","R","T","?","M","E","?","M","R","BOSS"],"items_purchased_type":["Card"],"build_version":"2020-12-22","purchased_purges":1,"victory":false,"max_hp_per_floor":[66,66,66,66,66,66,66,66,66,66,66,66,66,66,66,66,66],"relic_stats":{"SsserpentHead":50,"Centennial Puzzle":[9],"Gremlin Horn":[3,3],"counters":[9,39],"obtain_stats":[{"SsserpentHead":10,"Centennial Puzzle":7,"Gremlin Horn":9,"White Beast Statue":12,"Ring of the Snake":0},{"SsserpentHead":4,"Centennial Puzzle":4,"Gremlin Horn":4,"White Beast Statue":6,"Ring of the Snake":0},{"SsserpentHead":19,"Centennial Puzzle":19,"Gremlin Horn":19,"White Beast Statue":31,"Ring of the Snake":0}],"Ring of the Snake":[18]},"card_choices":[{"not_picked":["Masterful Stab","Reflex"],"picked":"Dagger Throw","floor":1.0},{"not_picked":["Blade Dance","Underhanded Strike"],"picked":"Slice","floor":2.0},{"not_picked":["Acrobatics","Blade Dance"],"picked":"Deadly Poison","floor":3.0},{"not_picked":["Deflect","Deadly Poison"],"picked":"All Out Attack","floor":7.0},{"not_picked":["Sucker Punch","Dagger Spray"],"picked":"After Image","floor":11.0},{"not_picked":["Underhanded Strike","Flying Knee"],"picked":"Prepared","floor":12.0},{"not_picked":["Expertise","Flying Knee","Dagger Throw"],"picked":"SKIP","floor":13.0},{"not_picked":["Dagger Spray","Outmaneuver"],"picked":"Acrobatics","floor":14.0}],"player_experience":1116110,"relics_obtained":[{"floor":7.0,"key":"Centennial Puzzle"},{"floor":9.0,"key":"Gremlin Horn"},{"floor":12.0,"key":"White Beast Statue"}],"event_choices":[{"damage_healed":0.0,"max_hp_gain":0.0,"max_hp_loss":0.0,"gold_gain":0.0,"event_name":"Match and Keep!","player_choice":"2 cards matched","floor":5.0,"gold_loss":0.0,"damage_taken":0.0,"cards_obtained":["Die Die Die","Heel Hook"]},{"damage_healed":0.0,"max_hp_gain":0.0,"max_hp_loss":0.0,"gold_gain":0.0,"event_name":"FaceTrader","player_choice":"Trade","floor":10.0,"gold_loss":0.0,"damage_taken":0.0,"relics_obtained":["SsserpentHead"]}],"is_beta":false,"boss_relics":[],"items_purged_floors":[4],"is_endless":false,"potions_floor_spawned":[2,3,12,13,14],"killed_by":"Slime Boss","ascension_level":20}}