{"host":"3j2m8n0ywf988fwb","time":1610617750,"event":{"mods":["2.2 Compatiblity","Act Like it!","Aspiration","Astrologer","BaseMod","Beaked The Cultist","Better Altar","Better Match","Better Note","Better Sensory Stone","Better Skull","Better Third Choice","CCEM","Colored Map","Colored Powertips","Conspire","Dark Map","Energized Spire","Evolution","Fireblade Mod","GifTheSpireLib","Googly Eyes","Halation","Hallownest","Highlight Path","Hubris","Infinite Spire","Jedi Mod","Marisa????????","Marked Mod","Mimic Mod","Minty Spire (QoL Compilation)","Random Character Button","Relic Stats","Replay The Spire","Robot Space Explorer","Shop Mod","Somnambulant","StSLib","Stuff the Spire","The Bug Knight","The Hierophant","The Marked","The Runesmith","TheFirefly","Unceasing Turn Reminder","everything is the same but u backflip on backflip"],"gold_per_floor":[109,109,109,109,123,135,135,147,147,147,174,17,50,50,50,147,147,164,164,184,184,184],"floor_reached":21,"language":"ENG","playtime":853,"items_purged":["Regret"],"score":304,"play_id":"debfcb45-4f89-4193-8518-ccf21c175795","local_time":"20210114034910","is_ascension_mode":true,"campfire_choices":[{"data":"Feed","floor":7.0,"key":"SMITH"},{"data":"jedi:fear","floor":10.0,"key":"SMITH"},{"data":"StuffTheSpire:Brawn","floor":15,"key":"SMITH"}],"circlet_count":0,"master_deck":["Pommel Strike","Strike_R","Strike_R","Strike_R","Strike_R","Defend_R","Defend_R","Defend_R","Defend_R","Bash","Anger+1","StuffTheSpire:Brawn+1","Second Wind","Feed+1","jedi:fear+1","Pummel","conspire:Banana+1","Replay:Hum+1","Offering+1","Flex+1"],"relics":["Burning Blood","EVO:Axolotl","ReplayFunnel","Toxic Egg 2","hubris:DisguiseKit","Replay:Wax Seal","halation:EternalFortune","Black Star"],"acts_visited":["Exordium","TheCity"],"potions_floor_usage":[20,20,21],"damage_taken":[{"damage":9.0,"enemies":"conspire:RoseBush","floor":1.0,"turns":2.0},{"damage":0.0,"enemies":"Jaw Worm","floor":5.0,"turns":1.0},{"damage":3.0,"enemies":"Small Slimes","floor":6.0,"turns":3.0},{"damage":15.0,"enemies":"conspire:2 RoseBushes","floor":8.0,"turns":6.0},{"damage":3.0,"enemies":"Lagavulin","floor":11.0,"turns":4.0},{"damage":5,"enemies":"HollowMod:MossKnight","floor":13,"turns":7},{"damage":50,"enemies":"Fading Forest","floor":16,"turns":11},{"damage":45,"enemies":"Shell Parasite","floor":18,"turns":4},{"damage":62,"enemies":"3 Cultists","floor":20,"turns":5},{"damage":32,"enemies":"conspire:HollyBat","floor":21,"turns":5}],"seed_played":"-1827856654557550106","potions_obtained":[{"floor":6.0,"key":"EntropicBrew"},{"floor":11,"key":"DuplicationPotion"},{"floor":13,"key":"Energy Potion"}],"is_trial":false,"path_per_floor":["M","?","?","?","M","M","R","M","T","R","E","$","E","?","R","B",null,"M","?","M","M"],"character_chosen":"IRONCLAD","items_purchased":["conspire:Banana+1"],"campfire_rested":0,"item_purchase_floors":[12],"current_hp_per_floor":[84,84,84,77,83,86,86,81,81,81,84,84,91,94,94,62,102,65,65,15,0,0],"gold":184,"neow_bonus":"RANDOM_EVENT","is_daily":false,"chose_seed":false,"campfire_upgraded":3,"win_rate":0.0,"timestamp":1610617750,"path_taken":["M","?","?","?","M","M","R","?","T","R","E","$","E","?","R","BOSS","M","?","M","M"],"items_purchased_type":["Card"],"build_version":"2020-12-22","purchased_purges":1,"victory":false,"max_hp_per_floor":[87,87,87,87,87,87,87,91,91,91,91,91,97,100,100,102,102,104,104,110,112,112],"relic_stats":{"counters":[10,48],"Black Star":0,"obtain_stats":[{"ReplayFunnel":4,"hubris:DisguiseKit":11,"Strawberry":0,"halation:EternalFortune":14,"Black Star":17,"EVO:Axolotl":0,"Toxic Egg 2":9,"Replay:Wax Seal":13,"Burning Blood":0},{"ReplayFunnel":1,"hubris:DisguiseKit":5,"Strawberry":0,"halation:EternalFortune":6,"Black Star":7,"EVO:Axolotl":0,"Toxic Egg 2":4,"Replay:Wax Seal":6,"Burning Blood":0},{"ReplayFunnel":2,"hubris:DisguiseKit":16,"Strawberry":0,"halation:EternalFortune":23,"Black Star":34,"EVO:Axolotl":0,"Toxic Egg 2":12,"Replay:Wax Seal":23,"Burning Blood":0}],"Burning Blood":54},"card_choices":[{"not_picked":["Thunderclap","True Grit"],"picked":"Anger","floor":1.0},{"not_picked":["StuffTheSpire:CelestialWarden","StuffTheSpire:Harmony"],"picked":"StuffTheSpire:Brawn","floor":3.0},{"not_picked":["Sword Boomerang","Defy Death"],"picked":"Second Wind","floor":5.0},{"not_picked":["Thunderclap","Uppercut"],"picked":"Feed","floor":6.0},{"not_picked":["Metallicize","Anger"],"picked":"jedi:fear","floor":8.0},{"not_picked":["Pommel Strike","Hemokinesis"],"picked":"Pummel","floor":11},{"not_picked":["Power Through+1","Exhume+1","Cleave"],"picked":"Replay:Hum","floor":13},{"not_picked":["Exhume+1","conspire:HitWhereItHurts","Alpha"],"picked":"Offering+1","floor":16},{"not_picked":["Defy Death+1","Carnage+1","Thunderclap","Consecrate"],"picked":"SKIP","floor":18},{"not_picked":["Heavy Blade","Clothesline","DeceiveReality"],"picked":"Flex+1","floor":20}],"player_experience":1066489,"relics_obtained":[{"floor":9.0,"key":"Toxic Egg 2"},{"floor":11,"key":"hubris:DisguiseKit"},{"floor":13,"key":"Replay:Wax Seal"}],"event_choices":[{"damage_healed":0.0,"max_hp_gain":0.0,"max_hp_loss":0.0,"gold_gain":0.0,"event_name":"Big Fish","player_choice":"Box","floor":0.0,"gold_loss":0.0,"damage_taken":0.0,"relics_obtained":["Strawberry"],"cards_obtained":["Regret"]},{"damage_healed":0.0,"max_hp_gain":0.0,"max_hp_loss":0.0,"gold_gain":0.0,"event_name":"betterThird:BetterScrap","player_choice":"Relic ","floor":4.0,"gold_loss":0.0,"damage_taken":7.0,"cards_obtained":["Meditate"]},{"damage_healed":0,"gold_gain":0,"player_choice":"Ignored","damage_taken":0,"max_hp_gain":0,"max_hp_loss":0,"event_name":"betterNote:BetterNote","floor":19,"gold_loss":0,"cards_obtained":["Cleave"]}],"is_beta":false,"boss_relics":[{"not_picked":["halation:HeavySnake","Sozu"],"picked":"Black Star"}],"items_purged_floors":[12],"is_endless":false,"potions_floor_spawned":[6,11,13],"killed_by":"conspire:HollyBat","ascension_level":4}}