{"host":"8rwnpls8n88jrgbg","time":1610630457,"event":{"mods":["AchievementEnabler","BaseMod","Colored Map","Colored Powertips","DeckTracker","Keyboard Shortcuts","Minty Spire (QoL Compilation)","Relic Stats","StSLib","SuperFastMode"],"gold_per_floor":[109,125,7,19,30,60,90,90,90,104,104,118,118,132,132,209,209,226,236,161,161,161,161,161,161],"floor_reached":24,"language":"KOR","playtime":1280,"items_purged":[],"score":396,"play_id":"b044ab8f-a42e-46f6-80fe-1229863b2d78","local_time":"20210114222057","is_ascension_mode":true,"campfire_choices":[{"data":"Terror","floor":8,"key":"SMITH"},{"data":"Leg Sweep","floor":11,"key":"SMITH"},{"data":"Well Laid Plans","floor":13,"key":"SMITH"},{"data":"Neutralize","floor":15,"key":"SMITH"},{"data":"Wraith Form v2","floor":23,"key":"SMITH"}],"circlet_count":0,"master_deck":["AscendersBane","Strike_G","Defend_G","Defend_G","Defend_G","Defend_G","Defend_G","Survivor","Neutralize+1","Dagger Throw","Flying Knee","Terror+1","Dagger Throw","Poisoned Stab","Well Laid Plans+1","Leg Sweep+1","Dagger Spray","Blur","Cloak And Dagger","Wraith Form v2+1","Eviscerate+1","Dash+1","Cloak And Dagger+1","Noxious Fumes"],"relics":["Ring of the Snake","NeowsBlessing","MealTicket","Sundial","White Beast Statue","Astrolabe"],"acts_visited":["Exordium","TheCity"],"potions_floor_usage":[6,6,6,12,16,18,19,24,24],"damage_taken":[{"damage":0,"enemies":"Small Slimes","floor":1,"turns":1},{"damage":0,"enemies":"2 Louse","floor":2,"turns":1},{"damage":0,"enemies":"Cultist","floor":4,"turns":1},{"damage":4,"enemies":"Looter","floor":5,"turns":3},{"damage":29,"enemies":"3 Sentries","floor":6,"turns":9},{"damage":3,"enemies":"Exordium Wildlife","floor":10,"turns":5},{"damage":3,"enemies":"Gremlin Gang","floor":12,"turns":3},{"damage":1,"enemies":"2 Fungi Beasts","floor":14,"turns":3},{"damage":1,"enemies":"Hexaghost","floor":16,"turns":9},{"damage":4,"enemies":"2 Thieves","floor":18,"turns":4},{"damage":0,"enemies":"Spheric Guardian","floor":19,"turns":7},{"damage":32,"enemies":"Slavers","floor":24,"turns":8}],"seed_played":"-5657703943619978630","potions_obtained":[{"floor":2,"key":"ColorlessPotion"},{"floor":4,"key":"GamblersBrew"},{"floor":5,"key":"EntropicBrew"},{"floor":6,"key":"Weak Potion"},{"floor":10,"key":"AttackPotion"},{"floor":12,"key":"LiquidBronze"},{"floor":16,"key":"EssenceOfSteel"},{"floor":18,"key":"SteroidPotion"},{"floor":19,"key":"Block Potion"}],"is_trial":false,"path_per_floor":["M","M","$","M","M","E","?","R","T","M","R","M","R","M","R","B",null,"M","M","?","?","?","R","E"],"character_chosen":"THE_SILENT","items_purchased":["Terror","Dagger Throw"],"campfire_rested":0,"item_purchase_floors":[3,3],"current_hp_per_floor":[59,59,59,59,55,26,26,26,26,23,23,20,20,19,19,18,54,50,50,50,50,32,32,0,0],"gold":161,"neow_bonus":"THREE_ENEMY_KILL","is_daily":false,"chose_seed":false,"campfire_upgraded":5,"win_rate":0.0,"timestamp":1610630457,"path_taken":["M","M","$","M","M","E","?","R","T","M","R","M","R","M","R","BOSS","M","M","?","?","?","R","E"],"items_purchased_type":["Card","Card"],"build_version":"2020-12-22","purchased_purges":0,"victory":false,"max_hp_per_floor":[66,66,66,66,66,66,66,66,66,66,66,66,66,66,66,66,66,66,66,66,66,71,71,71,71],"relic_stats":{"counters":[12,54],"Sundial":[2],"Astrolabe":["Eviscerate","Dash","Cloak And Dagger"],"MealTicket":0,"obtain_stats":[{"NeowsBlessing":0,"Sundial":7,"Astrolabe":17,"MealTicket":6,"White Beast Statue":9,"Ring of the Snake":0},{"NeowsBlessing":0,"Sundial":5,"Astrolabe":9,"MealTicket":5,"White Beast Statue":5,"Ring of the Snake":0},{"NeowsBlessing":0,"Sundial":15,"Astrolabe":35,"MealTicket":15,"White Beast Statue":15,"Ring of the Snake":0}],"Ring of the Snake":[24]},"card_choices":[{"not_picked":["Backstab","Quick Slash"],"picked":"Dagger Throw","floor":1},{"not_picked":["Cloak And Dagger","Deadly Poison"],"picked":"Flying Knee","floor":2},{"not_picked":["Accuracy","Calculated Gamble"],"picked":"Poisoned Stab","floor":4},{"not_picked":["Dodge and Roll","Backflip"],"picked":"Well Laid Plans","floor":5},{"not_picked":["Setup","PiercingWail"],"picked":"Leg Sweep","floor":6},{"not_picked":["Poisoned Stab","Slice"],"picked":"Dagger Spray","floor":10},{"not_picked":["Quick Slash","Dagger Throw"],"picked":"Blur","floor":12},{"not_picked":["A Thousand Cuts","Blade Dance"],"picked":"Cloak And Dagger","floor":14},{"not_picked":["A Thousand Cuts","Doppelganger"],"picked":"Wraith Form v2","floor":16},{"not_picked":["Slice","Quick Slash"],"picked":"Noxious Fumes","floor":18},{"not_picked":["Slice","Dodge and Roll","Prepared"],"picked":"SKIP","floor":19}],"player_experience":1502021,"relics_obtained":[{"floor":6,"key":"MealTicket"},{"floor":9,"key":"White Beast Statue"}],"event_choices":[{"damage_healed":0,"gold_gain":30,"player_choice":"Searched \u00272\u0027 times","damage_taken":0,"relics_obtained":["Sundial"],"max_hp_gain":0,"max_hp_loss":0,"event_name":"Dead Adventurer","floor":7,"gold_loss":0},{"cards_removed":["Strike_G"],"damage_healed":0,"gold_gain":0,"player_choice":"Gave Gold","damage_taken":0,"max_hp_gain":0,"max_hp_loss":0,"event_name":"Beggar","floor":20,"gold_loss":75},{"damage_healed":0,"gold_gain":0,"player_choice":"Ignored","damage_taken":0,"max_hp_gain":0,"max_hp_loss":0,"event_name":"Ghosts","floor":21,"gold_loss":0},{"damage_healed":0,"gold_gain":0,"player_choice":"Shed Blood","damage_taken":23,"max_hp_gain":5,"max_hp_loss":0,"event_name":"Forgotten Altar","floor":22,"gold_loss":0}],"is_beta":false,"boss_relics":[{"not_picked":["Snecko Eye","Sozu"],"picked":"Astrolabe"}],"items_purged_floors":[],"is_endless":false,"potions_floor_spawned":[2,4,5,6,10,12,14,16,18,19],"killed_by":"Slavers","ascension_level":20}}