{"host":"v54ek091sdz7ha6h","time":1610657399,"event":{"mods":["BaseMod","Better Vampires","Colored Map","Colored Powertips","DeckTracker","Highlight Path","KOR Keyword Fix","Minty Spire (QoL Compilation)","Rare Cards Sparkle","StSLib","SuperFastMode","everything is the same but u backflip on backflip","slay the spire mod where everything is the same but ironclad has a cowboy hat"],"gold_per_floor":[111,125,135,145,107,138,138,154,154,174,186,201,201,201,201,277,327,341,266,284,300,317,317,335,315,341,353,353,353],"floor_reached":28,"language":"KOR","playtime":969,"items_purged":["Pain"],"score":456,"play_id":"618caa67-04ab-4926-bb19-87c27d91efe4","local_time":"20210115054959","is_ascension_mode":true,"campfire_choices":[{"data":"Crippling Poison","floor":13.0,"key":"SMITH"},{"data":"Malaise","floor":15.0,"key":"SMITH"},{"floor":23.0,"key":"REST"}],"circlet_count":0,"master_deck":["AscendersBane","Strike_G","Strike_G","Strike_G","Strike_G","Strike_G","Defend_G","Defend_G","Defend_G","Defend_G","Survivor","Neutralize","Bane","Dagger Spray+1","Crippling Poison","Cloak And Dagger","Malaise+1","Crippling Poison+1","Prepared","Venomology","Acrobatics","Escape Plan","Outmaneuver","Bouncing Flask"],"relics":["Ring of the Snake","Dream Catcher","WarpedTongs","Tiny House","Nunchaku"],"acts_visited":["Exordium","TheCity"],"potions_floor_usage":[27,27,27],"damage_taken":[{"damage":0.0,"enemies":"Small Slimes","floor":1.0,"turns":3.0},{"damage":3.0,"enemies":"2 Louse","floor":2.0,"turns":3.0},{"damage":1.0,"enemies":"Cultist","floor":3.0,"turns":3.0},{"damage":1.0,"enemies":"Looter","floor":4.0,"turns":3.0},{"damage":17.0,"enemies":"3 Sentries","floor":6.0,"turns":7.0},{"damage":11.0,"enemies":"Red Slaver","floor":8.0,"turns":4.0},{"damage":2.0,"enemies":"2 Fungi Beasts","floor":10.0,"turns":3.0},{"damage":0.0,"enemies":"3 Louse","floor":11.0,"turns":2.0},{"damage":3.0,"enemies":"Blue Slaver","floor":12.0,"turns":4.0},{"damage":43.0,"enemies":"Hexaghost","floor":16.0,"turns":12.0},{"damage":13.0,"enemies":"2 Thieves","floor":18.0,"turns":4.0},{"damage":13.0,"enemies":"Spheric Guardian","floor":20.0,"turns":6.0},{"damage":12.0,"enemies":"Snake Plant","floor":21.0,"turns":8.0},{"damage":9.0,"enemies":"Shelled Parasite and Fungi","floor":22.0,"turns":5.0},{"damage":25.0,"enemies":"Snecko","floor":24.0,"turns":7.0},{"damage":19,"enemies":"3 Cultists","floor":27,"turns":5},{"damage":8,"enemies":"Colosseum Slavers","floor":28,"turns":1}],"seed_played":"1071590732389033164","potions_obtained":[{"floor":2.0,"key":"Poison Potion"},{"floor":4.0,"key":"Energy Potion"},{"floor":11.0,"key":"Explosive Potion"},{"floor":12.0,"key":"SkillPotion"},{"floor":17.0,"key":"Strength Potion"},{"floor":22.0,"key":"AttackPotion"},{"floor":25.0,"key":"Strength Potion"}],"is_trial":false,"path_per_floor":["M","M","M","M","?","E","?","M","T","M","M","M","R","?","R","B",null,"M","$","M","M","M","R","M","?","T","M","?"],"character_chosen":"THE_SILENT","items_purchased":[],"campfire_rested":1,"item_purchase_floors":[],"current_hp_per_floor":[59,56,55,54,54,37,37,26,26,24,24,21,21,76,76,33,70,57,57,44,32,23,47,22,22,22,3,0,0],"gold":353,"neow_bonus":"TRANSFORM_CARD","is_daily":false,"chose_seed":false,"campfire_upgraded":2,"win_rate":0.0,"timestamp":1610657399,"path_taken":["M","M","M","M","?","E","?","M","T","M","?","M","R","?","R","BOSS","M","$","M","M","M","R","M","?","T","?","?"],"items_purchased_type":[],"build_version":"2020-12-22","purchased_purges":1,"victory":false,"max_hp_per_floor":[66,66,66,66,66,66,66,66,66,66,66,66,66,76,76,76,81,81,81,81,81,81,81,81,81,81,81,81,81],"card_choices":[{"not_picked":["Deadly Poison","Underhanded Strike"],"picked":"Bane","floor":1.0},{"not_picked":["Dagger Throw","Bane"],"picked":"Dagger Spray","floor":2.0},{"not_picked":["PiercingWail","Prepared","Underhanded Strike"],"picked":"SKIP","floor":3.0},{"not_picked":["Backstab","Predator"],"picked":"Crippling Poison","floor":4.0},{"not_picked":["Deadly Poison","Flying Knee"],"picked":"Cloak And Dagger","floor":6.0},{"not_picked":["Quick Slash","Poisoned Stab"],"picked":"Malaise","floor":8.0},{"not_picked":["Dodge and Roll","Dagger Throw"],"picked":"Crippling Poison","floor":10.0},{"not_picked":["Deadly Poison","Dagger Throw"],"picked":"Prepared","floor":11.0},{"not_picked":["Underhanded Strike","Flying Knee","Quick Slash"],"picked":"SKIP","floor":12.0},{"not_picked":["Phantasmal Killer","Wraith Form v2"],"picked":"Venomology","floor":16.0},{"not_picked":["Prepared","Dagger Throw"],"picked":"Acrobatics","floor":17.0},{"not_picked":["Caltrops","Deadly Poison","Sucker Punch"],"picked":"SKIP","floor":18.0},{"not_picked":["Dagger Throw","Choke","Backflip"],"picked":"SKIP","floor":20.0},{"not_picked":["All Out Attack","Dagger Spray"],"picked":"Escape Plan","floor":21.0},{"not_picked":["Leg Sweep","Accuracy"],"picked":"Outmaneuver","floor":22.0},{"not_picked":["Dagger Spray","Prepared"],"picked":"Bouncing Flask","floor":23.0},{"not_picked":["A Thousand Cuts","Predator","Dodge and Roll"],"picked":"SKIP","floor":24.0},{"not_picked":["Cloak And Dagger","Flying Knee","Deadly Poison"],"picked":"SKIP","floor":27}],"player_experience":1422719,"relics_obtained":[{"floor":6.0,"key":"Dream Catcher"},{"floor":26.0,"key":"Nunchaku"}],"event_choices":[{"damage_healed":0.0,"max_hp_gain":0.0,"max_hp_loss":0.0,"gold_gain":0.0,"event_name":"World of Goop","player_choice":"Left Gold","floor":5.0,"gold_loss":38.0,"damage_taken":0.0},{"damage_healed":0.0,"max_hp_gain":0.0,"max_hp_loss":0.0,"gold_gain":0.0,"event_name":"Accursed Blacksmith","player_choice":"Rummage","floor":7.0,"gold_loss":0.0,"damage_taken":0.0,"relics_obtained":["WarpedTongs"],"cards_obtained":["Pain"]},{"cards_removed":["Die Die Die"],"damage_healed":45.0,"max_hp_gain":10.0,"max_hp_loss":0.0,"gold_gain":0.0,"event_name":"Bonfire Elementals","player_choice":"Offered Rare","floor":14.0,"gold_loss":0.0,"damage_taken":0.0},{"damage_healed":0.0,"max_hp_gain":0.0,"max_hp_loss":0.0,"gold_gain":0.0,"event_name":"The Woman in Blue","player_choice":"Bought 1 Potion","floor":25.0,"gold_loss":0.0,"damage_taken":0.0},{"damage_healed":0,"gold_gain":0,"player_choice":"Fight","damage_taken":0,"max_hp_gain":0,"max_hp_loss":0,"event_name":"Colosseum","floor":28,"gold_loss":0}],"is_beta":false,"boss_relics":[{"not_picked":["Runic Pyramid","Snecko Eye"],"picked":"Tiny House"}],"items_purged_floors":[19],"is_endless":false,"potions_floor_spawned":[2,4,11,12,22],"killed_by":"Colosseum Slavers","ascension_level":20}}