{"host":"okzzojfld2krd5j7","time":1610619647,"event":{"mods":["BaseMod","Better Third Choice","Googly Eyes","Minty Spire (QoL Compilation)","Rare Cards Sparkle","Relic Stats","Replay The Spire","Spicy Shops","StSLib","TheLocksmith","Wandering Minibosses","vexMod"],"gold_per_floor":[112,60,60,80,80,120,138,138,138,156,156,156,55,30,30,156,156,169,119,36,52,52,52,52,52,125,150,193,118,133,52,52,182,182,201,226,239,53,53,53,53,53],"floor_reached":40,"language":"ENG","playtime":1660,"items_purged":[],"score":577,"play_id":"7db64f42-e7a2-4ca9-8725-87fa3a0a371e","local_time":"20210114112047","is_ascension_mode":false,"campfire_choices":[{"data":"locksmith:SlowSapping","floor":8.0,"key":"SMITH"},{"data":"locksmith:CursedKey","floor":11.0,"key":"SMITH"},{"floor":15.0,"key":"RECALL"},{"floor":23,"key":"REST"},{"data":"locksmith:CursedKey","floor":32,"key":"SMITH"}],"circlet_count":0,"master_deck":["locksmith:Strike","locksmith:Strike","locksmith:Strike","locksmith:Strike","locksmith:Defend","locksmith:Defend","locksmith:Defend","locksmith:Defend","locksmith:KeyMove","locksmith:LockCrash","locksmith:Keysmack","locksmith:Keysmack","locksmith:GoAway","locksmith:SlowSapping+1","locksmith:CursedKey+1","locksmith:LockBlock","locksmith:CursedKey+1","locksmith:DeathGaze","locksmith:SlamCrush","AbeCurse","locksmith:DarkMagic","locksmith:DarkBurst+1","locksmith:DarkDoom","CurseOfTheBell","locksmith:SmackSmackBurn+1","locksmith:Curse","Sadistic Nature"],"relics":["locksmith:FreeKey","NeowsBlessing","Golden Idol","Toy Ornithopter","ReplayTheSpireMod:Ring of Addiction","Potion Belt","SacredBark","Abe\u0027s Treasure","Calipers","vexMod:ScavengeHelm","Eternal Feather","vexMod:PlasmaPancake","Replay:Ancient Bell","Orichalcum","Shuriken","StoneCalendar"],"acts_visited":["Exordium","TheCity","TheBeyond"],"potions_floor_usage":[21,27,28,33],"damage_taken":[{"damage":0.0,"enemies":"Small Slimes","floor":1.0,"turns":1.0},{"damage":0.0,"enemies":"2 Louse","floor":4.0,"turns":1.0},{"damage":0.0,"enemies":"Replay:BlueRogue","floor":6.0,"turns":1.0},{"damage":1.0,"enemies":"Cultist","floor":7.0,"turns":5.0},{"damage":17.0,"enemies":"Blue Slaver","floor":10.0,"turns":4.0},{"damage":39.0,"enemies":"The Guardian","floor":16.0,"turns":11.0},{"damage":0.0,"enemies":"Shell Parasite","floor":18.0,"turns":1.0},{"damage":54,"enemies":"Spheric Guardian","floor":21,"turns":7},{"damage":16,"enemies":"Centurion and Healer","floor":27,"turns":6},{"damage":36,"enemies":"Slavers","floor":28,"turns":7},{"damage":0,"enemies":"Chosen and Byrds","floor":30,"turns":5},{"damage":34,"enemies":"Pondfish","floor":33,"turns":11},{"damage":39,"enemies":"Orb Walker","floor":35,"turns":5},{"damage":21,"enemies":"3 Darklings","floor":36,"turns":7},{"damage":18,"enemies":"Maw","floor":37,"turns":7},{"damage":10,"enemies":"Reptomancer","floor":40,"turns":2}],"seed_played":"4871951258480821238","potions_obtained":[{"floor":4.0,"key":"Explosive Potion"},{"floor":6.0,"key":"Energy Potion"},{"floor":7.0,"key":"SkillPotion"},{"floor":12.0,"key":"LiquidBronze"},{"floor":12.0,"key":"Energy Potion"},{"floor":18.0,"key":"SpeedPotion"},{"floor":27,"key":"EssenceOfSteel"},{"floor":30,"key":"Explosive Potion"},{"floor":35,"key":"Weak Potion"}],"is_trial":false,"path_per_floor":["M","$","?","M","?","E","M","R","T","M","R","?","$","?","R","B",null,"M","?","$","M","$","R","$","?","T","M","E","?","M","$","R","B",null,"M","M","M","$","?","E"],"character_chosen":"THE_LOCKSMITH","items_purchased":["locksmith:Keysmack","locksmith:CursedKey","locksmith:DeathGaze","Calipers","vexMod:PlasmaPancake","Sadistic Nature"],"campfire_rested":1,"item_purchase_floors":[2,13,13,20,31,38],"current_hp_per_floor":[79,79,84,84,63,63,62,62,62,45,45,45,45,45,45,11,82,82,82,82,33,33,57,57,57,57,46,15,15,15,21,33,4,84,45,24,6,6,6,0,0,0],"gold":53,"neow_bonus":"THREE_ENEMY_KILL","is_daily":false,"chose_seed":false,"campfire_upgraded":3,"win_rate":0.0,"timestamp":1610619647,"path_taken":["M","$","?","M","?","E","M","R","T","M","R","?","$","?","R","BOSS","M","?","$","M","$","R","?","?","T","M","E","?","M","?","R","BOSS","M","M","M","$","?","E"],"items_purchased_type":["Card","Card","Card","Relic","Relic","Card"],"build_version":"2020-12-22","purchased_purges":0,"victory":false,"max_hp_per_floor":[79,79,84,84,84,84,84,84,84,84,84,84,84,84,84,82,82,82,82,82,82,82,82,82,80,80,80,80,80,80,86,84,84,84,84,84,82,82,82,80,80,80],"relic_stats":{"counters":[16,81],"Golden Idol":102,"Shuriken":[8],"Eternal Feather":12,"StoneCalendar":[18],"Orichalcum":[60],"obtain_stats":[{"Potion Belt":12,"vexMod:PlasmaPancake":31,"Calipers":20,"NeowsBlessing":0,"Golden Idol":5,"vexMod:ScavengeHelm":26,"ReplayTheSpireMod:Ring of Addiction":12,"SacredBark":12,"locksmith:FreeKey":0,"Eternal Feather":28,"StoneCalendar":34,"Replay:Ancient Bell":34,"Orichalcum":34,"Shuriken":34,"Toy Ornithopter":6,"Abe\u0027s Treasure":17},{"Potion Belt":5,"vexMod:PlasmaPancake":11,"Calipers":7,"NeowsBlessing":0,"Golden Idol":2,"vexMod:ScavengeHelm":8,"ReplayTheSpireMod:Ring of Addiction":5,"SacredBark":5,"locksmith:FreeKey":0,"Eternal Feather":10,"StoneCalendar":12,"Replay:Ancient Bell":12,"Orichalcum":12,"Shuriken":12,"Toy Ornithopter":3,"Abe\u0027s Treasure":6},{"Potion Belt":12,"vexMod:PlasmaPancake":49,"Calipers":24,"NeowsBlessing":0,"Golden Idol":2,"vexMod:ScavengeHelm":31,"ReplayTheSpireMod:Ring of Addiction":12,"SacredBark":12,"locksmith:FreeKey":0,"Eternal Feather":44,"StoneCalendar":60,"Replay:Ancient Bell":60,"Orichalcum":60,"Shuriken":60,"Toy Ornithopter":3,"Abe\u0027s Treasure":23}],"Toy Ornithopter":25},"card_choices":[{"not_picked":["locksmith:HiddenPower","locksmith:SmackSmackBurn"],"picked":"locksmith:Keysmack","floor":1.0},{"not_picked":["locksmith:StrengthDummy","locksmith:FriendlyGift","locksmith:GoAway"],"picked":"SKIP","floor":4.0},{"not_picked":["locksmith:StrengthDummy","locksmith:FriendlyGift"],"picked":"locksmith:GoAway","floor":4.0},{"not_picked":["locksmith:TrashToTreasure","locksmith:Keysmack"],"picked":"locksmith:SlowSapping","floor":6.0},{"not_picked":["locksmith:StrengthDummy","locksmith:Absorb"],"picked":"locksmith:CursedKey","floor":7.0},{"not_picked":["locksmith:BuriedCurse","locksmith:HiddenPower"],"picked":"locksmith:LockBlock","floor":10.0},{"not_picked":["locksmith:ItWasAJoke","locksmith:InfiniteKeys"],"picked":"locksmith:SlamCrush","floor":16.0},{"not_picked":["locksmith:Grab+1","locksmith:HiddenPower+1","locksmith:CripplingDummy"],"picked":"SKIP","floor":18.0},{"not_picked":["locksmith:ExplodingDummy+1","locksmith:JingleLoan","locksmith:BuriedCurse+1"],"picked":"SKIP","floor":21},{"not_picked":["locksmith:ExplodingDummy+1","locksmith:Anime"],"picked":"locksmith:Exploit+1","floor":27},{"not_picked":["locksmith:TrueEvil","locksmith:DarkMagic"],"picked":"locksmith:DarkBurst+1","floor":28},{"not_picked":["locksmith:ZaHando","locksmith:FeelNoFeign+1","locksmith:KeychainRain"],"picked":"SKIP","floor":30},{"not_picked":["locksmith:Harvest","locksmith:SkeletonKey"],"picked":"locksmith:DarkDoom","floor":33},{"not_picked":["Regret","CommonCold"],"picked":"ReplayTheSpireMod:Doomed","floor":34},{"not_picked":["Pain","Shame"],"picked":"CurseOfTheBell","floor":34},{"not_picked":["Voices","Amnesia"],"picked":"ReplayTheSpireMod:Restless Dread","floor":34},{"not_picked":["locksmith:PowerSap+1","locksmith:ShrapnelLock+1","locksmith:SliceSlash+1"],"picked":"SKIP","floor":35},{"not_picked":["locksmith:LockedGuard","locksmith:ExplodingDummy+1"],"picked":"locksmith:SmackSmackBurn+1","floor":36},{"not_picked":["locksmith:SliceSlash+1","locksmith:TheLock"],"picked":"locksmith:Curse","floor":37}],"player_experience":636174,"relics_obtained":[{"floor":6.0,"key":"Toy Ornithopter"},{"floor":12.0,"key":"ReplayTheSpireMod:Ring of Addiction"},{"floor":12.0,"key":"Potion Belt"},{"floor":12.0,"key":"SacredBark"},{"floor":26,"key":"vexMod:ScavengeHelm"},{"floor":28,"key":"Eternal Feather"}],"event_choices":[{"damage_healed":0.0,"max_hp_gain":5.0,"max_hp_loss":0.0,"gold_gain":0.0,"event_name":"Big Fish","player_choice":"Donut","floor":3.0,"gold_loss":0.0,"damage_taken":0.0},{"damage_healed":0.0,"max_hp_gain":0.0,"max_hp_loss":0.0,"gold_gain":0.0,"event_name":"Golden Idol","player_choice":"Take Damage","floor":5.0,"gold_loss":0.0,"damage_taken":21.0,"relics_obtained":["Golden Idol"]},{"damage_healed":0.0,"max_hp_gain":0.0,"max_hp_loss":0.0,"gold_gain":0.0,"event_name":"The Joust","player_choice":"Bet on Murderer","floor":19.0,"gold_loss":50.0,"damage_taken":0.0},{"damage_healed":0,"gold_gain":0,"player_choice":"Read","damage_taken":0,"max_hp_gain":0,"max_hp_loss":0,"event_name":"The Library","floor":25,"gold_loss":0,"cards_obtained":["locksmith:DarkMagic"]},{"cards_removed":["locksmith:Exploit"],"damage_healed":0,"gold_gain":0,"player_choice":"Gave Gold","damage_taken":0,"max_hp_gain":0,"max_hp_loss":0,"event_name":"Beggar","floor":29,"gold_loss":75},{"cards_removed":["ReplayTheSpireMod:Restless Dread","ReplayTheSpireMod:Doomed","AbeCurse"],"damage_healed":0,"gold_gain":0,"player_choice":"Removed Curses","damage_taken":0,"max_hp_gain":0,"max_hp_loss":0,"event_name":"Fountain of Cleansing","floor":39,"gold_loss":0}],"is_beta":false,"boss_relics":[{"not_picked":["Replay:Drink Me","vexMod:CursedCompass"],"picked":"Abe\u0027s Treasure"},{"not_picked":["locksmith:VeryFreaky","Fusion Hammer"],"picked":"Replay:Ancient Bell"},{"not_picked":["ReplayTheSpireMod:Lightbulb","War Paint"],"picked":"Orichalcum"},{"not_picked":["locksmith:MeanKey","Blue Candle"],"picked":"Shuriken"},{"not_picked":["CaptainsWheel","Girya"],"picked":"StoneCalendar"}],"items_purged_floors":[],"is_endless":false,"potions_floor_spawned":[4,6,7,18,27,30,35],"killed_by":"Reptomancer","ascension_level":0}}