{"host":"dgnoacxn7qfq204f","time":1610654834,"event":{"mods":["Aspiration","BaseMod","Colored Map","Colored Powertips","Conspire","Hermit","Infinite Spire","Minty Spire (QoL Compilation)","Replay The Spire","StSLib"],"gold_per_floor":[116,116,143,157,157,185,185,227,227,227,237,237,256,226,226,226,226],"floor_reached":16,"language":"ENG","playtime":1400,"items_purged":[],"score":98,"play_id":"d5d63109-7a40-4db9-b163-3579d069def6","local_time":"20210114150714","is_ascension_mode":false,"campfire_choices":[{"floor":7,"key":"RECALL"},{"floor":10,"key":"REST"},{"floor":12,"key":"REST"},{"data":"Strike_R","floor":15,"key":"SMITH"}],"circlet_count":0,"master_deck":["Strike_R","Strike_R","Strike_R+1","Strike_R","Strike_R","Defend_R","Defend_R","Defend_R","Defend_R","Warcry"],"relics":["Burning Blood","aspiration:Nostalgia","Replay:M_SmolderingBlood","Blood Vial","Replay:Rubber Ducky","infinitespire:CursedDice"],"acts_visited":["Exordium"],"potions_floor_usage":[6,8],"damage_taken":[{"damage":1,"enemies":"Cultist","floor":1,"turns":4},{"damage":8,"enemies":"Jaw Worm","floor":4,"turns":4},{"damage":10,"enemies":"Replay:BlueRogue","floor":6,"turns":9},{"damage":78,"enemies":"conspire:MimicChest","floor":8,"turns":12},{"damage":0,"enemies":"conspire:RoseBush","floor":11,"turns":4},{"damage":3,"enemies":"3 Louse","floor":13,"turns":6},{"damage":0,"enemies":"Looter","floor":14,"turns":4},{"damage":102,"enemies":"The Guardian","floor":16,"turns":17}],"seed_played":"-3807518646603517038","potions_obtained":[{"floor":1,"key":"SpeedPotion"},{"floor":4,"key":"AttackPotion"}],"is_trial":false,"path_per_floor":["M","?","T","M","?","E","R","?","T","R","M","R","M","M","R","B"],"character_chosen":"IRONCLAD","items_purchased":[],"campfire_rested":2,"item_purchase_floors":[],"current_hp_per_floor":[80,80,80,78,83,79,79,9,9,34,42,67,72,80,80,0,0],"gold":226,"neow_bonus":"NOSTALGIA","is_daily":false,"chose_seed":false,"campfire_upgraded":1,"win_rate":0.0,"timestamp":1610654834,"path_taken":["M","?","?","?","?","E","R","?","T","R","M","R","M","M","R","BOSS"],"items_purchased_type":[],"build_version":"2020-12-22","purchased_purges":0,"victory":false,"max_hp_per_floor":[80,80,80,80,85,85,85,85,85,85,85,85,85,85,85,85,85],"card_choices":[{"not_picked":["Cleave","Fire Breathing","FlyingSleeves"],"picked":"SKIP","floor":1},{"not_picked":["Shockwave","conspire:ExplosiveBarrier"],"picked":"Warcry","floor":4},{"not_picked":["Infernal Blade","ForeignInfluence","Rupture"],"picked":"SKIP","floor":6},{"not_picked":["Heavy Blade","Headbutt","Abandon"],"picked":"SKIP","floor":11},{"not_picked":["ReplayTheSpireMod:Strike From Hell","ReplayTheSpireMod:Corrosion Curse","Hemokinesis"],"picked":"SKIP","floor":13},{"not_picked":["ReplayTheSpireMod:Strike From Hell","ReplayTheSpireMod:Corrosion Curse","Hemokinesis"],"picked":"SKIP","floor":13},{"not_picked":["ReplayTheSpireMod:Muscle Training","Feel No Pain","Limit Break"],"picked":"SKIP","floor":14}],"player_experience":346545,"relics_obtained":[{"floor":6,"key":"Blood Vial"},{"floor":8,"key":"Replay:Rubber Ducky"},{"floor":9,"key":"infinitespire:CursedDice"}],"event_choices":[{"cards_removed":["Bash"],"damage_healed":0,"gold_gain":0,"player_choice":"Forget","damage_taken":0,"max_hp_gain":0,"max_hp_loss":0,"event_name":"Living Wall","floor":2,"gold_loss":0},{"damage_healed":0,"gold_gain":0,"player_choice":"Donut","damage_taken":0,"max_hp_gain":5,"max_hp_loss":0,"event_name":"Big Fish","floor":5,"gold_loss":0}],"is_beta":false,"boss_relics":[],"items_purged_floors":[],"is_endless":false,"potions_floor_spawned":[1,4],"killed_by":"The Guardian","ascension_level":0}}