{"host":"0cm5wy4nhuju7tij","time":1610585012,"event":{"mods":["100% Spire Juice","2.2 Compatiblity","AchievementEnabler","Aspiration","BaseMod","Better Third Choice","BetterRewards","CCEM","CapriCore","Chen","Colored Powertips","Curses Come First","Custom Start","Displayed Cursed Tome","Downfall","Energized Spire","Evolution","Filter the Spire","Fireblade Mod","Highlight Path","Jess\u0027s Bottle","Minty Spire (QoL Compilation)","Onozuka Komachi Mod","Permanent Neow","Relic Stats","Shop Mod","Spicy Shops","StSLib","The Caster","The Cursed","The Fake Hero","The Juggle","The Sage","TheFirefly","thorton"],"gold_per_floor":[119,133,103,115,131,131,131],"floor_reached":6,"language":"ENG","playtime":725,"items_purged":[],"score":38,"play_id":"531b5cbd-3692-4dcb-a4a9-c0f0ae13651a","local_time":"20210113194332","is_ascension_mode":false,"campfire_choices":[],"circlet_count":0,"master_deck":["Komachi:Strike","Komachi:Strike","Komachi:Strike","Komachi:Strike","Komachi:Defend","Komachi:Defend","Komachi:Defend","Komachi:Defend","Komachi:Bound","Komachi:ReaperScythe","Komachi:Remorse","Komachi:SpiritualEnergy","Komachi:SpiritBlade","Komachi:HumanSpirit"],"relics":["Komachi:Relic:FerryingBoat","EVO:Axolotl","aspiration:Nostalgia","jugglermod: WetwareUpgrade"],"acts_visited":["Exordium"],"potions_floor_usage":[],"damage_taken":[{"damage":20,"enemies":"Cultist","floor":1,"turns":6},{"damage":5,"enemies":"Jaw Worm","floor":2,"turns":5},{"damage":6,"enemies":"2 Louse","floor":4,"turns":3},{"damage":14,"enemies":"Looter","floor":5,"turns":5},{"damage":38,"enemies":"3 Sentries","floor":6,"turns":8}],"seed_played":"-8421941676549609203","potions_obtained":[{"floor":1,"key":"Regen Potion"},{"floor":3,"key":"Guardian:BlockOnCardUsePotion"},{"floor":3,"key":"ColorlessPotion"},{"floor":4,"key":"PowerPotion"}],"is_trial":false,"path_per_floor":["M","M","?","M","M","E"],"character_chosen":"KOMACHI_CLASS","items_purchased":[],"campfire_rested":0,"item_purchase_floors":[],"current_hp_per_floor":[55,50,50,44,30,0,0],"gold":131,"neow_bonus":"NOSTALGIA","is_daily":false,"chose_seed":false,"campfire_upgraded":0,"win_rate":0.0,"timestamp":1610585012,"path_taken":["M","M","?","?","M","E"],"items_purchased_type":[],"build_version":"2020-12-22","purchased_purges":0,"victory":false,"max_hp_per_floor":[75,75,75,75,75,75,75],"relic_stats":{"counters":[5,27],"obtain_stats":[{"aspiration:Nostalgia":0,"Komachi:Relic:FerryingBoat":0,"EVO:Axolotl":0,"jugglermod: WetwareUpgrade":0},{"aspiration:Nostalgia":0,"Komachi:Relic:FerryingBoat":0,"EVO:Axolotl":0,"jugglermod: WetwareUpgrade":0},{"aspiration:Nostalgia":0,"Komachi:Relic:FerryingBoat":0,"EVO:Axolotl":0,"jugglermod: WetwareUpgrade":0}]},"card_choices":[{"not_picked":["Komachi:BoatSanzu","Komachi:GhostlyChain"],"picked":"Komachi:Remorse","floor":1},{"not_picked":["Komachi:HumanSpirit","Komachi:TrueMeditation"],"picked":"Komachi:SpiritualEnergy","floor":2},{"not_picked":["Komachi:YesterdayMoney","Komachi:TasteDeath"],"picked":"Komachi:SpiritBlade","floor":4},{"not_picked":["Komachi:TrueMeditation","Komachi:BoatSanzu"],"picked":"Komachi:HumanSpirit","floor":5}],"player_experience":236024,"relics_obtained":[],"event_choices":[{"damage_healed":0,"gold_gain":0,"player_choice":"Bought 2 Potions","damage_taken":0,"max_hp_gain":0,"max_hp_loss":0,"event_name":"The Woman in Blue","floor":3,"gold_loss":0}],"is_beta":false,"boss_relics":[],"items_purged_floors":[],"is_endless":false,"potions_floor_spawned":[1,4],"killed_by":"3 Sentries","ascension_level":0}}