{"host":"ji1fk25fd1ga4ji1","time":1610619760,"event":{"mods":["2.2 Compatiblity","BaseMod","Colored Map","DeckTracker","Minty Spire (QoL Compilation)","Permanent Neow","Quick Restart","StSLib","SuperFastMode"],"gold_per_floor":[13,27,46,46,46,46,71,85,85,85,85,35,69,84,84,208,208,222,236,186,186,200,200,150,150,174,195,195,236,236,272,272,400,400,421,484,500,514,538,538,574,574,619,655,655,655,378,378,378,378,378],"floor_reached":50,"language":"KOR","playtime":832,"items_purged":["Strike_R","Defend_R","Strike_R","Strike_R"],"score":589,"play_id":"d7e34bb9-1c0e-46ff-8b29-532bae219bed","local_time":"20210114192240","is_ascension_mode":true,"campfire_choices":[{"data":"Searing Blow","floor":6.0,"key":"SMITH"},{"data":"Armaments","floor":10.0,"key":"SMITH"},{"data":"Searing Blow+1","floor":15.0,"key":"SMITH"},{"data":"Searing Blow+2","floor":23.0,"key":"SMITH"},{"data":"Searing Blow+3","floor":25.0,"key":"SMITH"},{"data":"Searing Blow+4","floor":28.0,"key":"SMITH"},{"data":"Searing Blow+6","floor":32.0,"key":"SMITH"},{"data":"Searing Blow+7","floor":40.0,"key":"SMITH"},{"data":"Searing Blow+8","floor":42.0,"key":"SMITH"},{"data":"Searing Blow+9","floor":45.0,"key":"SMITH"},{"data":"Searing Blow+10","floor":49.0,"key":"SMITH"}],"circlet_count":0,"master_deck":["Defend_R","Defend_R","Bash","Fiend Fire","Searing Blow+11","Shrug It Off","Offering","Armaments+1","Berserk"],"relics":["Black Blood","Smiling Mask","Anchor","Golden Idol","Odd Mushroom","Regal Pillow","Ornamental Fan","Oddly Smooth Stone","Busted Crown","Magic Flower","Darkstone Periapt","Blood Vial","Toy Ornithopter","Happy Flower"],"acts_visited":["Exordium","TheCity","TheBeyond"],"potions_floor_usage":[],"damage_taken":[{"damage":6.0,"enemies":"Cultist","floor":1.0,"turns":3.0},{"damage":0.0,"enemies":"2 Louse","floor":2.0,"turns":4.0},{"damage":6.0,"enemies":"Jaw Worm","floor":3.0,"turns":1.0},{"damage":24.0,"enemies":"3 Sentries","floor":7.0,"turns":10.0},{"damage":0.0,"enemies":"2 Fungi Beasts","floor":8.0,"turns":3.0},{"damage":11.0,"enemies":"The Mushroom Lair","floor":13.0,"turns":4.0},{"damage":21.0,"enemies":"Large Slime","floor":14.0,"turns":7.0},{"damage":22.0,"enemies":"Hexaghost","floor":16.0,"turns":9.0},{"damage":11.0,"enemies":"Chosen","floor":18.0,"turns":4.0},{"damage":11.0,"enemies":"3 Byrds","floor":19.0,"turns":5.0},{"damage":6.0,"enemies":"Snake Plant","floor":22.0,"turns":2.0},{"damage":6.0,"enemies":"Chosen and Byrds","floor":27.0,"turns":5.0},{"damage":35.0,"enemies":"Gremlin Leader","floor":29.0,"turns":3.0},{"damage":19.0,"enemies":"Book of Stabbing","floor":31.0,"turns":3.0},{"damage":22.0,"enemies":"Champ","floor":33.0,"turns":5.0},{"damage":6.0,"enemies":"Orb Walker","floor":35.0,"turns":2.0},{"damage":6.0,"enemies":"Mind Bloom Boss Battle","floor":36.0,"turns":5.0},{"damage":6.0,"enemies":"3 Darklings","floor":37.0,"turns":3.0},{"damage":7.0,"enemies":"Transient","floor":38.0,"turns":5.0},{"damage":24.0,"enemies":"Maw","floor":39.0,"turns":4.0},{"damage":42.0,"enemies":"Nemesis","floor":41.0,"turns":3.0},{"damage":9.0,"enemies":"Reptomancer","floor":44.0,"turns":3.0},{"damage":0,"enemies":"Awakened One","floor":50,"turns":1}],"seed_played":"-4910525182261303607","potions_obtained":[{"floor":1.0,"key":"GamblersBrew"},{"floor":8.0,"key":"ElixirPotion"},{"floor":14.0,"key":"BlessingOfTheForge"},{"floor":16.0,"key":"AttackPotion"},{"floor":18.0,"key":"Fire Potion"},{"floor":29.0,"key":"SpeedPotion"},{"floor":35.0,"key":"Energy Potion"},{"floor":41.0,"key":"Swift Potion"},{"floor":44.0,"key":"BloodPotion"}],"is_trial":false,"path_per_floor":["M","M","M","?","?","R","E","M","T","R","?","$","?","M","R","B",null,"M","M","$","?","M","R","$","R","T","M","R","E","?","E","R","B",null,"M","?","M","M","M","R","E","R","T","E","R","?","$","?","R","B"],"character_chosen":"IRONCLAD","items_purchased":["Regen Potion","Happy Flower"],"campfire_rested":0,"item_purchase_floors":[47,47],"current_hp_per_floor":[80,80,80,80,85,85,67,73,73,73,52,52,47,32,32,16,85,85,85,85,85,85,85,85,85,85,85,85,62,62,55,55,45,85,85,85,85,85,79,79,55,55,55,67,67,67,67,67,67,70,70],"gold":378,"neow_bonus":"TRANSFORM_TWO_CARDS","is_daily":false,"chose_seed":false,"campfire_upgraded":11,"win_rate":0.0,"timestamp":1610619760,"path_taken":["M","M","M","?","?","R","E","M","T","R","?","?","?","M","R","BOSS","M","M","$","?","M","R","?","R","T","M","R","E","?","E","R","BOSS","M","?","M","M","M","R","E","R","T","E","R","?","$","?","R","BOSS"],"items_purchased_type":["Potion","Relic"],"build_version":"2020-12-22","purchased_purges":4,"victory":false,"max_hp_per_floor":[80,80,80,80,85,85,85,85,85,85,85,85,85,85,85,85,85,85,85,85,85,85,85,85,85,85,85,85,85,85,85,85,85,85,85,85,85,85,85,85,85,85,85,85,85,85,85,85,85,85,85],"card_choices":[{"not_picked":["Clash","Heavy Blade"],"picked":"Shrug It Off","floor":1.0},{"not_picked":["Warcry","Anger"],"picked":"Offering","floor":2.0},{"not_picked":["Spot Weakness","True Grit"],"picked":"Armaments","floor":3.0},{"not_picked":["Fire Breathing","Combust","Sever Soul"],"picked":"SKIP","floor":7.0},{"not_picked":["Inflame","Carnage","Sever Soul"],"picked":"SKIP","floor":8.0},{"not_picked":["Body Slam","Headbutt","Corruption"],"picked":"SKIP","floor":14.0},{"not_picked":["Clash","True Grit","Pommel Strike"],"picked":"SKIP","floor":18.0},{"not_picked":["Sever Soul","Perfected Strike","Iron Wave"],"picked":"SKIP","floor":19.0},{"not_picked":["Searing Blow+1","Thunderclap","Sword Boomerang"],"picked":"SKIP","floor":22.0},{"not_picked":["Havoc","Headbutt","Iron Wave+1"],"picked":"SKIP","floor":27.0},{"not_picked":["Bloodletting","Hemokinesis","Corruption"],"picked":"SKIP","floor":29.0},{"not_picked":["Feed","Fire Breathing+1","True Grit"],"picked":"SKIP","floor":31.0},{"not_picked":["Impervious","Immolate"],"picked":"Berserk","floor":33.0},{"not_picked":["Anger+1"],"picked":"SKIP","floor":35.0},{"not_picked":["Twin Strike+1"],"picked":"SKIP","floor":37.0},{"not_picked":["Clash+1"],"picked":"SKIP","floor":38.0},{"not_picked":["Body Slam"],"picked":"SKIP","floor":39.0},{"not_picked":["Combust"],"picked":"SKIP","floor":41.0},{"not_picked":["Body Slam"],"picked":"SKIP","floor":44.0}],"player_experience":475209,"relics_obtained":[{"floor":7.0,"key":"Smiling Mask"},{"floor":9.0,"key":"Anchor"},{"floor":13.0,"key":"Odd Mushroom"},{"floor":26.0,"key":"Regal Pillow"},{"floor":29.0,"key":"Ornamental Fan"},{"floor":31.0,"key":"Oddly Smooth Stone"},{"floor":36.0,"key":"Magic Flower"},{"floor":41.0,"key":"Darkstone Periapt"},{"floor":43.0,"key":"Blood Vial"},{"floor":44.0,"key":"Toy Ornithopter"}],"event_choices":[{"damage_healed":0.0,"max_hp_gain":0.0,"max_hp_loss":0.0,"gold_gain":0.0,"event_name":"The Cleric","player_choice":"Leave","floor":4.0,"gold_loss":0.0,"damage_taken":0.0},{"damage_healed":0.0,"max_hp_gain":5.0,"max_hp_loss":0.0,"gold_gain":0.0,"event_name":"Big Fish","player_choice":"Donut","floor":5.0,"gold_loss":0.0,"damage_taken":0.0},{"damage_healed":0.0,"max_hp_gain":0.0,"max_hp_loss":0.0,"gold_gain":0.0,"event_name":"Golden Idol","player_choice":"Take Damage","floor":11.0,"gold_loss":0.0,"damage_taken":21.0,"relics_obtained":["Golden Idol"]},{"damage_healed":0.0,"max_hp_gain":0.0,"max_hp_loss":0.0,"gold_gain":0.0,"event_name":"Mushrooms","player_choice":"Fought Mushrooms","floor":13.0,"gold_loss":0.0,"damage_taken":0.0},{"cards_removed":["Strike_R"],"damage_healed":0.0,"max_hp_gain":0.0,"max_hp_loss":0.0,"gold_gain":0.0,"event_name":"Bonfire Elementals","player_choice":"Offered Basic","floor":21.0,"gold_loss":0.0,"damage_taken":0.0},{"damage_healed":0.0,"max_hp_gain":0.0,"max_hp_loss":0.0,"gold_gain":0.0,"event_name":"Accursed Blacksmith","player_choice":"Forge","floor":30.0,"gold_loss":0.0,"damage_taken":0.0,"cards_upgraded":["Searing Blow"]},{"damage_healed":0.0,"max_hp_gain":0.0,"max_hp_loss":0.0,"gold_gain":0.0,"event_name":"MindBloom","player_choice":"Fight","floor":36.0,"gold_loss":0.0,"damage_taken":0.0},{"damage_healed":0.0,"max_hp_gain":0.0,"max_hp_loss":0.0,"gold_gain":0.0,"event_name":"Tomb of Lord Red Mask","player_choice":"Ignored","floor":46.0,"gold_loss":0.0,"damage_taken":0.0},{"damage_healed":0.0,"max_hp_gain":0.0,"max_hp_loss":0.0,"gold_gain":0.0,"event_name":"The Moai Head","player_choice":"Ignored","floor":48.0,"gold_loss":0.0,"damage_taken":0.0}],"is_beta":false,"boss_relics":[{"not_picked":["SacredBark","SlaversCollar"],"picked":"Black Blood"},{"not_picked":["Astrolabe","Tiny House"],"picked":"Busted Crown"}],"items_purged_floors":[12,20,24,47],"is_endless":false,"potions_floor_spawned":[1,8,14,16,18,29,35,41,44],"killed_by":"Awakened One","ascension_level":1}}