{"host":"tom9euzqew4po1rs","time":1610633398,"event":{"mods":["BaseMod","Curses Come First","Downfall","Minty Spire (QoL Compilation)","Quick Restart","Rare Cards Sparkle","Replay The Spire","StSLib","The Cursed"],"gold_per_floor":[118,118,135,25,25,50,69,95,95,121,121,136,156,156,156,251,251,271,631,321,341,341,341,359,359,359],"floor_reached":25,"language":"ENG","playtime":1302,"items_purged":[],"score":268,"play_id":"16b4182a-3b9f-4e03-bcb1-2ee435f06ed3","local_time":"20210114090958","is_ascension_mode":true,"campfire_choices":[{"floor":11,"key":"REST"},{"floor":15,"key":"DIG"},{"floor":23,"key":"RECALL"}],"circlet_count":0,"master_deck":["Strike_B","Strike_B","Strike_B","Strike_B","Defend_B","Defend_B","Defend_B+1","Defend_B","Zap","Steam","Steam","Hello World","Sweeping Beam+1","Heatsinks","Beam Cell","Gash","Aggregate","Steam","Bash","Machine Learning","Coolheaded","Stack","Normality","Streamline+1"],"relics":["ReplayTheSpireMod:Ninjato","Letter Opener","Gremlin Horn","Boot","Iron Core","Ornamental Fan","Replay:Grab Bag","Philosopher\u0027s Stone","Busted Crown","SlaversCollar","Molten Egg 2","Durian"],"acts_visited":["Exordium","TheCity"],"potions_floor_usage":[6,10,10,13,21,25],"damage_taken":[{"damage":8,"enemies":"Small Slimes","floor":1,"turns":4},{"damage":4,"enemies":"2 Louse","floor":3,"turns":3},{"damage":24,"enemies":"Lagavulin","floor":6,"turns":6},{"damage":0,"enemies":"Jaw Worm","floor":7,"turns":4},{"damage":39,"enemies":"Gremlin Nob","floor":8,"turns":5},{"damage":6,"enemies":"Lagavulin","floor":10,"turns":6},{"damage":9,"enemies":"Red Slaver","floor":12,"turns":3},{"damage":2,"enemies":"Blue Slaver","floor":13,"turns":2},{"damage":10,"enemies":"Fading Forest","floor":16,"turns":11},{"damage":19,"enemies":"2 Thieves","floor":18,"turns":4},{"damage":0,"enemies":"Spheric Guardian","floor":21,"turns":3},{"damage":21,"enemies":"Snecko","floor":24,"turns":6},{"damage":22,"enemies":"Book of Stabbing","floor":25,"turns":5}],"seed_played":"-7906699192627555430","potions_obtained":[{"floor":1,"key":"Milkshake"},{"floor":6,"key":"Toxic Potion"},{"floor":7,"key":"Adrenaline Potion"},{"floor":12,"key":"FearPotion"},{"floor":16,"key":"hexamod:EctoCoolerPotion"},{"floor":24,"key":"SpeedPotion"}],"is_trial":false,"path_per_floor":["M","?","M","$","?","E","M","E","T","E","R","M","M","?","R","B",null,"M","?","$","M","?","R","M","E"],"character_chosen":"DEFECT","items_purchased":["Hello World","Sweeping Beam+1","Stack","Molten Egg 2"],"campfire_rested":1,"item_purchase_floors":[4,4,20,20],"current_hp_per_floor":[74,79,75,75,75,51,51,12,12,6,32,23,21,21,21,21,87,68,32,32,32,37,37,16,0,0],"gold":359,"neow_bonus":"TEN_PERCENT_HP_BONUS","is_daily":false,"chose_seed":false,"campfire_upgraded":0,"win_rate":0.0,"timestamp":1610633398,"path_taken":["M","?","M","$","?","E","M","E","T","E","R","M","M","?","R","BOSS","M","?","$","?","?","R","M","E"],"items_purchased_type":["Card","Card","Card","Relic"],"build_version":"2020-12-22","purchased_purges":0,"victory":false,"max_hp_per_floor":[82,87,87,87,87,87,87,87,87,87,87,87,87,87,87,87,87,87,87,87,87,92,92,92,92,92],"card_choices":[{"not_picked":["Melter","ReplayTheSpireMod:Calculation Training"],"picked":"Steam","floor":1},{"not_picked":["Beam Cell","Compile Driver"],"picked":"Steam","floor":3},{"not_picked":["Coolheaded","Streamline"],"picked":"Heatsinks","floor":6},{"not_picked":["Fusion","Redo"],"picked":"Beam Cell","floor":7},{"not_picked":["Sweeping Beam","Hyperbeam","ReplayGash"],"picked":"SKIP","floor":8},{"not_picked":["Cold Snap","Capacitor"],"picked":"Gash","floor":10},{"not_picked":["Sweeping Beam","Tempest"],"picked":"Aggregate","floor":12},{"not_picked":["Conserve Battery","Scrape"],"picked":"Steam","floor":13},{"not_picked":["All For One","Offering"],"picked":"Machine Learning","floor":16},{"not_picked":[],"picked":"Coolheaded","floor":18},{"not_picked":["Compile Driver+1"],"picked":"SKIP","floor":21},{"not_picked":[],"picked":"Streamline+1","floor":24}],"player_experience":130476,"relics_obtained":[{"floor":6,"key":"ReplayTheSpireMod:Ninjato"},{"floor":8,"key":"Letter Opener"},{"floor":9,"key":"Gremlin Horn"},{"floor":10,"key":"Boot"},{"floor":15,"key":"Ornamental Fan"}],"event_choices":[{"damage_healed":0,"gold_gain":0,"player_choice":"Donut","damage_taken":0,"max_hp_gain":5,"max_hp_loss":0,"event_name":"Big Fish","floor":2,"gold_loss":0},{"damage_healed":0,"gold_gain":360,"player_choice":"GOLD GOLD GOLD GOLD ","damage_taken":36,"max_hp_gain":0,"max_hp_loss":0,"event_name":"Knowing Skull","floor":19,"potions_obtained":[],"gold_loss":0,"cards_obtained":[]}],"is_beta":false,"boss_relics":[{"not_picked":["Replay:Ancient Bell","ReplayTheSpireMod:DimensionalGlitch"],"picked":"Replay:Grab Bag"},{"not_picked":["Runic Dome","ReplayTheSpireMod:Onyx Gauntlets"],"picked":"Philosopher\u0027s Stone"},{"not_picked":["Ectoplasm","Coffee Dripper"],"picked":"Busted Crown"},{"not_picked":["Kintsugi","SacredBark"],"picked":"SlaversCollar"}],"items_purged_floors":[],"is_endless":false,"potions_floor_spawned":[1,6,7,12,16,24],"killed_by":"Book of Stabbing","ascension_level":2}}