{"host":"ws1rigs6jhqnf67d","time":1610630292,"event":{"mods":["BaseMod","Friendly Minions","KinomotoSakuraMod(ƒæ÷Æ±æ”£)","Kiyohime£®«Âºß£©","Lobotomy","LobotomyExtend","Marisa£®ÏF”Í°°ƒß¿Ì…≥£©","Minty Spire (QoL Compilation)","Remilia£®¿Ÿ√◊¿Ú—«£©","StSLib","The Bug Knight","Youmu£®ªÍ∆«—˝√Œ£©","[IsaacMod]“‘»ˆº‚À˛"],"gold_per_floor":[110,123,140,151,162,196,196,230,530,557,573,585,585,282,282,361,361,361,376,386,406,423,456,456,491,514,541,554,554,166,194,194,272,272,286,286,60,75,90,90,122,122,122,138,170,185,185,216,216,216,216],"floor_reached":52,"language":"ZHS","playtime":1828,"items_purged":["Christmas+1"],"score":1802,"play_id":"c68a493d-b32f-4bc7-991d-0e449734a095","local_time":"20210114211812","is_ascension_mode":true,"campfire_choices":[],"circlet_count":0,"master_deck":["SpecialBullet","SpecialBullet","SpecialBullet","SpecialBullet","SpecialBullet","SpecialBullet","SpecialBullet","ControlCode","InformationCode","SecurityCode","Harvest","UniverseFragment","CrumblingArmor","OldLady","TT2Protocol","SummonCall","Lamp+8","ExtractionCode","Regret_ego+1","TrainingCode"],"relics":["CogitoBucket","HushsDoor","GuppysHead","LetterFromLob","Ornamental Fan","Pantograph","Old Coin","Boot","AspirationHeart","Leech","MagicMushroom","ChangeAnything","Strawberry","Pear","ScarletDevilRocket","InkBottle","Habit","DeathBook","Anchor","Black Star","BookOfRevelations","GuppysPaw","HollowMod:StagPassRelic","TuHaoJin","Shuriken","Darkstone Periapt","HollowMod:PaleOreRelic"],"acts_visited":["Exordium","TheCity","TheBeyond"],"potions_floor_usage":[28,48,50],"damage_taken":[{"damage":6.0,"enemies":"Cultist","floor":1.0,"turns":3.0},{"damage":12.0,"enemies":"Jaw Worm","floor":2.0,"turns":2.0},{"damage":8.0,"enemies":"2 Louse","floor":3.0,"turns":2.0},{"damage":11.0,"enemies":"Looter","floor":4.0,"turns":2.0},{"damage":14.0,"enemies":"Red Slaver","floor":5.0,"turns":2.0},{"damage":20.0,"enemies":"Lagavulin","floor":6.0,"turns":3.0},{"damage":18.0,"enemies":"3 Sentries","floor":8.0,"turns":7.0},{"damage":0.0,"enemies":"Gremlin Nob","floor":10.0,"turns":2.0},{"damage":10.0,"enemies":"Exordium Thugs","floor":11.0,"turns":3.0},{"damage":0.0,"enemies":"Looter","floor":12.0,"turns":2.0},{"damage":48.0,"enemies":"Hexaghost","floor":16.0,"turns":5.0},{"damage":3.0,"enemies":"Chosen","floor":19.0,"turns":2.0},{"damage":4.0,"enemies":"3 Byrds","floor":20.0,"turns":2.0},{"damage":24.0,"enemies":"Snake Plant","floor":21.0,"turns":3.0},{"damage":0.0,"enemies":"Centurion and Healer","floor":22.0,"turns":3.0},{"damage":28.0,"enemies":"Book of Stabbing","floor":23.0,"turns":3.0},{"damage":12.0,"enemies":"Slavers","floor":25.0,"turns":3.0},{"damage":20.0,"enemies":"Book of Stabbing","floor":27.0,"turns":3.0},{"damage":30,"enemies":"3 Cultists","floor":28,"turns":17},{"damage":4,"enemies":"Gremlin Leader","floor":31,"turns":2},{"damage":19,"enemies":"Automaton","floor":33,"turns":6},{"damage":0,"enemies":"Orb Walker","floor":35,"turns":2},{"damage":0,"enemies":"3 Darklings","floor":38,"turns":3},{"damage":3,"enemies":"Transient","floor":39,"turns":5},{"damage":37,"enemies":"Giant Head","floor":41,"turns":6},{"damage":8,"enemies":"Jaw Worm Horde","floor":44,"turns":3},{"damage":0,"enemies":"Reptomancer","floor":45,"turns":2},{"damage":0,"enemies":"Sphere and 2 Shapes","floor":46,"turns":3},{"damage":14,"enemies":"Giant Head","floor":48,"turns":5},{"damage":90,"enemies":"Time Eater","floor":50,"turns":8}],"seed_played":"-5243313550135756063","potions_obtained":[{"floor":1.0,"key":"EssenceOfSteel"},{"floor":5.0,"key":"ColorlessPotion"},{"floor":6.0,"key":"Block Potion"},{"floor":16.0,"key":"Strength Potion"},{"floor":21.0,"key":"Explosive Potion"},{"floor":22.0,"key":"Strength Potion"},{"floor":31,"key":"AttackPotion"}],"is_trial":false,"path_per_floor":["M","M","M","M","M","E","?","E","T","E","M","M","?","$","R","B",null,"M","M","M","M","M","E","R","E","T","E","M","R","$","E","R","B",null,"M","?","$","M","M","R","E","$","T","M","E","M","?","E","R","B",null,null],"character_chosen":"Angela","items_purchased":["Leech","Habit","DeathBook","BookOfRevelations"],"campfire_rested":0,"item_purchase_floors":[14,30,30,37],"current_hp_per_floor":[70,66,66,63,57,45,45,35,35,43,51,63,63,63,63,52,87,87,95,96,81,93,83,83,92,92,86,71,71,71,80,80,108,112,113,107,107,107,107,107,90,96,102,107,107,107,107,107,107,44,50],"gold":216,"neow_bonus":"TEN_PERCENT_HP_BONUS","is_daily":false,"chose_seed":false,"campfire_upgraded":0,"win_rate":0.0,"timestamp":1610630292,"path_taken":["M","M","?","M","M","E","?","E","T","E","M","M","?","$","R","BOSS","M","M","M","M","M","E","R","E","T","E","M","R","$","E","R","BOSS","M","?","$","M","M","R","E","?","T","M","E","M","?","E","R","BOSS"],"items_purchased_type":["Relic","Relic","Relic","Relic"],"build_version":"2020-12-22","purchased_purges":1,"victory":true,"max_hp_per_floor":[75,75,75,75,75,75,75,75,75,75,85,89,89,89,89,89,96,96,96,96,96,96,103,103,113,113,113,113,113,113,113,113,113,113,113,107,107,107,107,107,107,107,107,107,107,107,107,107,107,107,107],"card_choices":[{"not_picked":["CherryBlossom","Soda"],"picked":"SKIP","floor":1.0},{"not_picked":["BearPaw","Gaze"],"picked":"SKIP","floor":2.0},{"not_picked":["Hornet"],"picked":"Bomb","floor":3.0},{"not_picked":["Hypocrisy","Lantern"],"picked":"SKIP","floor":4.0},{"not_picked":["Noise"],"picked":"Harvest","floor":5.0},{"not_picked":["WristCuter","SwordSharpenedByTears"],"picked":"SKIP","floor":6.0},{"not_picked":["WallGazer","ShyLook"],"picked":"UniverseFragment","floor":8.0},{"not_picked":["Heaven"],"picked":"Bomb","floor":8.0},{"not_picked":["PunishingBird","SpiderBud"],"picked":"CrumblingArmor","floor":10.0},{"not_picked":["RedEyes","Lantern"],"picked":"SKIP","floor":10.0},{"not_picked":["Loneliness","GreenStem"],"picked":"SKIP","floor":11.0},{"not_picked":["Funeral","Wellcheers"],"picked":"OldLady","floor":12.0},{"not_picked":["Soda","Harvest"],"picked":"SKIP","floor":12.0},{"not_picked":["RedEyes","Heaven+1"],"picked":"SKIP","floor":19.0},{"not_picked":["MagicBullet","BlackSwan_ego"],"picked":"SKIP","floor":20.0},{"not_picked":["SwordSharpenedByTears"],"picked":"Christmas+1","floor":21.0},{"not_picked":["Horn"],"picked":"Lamp","floor":22.0},{"not_picked":["Loneliness","BlueScar"],"picked":"SKIP","floor":23.0},{"not_picked":["SolemnVow","Loneliness"],"picked":"SKIP","floor":25.0},{"not_picked":["TodaysExpression"],"picked":"Regret_ego+1","floor":27.0},{"not_picked":["Soda","CUTE"],"picked":"SKIP","floor":28},{"not_picked":["CUTE","Soda","Noise+1"],"picked":"SKIP","floor":31},{"not_picked":["BlueScar","Hypocrisy","Penitence"],"picked":"SKIP","floor":31},{"not_picked":["Gaze","TodaysExpression+1","Regret_ego"],"picked":"SKIP","floor":35},{"not_picked":["TodaysExpression","SomewhereSpear+1","CherryBlossom"],"picked":"SKIP","floor":38},{"not_picked":["Heaven","BlueScar","Mimicry"],"picked":"SKIP","floor":39},{"not_picked":["Noise+1","Hypocrisy","BlackSwan_ego"],"picked":"SKIP","floor":39},{"not_picked":["TodaysExpression","Heaven","BlackSwan_ego+1"],"picked":"SKIP","floor":41},{"not_picked":["Wingbeat","CherryBlossom","Horn"],"picked":"SKIP","floor":44},{"not_picked":["WristCuter+1","ParadiseLost","Loneliness+1"],"picked":"SKIP","floor":45},{"not_picked":["WristCuter","FourthMatchFlame","Pleasure"],"picked":"SKIP","floor":46},{"not_picked":["SomewhereSpear","CherryBlossom","Tough"],"picked":"SKIP","floor":48}],"player_experience":807202,"relics_obtained":[{"floor":1.0,"key":"LetterFromLob"},{"floor":6.0,"key":"Ornamental Fan"},{"floor":8.0,"key":"Pantograph"},{"floor":9.0,"key":"Old Coin"},{"floor":10.0,"key":"Boot"},{"floor":23.0,"key":"Strawberry"},{"floor":25.0,"key":"Pear"},{"floor":26.0,"key":"ScarletDevilRocket"},{"floor":27.0,"key":"InkBottle"},{"floor":31,"key":"Anchor"},{"floor":41,"key":"GuppysPaw"},{"floor":41,"key":"HollowMod:StagPassRelic"},{"floor":43,"key":"TuHaoJin"},{"floor":45,"key":"Shuriken"},{"floor":48,"key":"Darkstone Periapt"},{"floor":48,"key":"HollowMod:PaleOreRelic"}],"event_choices":[{"cards_removed":["SpecialBullet"],"damage_healed":0.0,"max_hp_gain":0.0,"max_hp_loss":0.0,"gold_gain":0.0,"event_name":"Wheel of Change","player_choice":"Card Removal","floor":7.0,"gold_loss":0.0,"damage_taken":0.0},{"damage_healed":0.0,"max_hp_gain":0.0,"max_hp_loss":0.0,"gold_gain":0.0,"event_name":"Shining Light","player_choice":"Ignored","floor":13.0,"gold_loss":0.0,"damage_taken":0.0},{"damage_healed":0,"gold_gain":0,"player_choice":"Max HP","damage_taken":0,"max_hp_gain":0,"max_hp_loss":6,"event_name":"Winding Halls","floor":36,"gold_loss":0}],"is_beta":false,"boss_relics":[{"not_picked":["Snecko Eye","Busted Crown"],"picked":"MagicMushroom"},{"not_picked":[]},{"not_picked":["SacredBark","Astrolabe"],"picked":"Black Star"},{"not_picked":[]}],"items_purged_floors":[37],"is_endless":false,"potions_floor_spawned":[1,2,5,6,16,21,22,23,28,31,33,38,39,44],"ascension_level":15}}