{"host":"i7jfea87xc8lz16p","time":1610650113,"event":{"mods":["AchievementEnabler","BaseMod","Colored Powertips","Minty Spire (QoL Compilation)","Relic Stats"],"gold_per_floor":[115,40,56,131,56,86,86,116,116,143,143,161,177,22,22,94,94,106,77,96,46,65,65,81,81,81],"floor_reached":25,"language":"ENG","playtime":967,"items_purged":["Strike_R","Strike_R"],"score":496,"play_id":"d6a61fb9-e94a-433c-a64e-8255a46cac37","local_time":"20210114194833","is_ascension_mode":true,"campfire_choices":[{"data":"Bash","floor":7,"key":"SMITH"},{"floor":11,"key":"REST"},{"data":"Anger","floor":15,"key":"SMITH"},{"floor":23,"key":"REST"}],"circlet_count":0,"master_deck":["AscendersBane","Strike_R","Strike_R","Defend_R","Defend_R","Defend_R","Defend_R","Bash+1","Anger+1","Pommel Strike","Shrug It Off","True Grit","Pommel Strike","Warcry","Shrug It Off","Demon Form","Cleave+1","Warcry","Whirlwind","Shockwave"],"relics":["Burning Blood","NeowsBlessing","Matryoshka","Ornamental Fan","Orichalcum","Singing Bowl","Bronze Scales","Runic Cube"],"acts_visited":["Exordium","TheCity"],"potions_floor_usage":[8,19,22],"damage_taken":[{"damage":0,"enemies":"2 Louse","floor":1,"turns":1},{"damage":0,"enemies":"Jaw Worm","floor":3,"turns":1},{"damage":0,"enemies":"Lagavulin","floor":6,"turns":1},{"damage":28,"enemies":"Gremlin Nob","floor":8,"turns":4},{"damage":35,"enemies":"3 Sentries","floor":10,"turns":12},{"damage":2,"enemies":"Cultist","floor":12,"turns":3},{"damage":7,"enemies":"2 Fungi Beasts","floor":13,"turns":3},{"damage":31,"enemies":"Hexaghost","floor":16,"turns":9},{"damage":11,"enemies":"3 Byrds","floor":18,"turns":3},{"damage":17,"enemies":"2 Thieves","floor":19,"turns":4},{"damage":21,"enemies":"Centurion and Healer","floor":20,"turns":5},{"damage":11,"enemies":"Snecko","floor":22,"turns":5},{"damage":36,"enemies":"Chosen and Byrds","floor":24,"turns":7},{"damage":23,"enemies":"Gremlin Leader","floor":25,"turns":1}],"seed_played":"-1165099901207051559","potions_obtained":[{"floor":6,"key":"DuplicationPotion"},{"floor":12,"key":"FairyPotion"},{"floor":13,"key":"SteroidPotion"},{"floor":18,"key":"EssenceOfSteel"}],"is_trial":false,"path_per_floor":["M","?","M","?","$","E","R","E","T","E","R","M","M","$","R","B",null,"M","M","M","?","M","R","M","E"],"character_chosen":"IRONCLAD","items_purchased":["Shrug It Off"],"campfire_rested":2,"item_purchase_floors":[14],"current_hp_per_floor":[74,74,75,64,64,70,70,48,48,19,41,45,46,46,46,21,63,58,47,32,32,27,50,22,0,0],"gold":81,"neow_bonus":"THREE_ENEMY_KILL","is_daily":false,"chose_seed":false,"campfire_upgraded":2,"win_rate":0.0,"timestamp":1610650113,"path_taken":["M","?","M","?","$","E","R","E","T","E","R","M","?","$","R","BOSS","M","M","M","?","?","R","M","E"],"items_purchased_type":["Card"],"build_version":"2020-12-22","purchased_purges":2,"victory":false,"max_hp_per_floor":[75,75,75,75,75,75,75,75,75,75,75,75,77,77,77,77,77,77,77,77,77,77,77,79,79,79],"relic_stats":{"Singing Bowl":4,"counters":[14,59],"Ornamental Fan":[56],"Bronze Scales":[193],"Orichalcum":[60],"obtain_stats":[{"Matryoshka":6,"NeowsBlessing":0,"Singing Bowl":9,"Ornamental Fan":8,"Bronze Scales":10,"Orichalcum":9,"Burning Blood":0,"Runic Cube":17},{"Matryoshka":3,"NeowsBlessing":0,"Singing Bowl":4,"Ornamental Fan":4,"Bronze Scales":5,"Orichalcum":4,"Burning Blood":0,"Runic Cube":8},{"Matryoshka":3,"NeowsBlessing":0,"Singing Bowl":7,"Ornamental Fan":7,"Bronze Scales":19,"Orichalcum":7,"Burning Blood":0,"Runic Cube":34}],"Burning Blood":73,"Runic Cube":[20]},"card_choices":[{"not_picked":["Wild Strike","Second Wind"],"picked":"Anger","floor":1},{"not_picked":["Seeing Red","Iron Wave"],"picked":"Pommel Strike","floor":3},{"not_picked":["Body Slam","Headbutt"],"picked":"Shrug It Off","floor":6},{"not_picked":["Armaments","Anger"],"picked":"True Grit","floor":8},{"not_picked":["Corruption","Evolve"],"picked":"Pommel Strike","floor":10},{"not_picked":["Uppercut","Heavy Blade"],"picked":"Warcry","floor":12},{"not_picked":["Iron Wave","Bloodletting","Wild Strike"],"picked":"Singing Bowl","floor":13},{"not_picked":["Limit Break","Brutality"],"picked":"Demon Form","floor":16},{"not_picked":["Warcry","Body Slam"],"picked":"Cleave+1","floor":18},{"not_picked":["Body Slam","Anger"],"picked":"Warcry","floor":19},{"not_picked":["Cleave","Evolve"],"picked":"Whirlwind","floor":20},{"not_picked":["Twin Strike","Flex"],"picked":"Shockwave","floor":22},{"not_picked":["Heavy Blade","Anger","Pommel Strike"],"picked":"Singing Bowl","floor":24}],"player_experience":1774931,"relics_obtained":[{"floor":6,"key":"Matryoshka"},{"floor":8,"key":"Ornamental Fan"},{"floor":9,"key":"Orichalcum"},{"floor":9,"key":"Singing Bowl"},{"floor":10,"key":"Bronze Scales"}],"event_choices":[{"cards_removed":["Strike_R"],"damage_healed":0,"gold_gain":0,"player_choice":"Card Removal","damage_taken":0,"max_hp_gain":0,"max_hp_loss":0,"event_name":"The Cleric","floor":2,"gold_loss":75},{"damage_healed":0,"gold_gain":75,"player_choice":"Gather Gold","damage_taken":11,"max_hp_gain":0,"max_hp_loss":0,"event_name":"World of Goop","floor":4,"gold_loss":0},{"damage_healed":0,"gold_gain":0,"player_choice":"Bet on Owner","damage_taken":0,"max_hp_gain":0,"max_hp_loss":0,"event_name":"The Joust","floor":21,"gold_loss":50}],"is_beta":false,"boss_relics":[{"not_picked":["Calling Bell","Runic Dome"],"picked":"Runic Cube"}],"items_purged_floors":[5,14],"is_endless":false,"potions_floor_spawned":[6,12,13,18],"killed_by":"Gremlin Leader","ascension_level":20}}