{"host":"hbmugw1tcdgjy91l","time":1610595709,"event":{"mods":["Act Like it!","Arknights The Spire","BaseMod","Chen","Downfall","Gensokyo","Gremlin Mod","GungeonMod","Lobotomy","LobotomyExtend","Mari Mod (Legacy)","Mari\u0027s V1 Patch","Minty Spire (QoL Compilation)","Pale of the Ancients","Prisma Mod","READ ME - Guardian Mod","Replay The Spire","StSLib","Td1madao Mod","TestMod","The Animator","The Bug Knight","The Mystic","WarShipGirlsR/战舰少女R mod","vexMod","【功能Mod】混沌之环修复补丁"],"gold_per_floor":[113,288,288,308,321,349,359,359,359,386,386,413,413,813,813,813,813],"floor_reached":16,"language":"ZHS","playtime":821,"items_purged":[],"score":118,"play_id":"4a8c210d-4fc2-498c-aaf9-61fbd330884a","local_time":"20210114114149","is_ascension_mode":false,"campfire_choices":[{"data":"ats:Composite Medical Shells","floor":8,"key":"SMITH"},{"floor":13,"key":"REST"},{"data":"ats:Demon Strength","floor":15,"key":"SMITH"}],"circlet_count":0,"master_deck":["ats:Strike C","ats:Strike G","ats:Strike S","ats:Strike V","ats:Armor Crushing Shot","ats:Defend","ats:Defend","ats:Defend","ats:Defend","ats:Emotion Absorption","MeatLantern","ats:Closed Bolt Burst Fire+1","Doubt","ats:Demon Strength+1","ats:Composite Medical Shells+1","ats:Explosion Area Strengthen","ats:Support Order"],"relics":["ats:Sanity","CogitoBucket","LetterFromLob","Blue Doll","ats:Originium","Replay:Mystery Machine","Frozen Egg 2"],"acts_visited":["Exordium"],"potions_floor_usage":[6,12,12,16],"damage_taken":[{"damage":5,"enemies":"Small Slimes","floor":1,"turns":4},{"damage":0,"enemies":"Cultist","floor":4,"turns":2},{"damage":0,"enemies":"2 Louse","floor":5,"turns":3},{"damage":10,"enemies":"Gremlin Nob","floor":6,"turns":3},{"damage":0,"enemies":"Looter","floor":7,"turns":3},{"damage":53,"enemies":"3 Sentries","floor":10,"turns":7},{"damage":20,"enemies":"Gremlin Nob","floor":12,"turns":4},{"damage":36,"enemies":"Fading Forest","floor":16,"turns":9}],"seed_played":"-7188361874201320142","potions_obtained":[{"floor":4,"key":"FearPotion"},{"floor":6,"key":"Energy Potion"},{"floor":10,"key":"SteroidPotion"},{"floor":12,"key":"Swift Potion"}],"is_trial":false,"path_per_floor":["M","?","?","M","M","E","M","R","T","E","?","E","R","?","R","B"],"character_chosen":"DOCTOR_CLASS","items_purchased":[],"campfire_rested":1,"item_purchase_floors":[],"current_hp_per_floor":[67,67,67,67,67,57,57,57,57,4,28,8,29,29,29,0,0],"gold":813,"neow_bonus":"","is_daily":false,"chose_seed":false,"campfire_upgraded":2,"win_rate":0.0,"timestamp":1610595709,"path_taken":["M","?","?","M","?","E","M","R","T","E","?","E","R","?","R","BOSS"],"items_purchased_type":[],"build_version":"2020-12-22","purchased_purges":0,"victory":false,"max_hp_per_floor":[72,72,72,72,72,72,72,72,72,72,72,72,72,72,72,72,72],"card_choices":[{"not_picked":["SnowQueen","HappyTeddy"],"picked":"MeatLantern","floor":1},{"not_picked":["ats:Ignite","ats:Assault Order"],"picked":"ats:Closed Bolt Burst Fire","floor":1},{"not_picked":["ats:Healing Drone","ats:Beaten Up"],"picked":"ats:Demon Strength","floor":4},{"not_picked":["ats:Sunburst","ats:Leaping Hammer"],"picked":"ats:Composite Medical Shells","floor":5},{"not_picked":["ats:Closed Bolt Burst Fire","ats:Flexible Camouflage"],"picked":"ats:Explosion Area Strengthen","floor":6},{"not_picked":["ats:Encircling Forest","ats:Guardian Obelisk"],"picked":"ats:Support Order","floor":7},{"not_picked":["ats:Hammer On","ats:Burning Ground","ats:Rapid Magazine"],"picked":"SKIP","floor":10},{"not_picked":["ats:Hammer On","ats:Burning Ground","ats:Rapid Magazine"],"picked":"SKIP","floor":10},{"not_picked":["ats:Powerful Strike","ats:Leaping Hammer","ats:Childhood Dance"],"picked":"SKIP","floor":12}],"player_experience":435815,"relics_obtained":[{"floor":1,"key":"LetterFromLob"},{"floor":6,"key":"Blue Doll"},{"floor":6,"key":"ats:Originium"},{"floor":10,"key":"ats:Originium"},{"floor":10,"key":"Replay:Mystery Machine"},{"floor":12,"key":"ats:Originium"},{"floor":12,"key":"Frozen Egg 2"}],"event_choices":[{"damage_healed":0,"gold_gain":175,"player_choice":"AGREE","damage_taken":0,"max_hp_gain":0,"max_hp_loss":0,"event_name":"Liars Game","floor":2,"gold_loss":0,"cards_obtained":["Doubt"]},{"damage_healed":0,"gold_gain":0,"player_choice":"Upgraded","damage_taken":0,"max_hp_gain":0,"max_hp_loss":0,"event_name":"Upgrade Shrine","floor":3,"gold_loss":0,"cards_upgraded":["ats:Closed Bolt Burst Fire"]},{"damage_healed":24,"gold_gain":0,"player_choice":"Banana","damage_taken":0,"max_hp_gain":0,"max_hp_loss":0,"event_name":"Big Fish","floor":11,"gold_loss":0},{"damage_healed":0,"gold_gain":400,"player_choice":"Sell","damage_taken":0,"max_hp_gain":0,"max_hp_loss":0,"event_name":"恩洛斯的盘子","floor":14,"relics_lost":["testmod-TestBox"],"gold_loss":0}],"is_beta":false,"boss_relics":[],"items_purged_floors":[],"is_endless":false,"potions_floor_spawned":[4,6,10,12],"killed_by":"Fading Forest","ascension_level":0}}