{"host":"Ringo","time":1610624286,"event":{"mods":["BaseMod","Colored Map","Conspire","Dota2Spire","Minty Spire (QoL Compilation)","StSLib","[IsaacMod]ÒÔÈö¼âËþ","¡¾ÒÅÎï¿¨ÅÆ¡¿REMEMod"],"gold_per_floor":[114,126,138,151,163,190,216,245,298,323,347,380,128,162,162,236,236,265,265,283,317,70,97,130,159,159,194,26,54,85,118,118,195,195,210,244,0,29,62,94,123,154,235,262,262,312,199,232,232,232,232],"floor_reached":52,"language":"ZHS","playtime":1743,"items_purged":["Writhe"],"score":4393,"play_id":"c937f628-8ece-431c-83cf-6b0f872d18d7","local_time":"20210114193806","daily_mods":["SealedDeck","Vintage","Heirloom","Time Dilation","Flight","DeadlyEvents","Elite Swarm","Lethality","Binary"],"is_ascension_mode":true,"campfire_choices":[{"data":"Terror","floor":15,"key":"SMITH"},{"data":"Terror","floor":32,"key":"SMITH"},{"data":"REME_GreenPollution","floor":49,"key":"SMITH"}],"circlet_count":0,"master_deck":["AscendersBane","Deflect","Outmaneuver","Underhanded Strike","Dagger Throw","Underhanded Strike","Terror+1","Underhanded Strike","Acrobatics","Backflip","Escape Plan","Terror+1","Caltrops","Flying Knee","REME_GreenPollution+1"],"relics":["Ring of the Snake","Busted Crown","HushsDoor","REME_ComplimentaryCards","GuppysPaw","DeathBook","Mango","PokeGo","Snake Skull","Ninja Scroll","Dota2Spire:ShadowBlade","Dota2Spire:Dagon","Ice Cream","Oddly Smooth Stone","Blood Vial","REME_PuzzleBoxRelic","Odd Mushroom","Tough Bandages","Toolbox","PreservedInsect","ChampionBelt","Dota2Spire:ArmletOfMordiggian","Dota2Spire:ArcaneBoots","Dota2Spire:ShivaGuard","CeramicFish","HowToJump","Eternal Feather","REME_LimitBreaker","Sundial","NineVolt","Bottled Tornado","Medical Kit","D6","Dream Catcher","Happy Flower","conspire:RoyalGoblet","MaYiHuaBei","Dota2Spire:Mjollnir","Chaos","Dota2Spire:LinkenSphere","HandDrill","Dota2Spire:EchoSabre","Runic Cube","Dota2Spire:EtherealBlade","GuppysTail","Du-Vu Doll","AnarchistCookbook","Ginger","MagicMushroom"],"acts_visited":["Exordium","TheCity","TheBeyond"],"potions_floor_usage":[41,42,51,51,51,51,51,51,51,51,51,51,51,51,51,51,51,51,51,51,51,51,51,51,51,51,51,51,51,51,51,51,51,51,51,51,51,51,51,51,51,51,51,51,51,51,51,51,51],"damage_taken":[{"damage":0,"enemies":"Cultist","floor":1,"turns":1},{"damage":0,"enemies":"Jaw Worm","floor":2,"turns":1},{"damage":0,"enemies":"Small Slimes","floor":3,"turns":1},{"damage":0,"enemies":"Exordium Wildlife","floor":4,"turns":1},{"damage":0,"enemies":"Blue Slaver","floor":5,"turns":1},{"damage":0,"enemies":"Gremlin Nob","floor":6,"turns":1},{"damage":0,"enemies":"Lagavulin","floor":7,"turns":1},{"damage":0,"enemies":"Gremlin Nob","floor":8,"turns":1},{"damage":0,"enemies":"Lagavulin","floor":10,"turns":2},{"damage":0,"enemies":"The Mushroom Lair","floor":11,"turns":1},{"damage":0,"enemies":"3 Sentries","floor":12,"turns":2},{"damage":0,"enemies":"Lagavulin","floor":14,"turns":2},{"damage":0,"enemies":"The Guardian","floor":16,"turns":2},{"damage":0,"enemies":"conspire:Head Lice","floor":18,"turns":1},{"damage":0,"enemies":"Shell Parasite","floor":20,"turns":1},{"damage":0,"enemies":"Book of Stabbing","floor":21,"turns":1},{"damage":0,"enemies":"conspire:SneckoGhost","floor":23,"turns":1},{"damage":0,"enemies":"REME_1_Revenger","floor":24,"turns":1},{"damage":0,"enemies":"Gremlin Leader","floor":25,"turns":1},{"damage":0,"enemies":"Book of Stabbing","floor":27,"turns":1},{"damage":0,"enemies":"REME_1_Revenger","floor":29,"turns":1},{"damage":0,"enemies":"Book of Stabbing","floor":30,"turns":1},{"damage":0,"enemies":"conspire:Head Lice","floor":31,"turns":1},{"damage":0,"enemies":"Collector","floor":33,"turns":1},{"damage":0,"enemies":"Orb Walker","floor":35,"turns":1},{"damage":0,"enemies":"Reptomancer","floor":36,"turns":1},{"damage":0,"enemies":"Giant Head","floor":38,"turns":4},{"damage":0,"enemies":"Nemesis","floor":39,"turns":1},{"damage":0,"enemies":"Giant Head","floor":40,"turns":4},{"damage":0,"enemies":"Nemesis","floor":41,"turns":1},{"damage":0,"enemies":"Reptomancer","floor":42,"turns":1},{"damage":0,"enemies":"Giant Head","floor":44,"turns":2},{"damage":0,"enemies":"Reptomancer","floor":46,"turns":1},{"damage":0,"enemies":"Giant Head","floor":48,"turns":1},{"damage":0,"enemies":"Donu and Deca","floor":50,"turns":3},{"damage":0,"enemies":"Awakened One","floor":51,"turns":2}],"seed_played":"2493480194380485242","potions_obtained":[{"floor":2,"key":"Poison Potion"},{"floor":3,"key":"GamblersBrew"},{"floor":46,"key":"Strength Potion"},{"floor":46,"key":"Strength Potion"}],"is_trial":true,"path_per_floor":["M","M","M","M","M","E","E","E","T","E","?","E","$","E","R","B",null,"M","?","M","M","$","E","E","E","T","E","$","E","M","E","R","B",null,"M","M","$","M","M","E","E","E","T","E","?","E","$","E","R","B","B",null],"character_chosen":"THE_SILENT","items_purchased":["Toolbox","Caltrops","HowToJump","Medical Kit","Chaos","Dota2Spire:LinkenSphere","Flying Knee","REME_GreenPollution"],"campfire_rested":0,"item_purchase_floors":[13,13,22,28,37,37,47,47],"current_hp_per_floor":[62,62,62,62,62,62,62,62,62,62,62,62,62,62,62,62,62,62,62,62,62,62,62,62,62,62,62,62,62,62,62,62,62,62,62,62,62,62,62,62,62,62,62,62,62,62,62,69,69,69,69],"gold":232,"neow_bonus":"","is_daily":false,"chose_seed":false,"campfire_upgraded":3,"win_rate":0.0,"timestamp":1610624286,"path_taken":["M","M","M","M","M","E","E","E","T","E","?","E","$","E","R","BOSS","M","?","M","M","$","E","E","E","T","E","$","E","M","E","R","BOSS","M","M","$","M","M","E","E","E","T","E","?","E","$","E","R","BOSS","BOSS"],"items_purchased_type":["Relic","Card","Relic","Relic","Card","Relic","Card","Card"],"build_version":"2020-12-18","purchased_purges":1,"victory":true,"max_hp_per_floor":[62,62,62,62,62,62,62,62,62,62,62,62,62,62,62,62,62,62,62,62,62,62,62,62,62,62,62,62,62,62,62,62,62,62,62,62,62,62,62,62,62,62,62,62,62,62,62,69,69,69,69],"card_choices":[],"player_experience":518232,"relics_obtained":[{"floor":1,"key":"Mango"},{"floor":2,"key":"PokeGo"},{"floor":3,"key":"Snake Skull"},{"floor":4,"key":"Ninja Scroll"},{"floor":5,"key":"Dota2Spire:ShadowBlade"},{"floor":6,"key":"Dota2Spire:Dagon"},{"floor":7,"key":"Ice Cream"},{"floor":8,"key":"Oddly Smooth Stone"},{"floor":9,"key":"Blood Vial"},{"floor":10,"key":"REME_PuzzleBoxRelic"},{"floor":11,"key":"Odd Mushroom"},{"floor":12,"key":"Tough Bandages"},{"floor":14,"key":"PreservedInsect"},{"floor":18,"key":"Dota2Spire:ArmletOfMordiggian"},{"floor":20,"key":"Dota2Spire:ShivaGuard"},{"floor":21,"key":"CeramicFish"},{"floor":23,"key":"Eternal Feather"},{"floor":24,"key":"REME_LimitBreaker"},{"floor":25,"key":"Sundial"},{"floor":26,"key":"NineVolt"},{"floor":27,"key":"Bottled Tornado"},{"floor":29,"key":"D6"},{"floor":30,"key":"Dream Catcher"},{"floor":31,"key":"Happy Flower"},{"floor":35,"key":"MaYiHuaBei"},{"floor":36,"key":"Dota2Spire:Mjollnir"},{"floor":38,"key":"HandDrill"},{"floor":39,"key":"Dota2Spire:EchoSabre"},{"floor":40,"key":"Runic Cube"},{"floor":41,"key":"Dota2Spire:EtherealBlade"},{"floor":42,"key":"GuppysTail"},{"floor":43,"key":"Du-Vu Doll"},{"floor":44,"key":"AnarchistCookbook"},{"floor":46,"key":"Ginger"},{"floor":48,"key":"MagicMushroom"}],"event_choices":[{"damage_healed":0,"gold_gain":0,"player_choice":"Fought Mushrooms","damage_taken":0,"max_hp_gain":0,"max_hp_loss":0,"event_name":"Mushrooms","floor":11,"gold_loss":0},{"damage_healed":0,"gold_gain":0,"player_choice":"Opened","damage_taken":0,"relics_obtained":["Dota2Spire:ArcaneBoots"],"max_hp_gain":0,"max_hp_loss":0,"event_name":"The Mausoleum","floor":19,"gold_loss":0,"cards_obtained":["Writhe"]},{"damage_healed":0,"gold_gain":0,"player_choice":"Memory 1","damage_taken":0,"max_hp_gain":0,"max_hp_loss":0,"event_name":"SensoryStone","floor":45,"gold_loss":0}],"is_beta":true,"boss_relics":[{"not_picked":["Velvet Choker","REME_ChargedStone"],"picked":"ChampionBelt"},{"not_picked":[]},{"not_picked":["Astrolabe","conspire:SlowCooker"],"picked":"conspire:RoyalGoblet"},{"not_picked":[]}],"items_purged_floors":[22],"is_endless":false,"potions_floor_spawned":[2,3,4,6,8,16,20,25,27,30,33,36,39,46,48],"ascension_level":20}}