{"host":"poshtwjux72eqzmy","time":1610593573,"event":{"mods":["BaseMod","Bestiary","Block Reminder","Downfall","Highlight Path","Minty Spire (QoL Compilation)","Relic Stats","StSLib","ojb\u0027s Info Mod"],"gold_per_floor":[99,116,127,147,177,102,128,144,178,103,103,13,13,113,125,224,224,224,243,243,243,260,260,260,27,43,43,74,174,192,222,240,336,336,261,280,9,27,27,61,61,116,116,173,209,237,237,250,268,268,268,294,8,8,8],"floor_reached":56,"language":"ENG","playtime":6247,"items_purged":["sneckomod:Strike","sneckomod:Strike","sneckomod:UnknownClassGUARDIAN"],"score":1557,"play_id":"2fbf7ce8-b8cc-454d-aedc-32d1777aa3bf","local_time":"20210114050613","is_ascension_mode":false,"campfire_choices":[{"floor":1.0,"key":"RECALL"},{"data":"sneckomod:TailWhip","floor":6.0,"key":"SMITH"},{"data":"sneckomod:SerpentIdol","floor":10.0,"key":"SMITH"},{"data":"sneckomod:MorePower","floor":18.0,"key":"SMITH"},{"data":"sneckomod:SerpentIdol","floor":23.0,"key":"SMITH"},{"data":"sneckomod:DiceBlock","floor":27.0,"key":"SMITH"},{"data":"sneckomod:TrashToTreasure","floor":35,"key":"SMITH"},{"data":"sneckomod:SoulDraw","floor":54,"key":"SMITH"}],"circlet_count":0,"master_deck":["sneckomod:TailWhip+1","sneckomod:SnekBite","sneckomod:Unknown","sneckomod:Unknown","sneckomod:SnakeSap+1","sneckomod:SerpentIdol+1","sneckomod:TrashToTreasure+1","sneckomod:WideSting+1","sneckomod:MorePower+1","sneckomod:Unknown3Cost+1","sneckomod:Unknown1Cost+1","sneckomod:UnknownClassRED+1","sneckomod:UnknownRareAttack+1","sneckomod:SerpentIdol+1","sneckomod:UnknownBlock+1","sneckomod:UnknownRarePower+1","sneckomod:UnknownColorless+1","sneckomod:DiceBlock+1","sneckomod:UnknownRarePower+1","sneckomod:UnknownRareAttack+1","sneckomod:UnknownClassRED+1","sneckomod:Unknown0Cost+1","sneckomod:UnknownClassRED+1","sneckomod:UnknownRareAttack+1","sneckomod:UnknownRareAttack+1","sneckomod:MasterEye+1","sneckomod:SerpentIdol+1","sneckomod:Unknown2Cost+1","sneckomod:QuickBite+1","sneckomod:UnknownColorless+1","sneckomod:QuickBite+1","sneckomod:SoulDraw+1","sneckomod:UnknownRareSkill+1","sneckomod:SerpentMind","sneckomod:UnknownX+1","sneckomod:SerpentIdol+1","sneckomod:UnknownRareAttack+1","sneckomod:UnknownColorless+1"],"relics":["sneckomod:SneckoSoul","Lantern","downfall:HeartBlessingRed","Anchor","Bronze Scales","downfall:HeartBlessingGreen","Thread and Needle","Potion Belt","Astrolabe","Oddly Smooth Stone","TungstenRod","PreservedInsect","Whetstone","Coffee Dripper","downfall:HeartBlessingBlue","sneckomod:LoadedDie","Mummified Hand","Mercury Hourglass","Bottled Lightning","Juzu Bracelet","Question Card","Blue Candle","Happy Flower","Ice Cream"],"acts_visited":["Exordium","TheCity","TheBeyond","TheEnding"],"potions_floor_usage":[45,46,55,55,55,55,55,55,55],"damage_taken":[{"damage":0.0,"enemies":"2 Louse","floor":2.0,"turns":2.0},{"damage":10.0,"enemies":"Small Slimes","floor":3.0,"turns":4.0},{"damage":0.0,"enemies":"Cultist","floor":4.0,"turns":2.0},{"damage":0.0,"enemies":"Large Slime","floor":8.0,"turns":4.0},{"damage":35.0,"enemies":"3 Sentries","floor":9.0,"turns":10.0},{"damage":0.0,"enemies":"downfall:FleeingMerchant","floor":12.0,"turns":4.0},{"damage":10.0,"enemies":"downfall:LadyInBlue","floor":14.0,"turns":5.0},{"damage":0.0,"enemies":"3 Louse","floor":15.0,"turns":2.0},{"damage":0.0,"enemies":"downfall:Watcher","floor":16.0,"turns":4.0},{"damage":1.0,"enemies":"Spheric Guardian","floor":19.0,"turns":3.0},{"damage":0.0,"enemies":"Snake Plant","floor":22.0,"turns":1.0},{"damage":11.0,"enemies":"downfall:FleeingMerchant","floor":25.0,"turns":4.0},{"damage":0.0,"enemies":"Cultist and Chosen","floor":26.0,"turns":4.0},{"damage":6.0,"enemies":"Gremlin Leader","floor":28.0,"turns":7.0},{"damage":6,"enemies":"Shelled Parasite and Fungi","floor":30,"turns":4},{"damage":0,"enemies":"Slavers","floor":31,"turns":4},{"damage":0,"enemies":"Snake Plant","floor":32,"turns":3},{"damage":11,"enemies":"downfall:Defect","floor":33,"turns":6},{"damage":0,"enemies":"Orb Walker","floor":36,"turns":3},{"damage":6,"enemies":"3 Shapes","floor":38,"turns":4},{"damage":5,"enemies":"Reptomancer","floor":40,"turns":4},{"damage":3,"enemies":"Nemesis","floor":42,"turns":3},{"damage":0,"enemies":"Transient","floor":43,"turns":5},{"damage":0,"enemies":"Giant Head","floor":44,"turns":6},{"damage":3,"enemies":"3 Darklings","floor":45,"turns":2},{"damage":19,"enemies":"Nemesis","floor":46,"turns":5},{"damage":0,"enemies":"Maw","floor":48,"turns":4},{"damage":3,"enemies":"4 Shapes","floor":49,"turns":5},{"damage":3,"enemies":"downfall:Ironclad","floor":50,"turns":4},{"damage":14,"enemies":"downfall:CharBossMerchant","floor":52,"turns":4},{"damage":5,"enemies":"downfall:NeowBoss","floor":55,"turns":10}],"seed_played":"4170610424398476439","potions_obtained":[{"floor":3.0,"key":"ColorlessPotion"},{"floor":4.0,"key":"Fire Potion"},{"floor":9.0,"key":"SteroidPotion"},{"floor":14.0,"key":"SteroidPotion"},{"floor":14.0,"key":"Ancient Potion"},{"floor":14.0,"key":"EntropicBrew"},{"floor":26.0,"key":"SpeedPotion"},{"floor":28.0,"key":"EntropicBrew"},{"floor":33,"key":"FairyPotion"},{"floor":45,"key":"Slimebound:ThreeZeroPotion"},{"floor":48,"key":"SkillPotion"}],"is_trial":false,"path_per_floor":["R","M","M","M","?","R","T","M","E","R","?","$","?","?","M","B",null,"R","M","?","?","M","R","T","$","M","R","E","?","M","E","M","B",null,"R","M","$","M","T","E","T","E","M","E","M","E","?","M","M","B",null,"E","$","R","B",null],"character_chosen":"THE_SNECKO","items_purchased":["Oddly Smooth Stone","TungstenRod","sneckomod:LoadedDie","Ice Cream"],"campfire_rested":0,"item_purchase_floors":[25,25,37,53],"current_hp_per_floor":[99,100,90,90,90,90,90,90,55,55,52,52,52,48,53,53,108,108,108,108,86,87,87,87,82,83,83,82,82,77,79,79,71,122,132,133,133,128,128,123,123,120,124,125,126,116,116,117,119,116,139,138,138,138,133],"gold":8,"neow_bonus":"TEN_PERCENT_HP_BONUS","is_daily":false,"chose_seed":false,"campfire_upgraded":7,"win_rate":0.0,"timestamp":1610593573,"path_taken":["R","M","M","M","?","R","T","M","E","R","?","$","?","?","M","BOSS","R","M","?","?","M","R","T","$","M","R","E","?","M","E","M","BOSS","R","M","$","M","?","E","T","E","M","E","M","E","?","M","M","BOSS","E","$","R","BOSS"],"items_purchased_type":["Relic","Relic","Relic","Relic"],"build_version":"2020-12-22","purchased_purges":3,"victory":true,"max_hp_per_floor":[99,100,100,100,100,100,100,100,100,100,100,100,100,100,105,105,108,108,109,109,114,115,115,115,116,117,117,118,118,119,121,121,122,122,132,133,133,134,134,134,134,134,135,136,136,137,137,138,139,139,139,140,140,140,140],"relic_stats":{"Happy Flower":[3],"counters":[31,131],"Astrolabe":["sneckomod:Unknown3Cost","sneckomod:Unknown1Cost","sneckomod:UnknownClassRED"],"Blue Candle":[4],"PreservedInsect":417,"Juzu Bracelet":0,"Whetstone":["sneckomod:SnakeSap","sneckomod:WideSting"],"Question Card":17,"Mercury Hourglass":[139],"Mummified Hand":[101],"Bronze Scales":[223],"obtain_stats":[{"Potion Belt":14,"Ice Cream":53,"Lantern":5,"downfall:HeartBlessingRed":6,"sneckomod:LoadedDie":37,"Happy Flower":52,"Astrolabe":17,"Blue Candle":46,"Oddly Smooth Stone":25,"downfall:HeartBlessingGreen":10,"Thread and Needle":11,"PreservedInsect":28,"Juzu Bracelet":42,"Whetstone":31,"sneckomod:SneckoSoul":0,"Question Card":44,"Mercury Hourglass":40,"Anchor":7,"downfall:HeartBlessingBlue":35,"Mummified Hand":39,"Bronze Scales":9,"Coffee Dripper":34,"Bottled Lightning":41,"TungstenRod":25},{"Potion Belt":7,"Ice Cream":30,"Lantern":3,"downfall:HeartBlessingRed":3,"sneckomod:LoadedDie":19,"Happy Flower":30,"Astrolabe":9,"Blue Candle":26,"Oddly Smooth Stone":12,"downfall:HeartBlessingGreen":5,"Thread and Needle":5,"PreservedInsect":14,"Juzu Bracelet":22,"Whetstone":16,"sneckomod:SneckoSoul":0,"Question Card":24,"Mercury Hourglass":21,"Anchor":3,"downfall:HeartBlessingBlue":18,"Mummified Hand":20,"Bronze Scales":5,"Coffee Dripper":18,"Bottled Lightning":21,"TungstenRod":12},{"Potion Belt":31,"Ice Cream":121,"Lantern":8,"downfall:HeartBlessingRed":8,"sneckomod:LoadedDie":76,"Happy Flower":121,"Astrolabe":37,"Blue Candle":105,"Oddly Smooth Stone":45,"downfall:HeartBlessingGreen":22,"Thread and Needle":22,"PreservedInsect":56,"Juzu Bracelet":87,"Whetstone":64,"sneckomod:SneckoSoul":0,"Question Card":98,"Mercury Hourglass":84,"Anchor":8,"downfall:HeartBlessingBlue":73,"Mummified Hand":80,"Bronze Scales":22,"Coffee Dripper":73,"Bottled Lightning":84,"TungstenRod":45}],"TungstenRod":37},"card_choices":[{"not_picked":["sneckomod:SnekBeam","sneckomod:SerpentIdol"],"picked":"sneckomod:UnknownClassGUARDIAN","floor":2.0},{"not_picked":["sneckomod:SerpentIdol","sneckomod:UnknownClassHEXA_GHOST_PURPLE"],"picked":"sneckomod:SnakeSap","floor":3.0},{"not_picked":["sneckomod:UnknownWeak","sneckomod:SoulCleanse","sneckomod:UnknownClassPURPLE"],"picked":"SKIP","floor":4.0},{"not_picked":["sneckomod:UnknownClassGREEN","sneckomod:UnknownClassBLUE","sneckomod:SerpentIdol"],"picked":"SKIP","floor":8.0},{"not_picked":["sneckomod:UnknownCommonSkill","sneckomod:QuickMove"],"picked":"sneckomod:SerpentIdol","floor":9.0},{"not_picked":["sneckomod:UnknownClassGUARDIAN","sneckomod:UnknownBlock"],"picked":"sneckomod:TrashToTreasure","floor":12.0},{"not_picked":["sneckomod:TrashToTreasure","sneckomod:Unknown1Cost"],"picked":"sneckomod:WideSting","floor":14.0},{"not_picked":["sneckomod:UnknownVulnerable","sneckomod:UnknownBlock","sneckomod:UnknownStrike"],"picked":"SKIP","floor":15.0},{"not_picked":["sneckomod:Mudshield","sneckomod:Unknown3Cost"],"picked":"sneckomod:MorePower","floor":16.0},{"not_picked":["sneckomod:UnknownDexterity+1","sneckomod:UnknownClassRED+1"],"picked":"sneckomod:UnknownRareAttack+1","floor":19.0},{"not_picked":["sneckomod:MasterEye","sneckomod:UnknownCommonAttack","sneckomod:Nope"],"picked":"SKIP","floor":19.0},{"not_picked":["sneckomod:UnknownVulnerable","sneckomod:DiceCrush"],"picked":"sneckomod:UnknownBlock+1","floor":22.0},{"not_picked":["sneckomod:UnknownStrike+1","sneckomod:UnknownUncommonAttack+1"],"picked":"sneckomod:UnknownRarePower+1","floor":25.0},{"not_picked":["sneckomod:MorePower","sneckomod:SnakeSap","sneckomod:TrashToTreasure+1"],"picked":"SKIP","floor":25.0},{"not_picked":["sneckomod:UnknownRareAttack+1","sneckomod:UnknownRarePower+1"],"picked":"sneckomod:UnknownColorless+1","floor":26.0},{"not_picked":["sneckomod:QuickMove","sneckomod:WideSting+1"],"picked":"sneckomod:DiceBlock","floor":26.0},{"not_picked":["sneckomod:UnknownStrike+1","sneckomod:UnknownDexterity+1"],"picked":"sneckomod:UnknownRarePower+1","floor":28.0},{"not_picked":["sneckomod:UnknownClassRED+1","sneckomod:UnknownVulnerable","sneckomod:Nope"],"picked":"SKIP","floor":28.0},{"not_picked":["sneckomod:Unknown2Cost+1","sneckomod:UnknownBlock+1"],"picked":"sneckomod:UnknownRareAttack+1","floor":30},{"not_picked":["sneckomod:ImprovisedAttack+1","sneckomod:QuickMove+1","sneckomod:UnknownCommonSkill"],"picked":"SKIP","floor":30},{"not_picked":["sneckomod:UnknownClassBLUE","sneckomod:UnlimitedRolls"],"picked":"sneckomod:UnknownClassRED+1","floor":31},{"not_picked":["sneckomod:UnknownClassTHE_CHAMP_GRAY+1","sneckomod:UnknownWeak+1"],"picked":"sneckomod:Unknown0Cost+1","floor":31},{"not_picked":["sneckomod:RainOfDice","sneckomod:UnknownStrike","sneckomod:WideSting+1"],"picked":"SKIP","floor":32},{"not_picked":["sneckomod:Unknown1Cost+1","sneckomod:UnknownStrike+1"],"picked":"sneckomod:UnknownClassRED+1","floor":33},{"not_picked":["sneckomod:UnknownCommonSkill+1","sneckomod:UnknownX+1"],"picked":"sneckomod:UnknownRareAttack+1","floor":36},{"not_picked":["sneckomod:DangerNoodle","sneckomod:Unknown0Cost","sneckomod:UnknownX+1"],"picked":"SKIP","floor":36},{"not_picked":["sneckomod:UnknownClassTHE_CHAMP_GRAY+1","sneckomod:Unknown0Cost+1"],"picked":"sneckomod:UnknownRareAttack+1","floor":38},{"not_picked":["sneckomod:UnknownBlock","sneckomod:DiceBlock"],"picked":"sneckomod:MasterEye+1","floor":38},{"not_picked":["sneckomod:UnknownClassPURPLE+1","sneckomod:UnknownClassBLUE+1","sneckomod:UnknownEthereal+1"],"picked":"SKIP","floor":40},{"not_picked":["sneckomod:UnknownVulnerable+1","sneckomod:DiceCrush","sneckomod:UnknownExhaust+1"],"picked":"SKIP","floor":40},{"not_picked":["sneckomod:UnknownClassPURPLE","sneckomod:RainOfDice+1"],"picked":"sneckomod:SerpentIdol+1","floor":42},{"not_picked":["sneckomod:UnknownBlock+1","sneckomod:UnknownClassGUARDIAN+1","sneckomod:UnknownDexterity+1"],"picked":"SKIP","floor":42},{"not_picked":["sneckomod:UnknownBlock+1","sneckomod:UnknownClassBLUE+1"],"picked":"sneckomod:Unknown2Cost+1","floor":43},{"not_picked":["sneckomod:UnknownClassPURPLE","sneckomod:UnknownRareSkill"],"picked":"sneckomod:QuickBite+1","floor":43},{"not_picked":["sneckomod:UnknownClassPURPLE+1","sneckomod:UnknownCommonAttack+1"],"picked":"sneckomod:UnknownColorless+1","floor":44},{"not_picked":["sneckomod:UnknownClassTHE_CHAMP_GRAY+1","sneckomod:SnakeSap"],"picked":"sneckomod:QuickBite+1","floor":44},{"not_picked":["sneckomod:SoulRoll","sneckomod:QuickBite","sneckomod:UnknownClassPURPLE+1"],"picked":"sneckomod:SoulDraw","floor":45},{"not_picked":["sneckomod:UnknownCommonSkill+1","sneckomod:UnknownRareAttack+1","sneckomod:UnknownExhaust+1"],"picked":"sneckomod:UnknownRareSkill+1","floor":46},{"not_picked":["sneckomod:SerpentIdol","sneckomod:UnknownUncommonAttack+1","sneckomod:UnknownCommonSkill"],"picked":"sneckomod:SerpentMind","floor":46},{"not_picked":["sneckomod:Unknown0Cost+1","sneckomod:UnknownBlock+1","sneckomod:UnknownVulnerable+1"],"picked":"sneckomod:UnknownX+1","floor":48},{"not_picked":["sneckomod:UnknownExhaust+1","sneckomod:QuickMove+1","sneckomod:UnknownStrike+1"],"picked":"sneckomod:SerpentIdol+1","floor":48},{"not_picked":["sneckomod:UnknownClassTHE_CHAMP_GRAY+1","sneckomod:UnknownWeak+1","sneckomod:UnknownEthereal+1"],"picked":"sneckomod:UnknownRareAttack+1","floor":49},{"not_picked":["sneckomod:QuickBite","sneckomod:UnknownClassGUARDIAN+1","sneckomod:SoulDraw","sneckomod:UnknownBlock+1"],"picked":"SKIP","floor":49},{"not_picked":["sneckomod:UnknownClassSLIMEBOUND+1","sneckomod:UnknownUncommonSkill+1","sneckomod:UnknownBlock+1"],"picked":"sneckomod:UnknownColorless+1","floor":52},{"not_picked":["sneckomod:UnknownVulnerable+1","sneckomod:MasterEye","sneckomod:IronFang+1","sneckomod:UnknownClassPURPLE+1"],"picked":"SKIP","floor":52}],"player_experience":1091894,"relics_obtained":[{"floor":7.0,"key":"Anchor"},{"floor":9.0,"key":"Bronze Scales"},{"floor":14.0,"key":"Potion Belt"},{"floor":28.0,"key":"PreservedInsect"},{"floor":31,"key":"Whetstone"},{"floor":39,"key":"Mummified Hand"},{"floor":40,"key":"Mercury Hourglass"},{"floor":41,"key":"Bottled Lightning"},{"floor":42,"key":"Juzu Bracelet"},{"floor":44,"key":"Question Card"},{"floor":46,"key":"Blue Candle"},{"floor":52,"key":"Happy Flower"}],"event_choices":[{"damage_healed":0.0,"max_hp_gain":0.0,"max_hp_loss":0.0,"gold_gain":0.0,"event_name":"Scrap Ooze","player_choice":"Success","floor":11.0,"gold_loss":0.0,"damage_taken":3.0,"relics_obtained":["Thread and Needle"]},{"cards_removed":["sneckomod:Defend"],"damage_healed":0.0,"max_hp_gain":0.0,"max_hp_loss":0.0,"gold_gain":0.0,"event_name":"The Cleric","player_choice":"Card Removal","floor":13.0,"gold_loss":0.0,"damage_taken":0.0},{"damage_healed":0.0,"max_hp_gain":0.0,"max_hp_loss":0.0,"gold_gain":0.0,"event_name":"The Library","player_choice":"Read","floor":20.0,"gold_loss":0.0,"damage_taken":0.0,"cards_obtained":["sneckomod:SerpentIdol"]}],"is_beta":false,"boss_relics":[{"not_picked":["Cursed Key","Snecko Eye"],"picked":"Astrolabe"},{"not_picked":["Runic Pyramid","SacredBark"],"picked":"Coffee Dripper"}],"items_purged_floors":[12,25,37],"is_endless":false,"potions_floor_spawned":[3,4,9,14,26,28,31,32,33,36,38,45,48,52],"ascension_level":0}}