{"host":"jgyoyy5iuhtvyvtg","time":1610586427,"event":{"mods":["2.2 Compatiblity","BaseMod","Challenge The Spire","Colored Map","Conspire","Dark Map","Downfall","Hermit","Highlight Path","Infinite Spire","Lobotomy","LobotomyExtend","Minty Spire (QoL Compilation)","Quick Restart","Replay The Spire","Spikes Relics","StSLib","The Construct","The Disciple","The Jungle","Yuri Mod"],"gold_per_floor":[212,227,192,204,25,50,50,70,97,97,112,112,127,140,140,214,214,226,237,254,274,292,292,292],"floor_reached":23,"language":"ENG","playtime":1324,"items_purged":[],"score":338,"play_id":"f47fbe32-301b-4b03-a721-8cbd202fc101","local_time":"20210113170707","is_ascension_mode":true,"campfire_choices":[{"floor":10,"key":"REST"},{"floor":12,"key":"REST"},{"data":"hermit:FlashPowder","floor":15,"key":"SMITH"}],"circlet_count":0,"master_deck":["AscendersBane","hermit:Defend_Hermit","hermit:Defend_Hermit","hermit:Defend_Hermit","hermit:Snapshot","hermit:Covet","hermit:Spite","hermit:ShadowCloak","hermit:Malice","hermit:WideOpen","hermit:Spite","Regret","hermit:Feint","hermit:FlashPowder+1","hermit:Misfire","hermit:Adapt","Pain","Languid","hermit:WideOpen+1","hermit:Brawl","hermit:Manifest","hermit:Feint+1"],"relics":["hermit:Momento","LetterFromLob","hexamod:BolsterEngine","hermit:RyeStalk","Replay:Baseball","Dream Catcher","Kintsugi"],"acts_visited":["Exordium","Exordium"],"potions_floor_usage":[14,18,23,23],"damage_taken":[{"damage":11,"enemies":"Small Slimes","floor":1,"turns":4},{"damage":6,"enemies":"conspire:RoseBush","floor":2,"turns":6},{"damage":4,"enemies":"Jaw Worm","floor":4,"turns":5},{"damage":32,"enemies":"Lagavulin","floor":6,"turns":7},{"damage":0,"enemies":"Gremlin Gang","floor":8,"turns":4},{"damage":7,"enemies":"Lots of Slimes","floor":11,"turns":5},{"damage":12,"enemies":"Exordium Wildlife","floor":13,"turns":2},{"damage":1,"enemies":"Exordium Thugs","floor":14,"turns":2},{"damage":23,"enemies":"The Guardian","floor":16,"turns":16},{"damage":0,"enemies":"theJungle:MUSHROOMGANG","floor":18,"turns":5},{"damage":8,"enemies":"Shell Parasite","floor":19,"turns":8},{"damage":7,"enemies":"theJungle:Lyon","floor":20,"turns":5},{"damage":0,"enemies":"theJungle:Snecko_Cultist_And_Trap","floor":21,"turns":8},{"damage":41,"enemies":"theJungle:2_Flameangoes","floor":22,"turns":12},{"damage":17,"enemies":"theJungle:2_Phrogs","floor":23,"turns":3}],"seed_played":"6075609644845197484","potions_obtained":[{"floor":4,"key":"PowerPotion"},{"floor":6,"key":"hermit:Tonic"},{"floor":16,"key":"Slimebound:ThreeZeroPotion"},{"floor":21,"key":"Ancient Potion"},{"floor":22,"key":"PowerPotion"}],"is_trial":false,"path_per_floor":["M","M","?","M","$","E","?","M","T","R","M","R","M","M","R","B",null,"M","M","M","M","M","E"],"character_chosen":"HERMIT","items_purchased":["hexamod:BolsterEngine","hermit:WideOpen"],"campfire_rested":2,"item_purchase_floors":[5,5],"current_hp_per_floor":[53,47,64,60,60,28,28,28,28,49,42,63,51,50,50,27,60,60,52,45,45,4,0,0],"gold":292,"neow_bonus":"HUNDRED_GOLD","is_daily":false,"chose_seed":false,"campfire_upgraded":1,"win_rate":0.0,"timestamp":1610586427,"path_taken":["M","M","?","M","$","E","?","M","T","R","M","R","?","M","R","BOSS","M","M","?","?","M","E"],"items_purchased_type":["Relic","Card"],"build_version":"2020-12-22","purchased_purges":0,"victory":false,"max_hp_per_floor":[71,71,71,71,71,71,71,71,71,71,71,71,71,71,71,71,71,71,71,71,71,71,71,71],"card_choices":[{"not_picked":["hermit:BodyArmor","hermit:Vantage"],"picked":"hermit:Spite","floor":1},{"not_picked":["hermit:Misfire","hermit:BodyArmor"],"picked":"hermit:ShadowCloak","floor":2},{"not_picked":["hermit:Dive","hermit:Desperado"],"picked":"hermit:Malice","floor":4},{"not_picked":["hermit:FromBeyond","hermit:DeadMansHand"],"picked":"hermit:Spite","floor":6},{"not_picked":["hermit:HoleUp","hermit:ItchyTrigger"],"picked":"hermit:Feint","floor":8},{"not_picked":["hermit:LoneWolf","hermit:Deadeye"],"picked":"hermit:FlashPowder","floor":11},{"not_picked":["hermit:Deadeye","hermit:Vantage"],"picked":"hermit:Misfire","floor":12},{"not_picked":["hermit:LowProfile","hermit:Snipe","hermit:EyeOfTheStorm"],"picked":"SKIP","floor":13},{"not_picked":["hermit:Shortfuse","hermit:Coalescence","hermit:Enervate"],"picked":"SKIP","floor":14},{"not_picked":["hermit:OverwhelmingPower","hermit:BlackWind"],"picked":"hermit:Adapt","floor":16},{"not_picked":["hermit:Vantage","hermit:Coalescence","hermit:CursedWeapon"],"picked":"SKIP","floor":18},{"not_picked":["hermit:Desperado","hermit:Glare"],"picked":"hermit:WideOpen+1","floor":19},{"not_picked":["hermit:Deadeye","hermit:Ricochet"],"picked":"hermit:Brawl","floor":20},{"not_picked":["hermit:Ricochet","hermit:Enervate"],"picked":"hermit:Manifest","floor":21},{"not_picked":["hermit:Snipe","hermit:Vantage"],"picked":"hermit:Feint+1","floor":22}],"player_experience":3211167,"relics_obtained":[{"floor":1,"key":"LetterFromLob"},{"floor":6,"key":"hermit:RyeStalk"},{"floor":9,"key":"Dream Catcher"}],"event_choices":[{"damage_healed":17,"gold_gain":0,"player_choice":"Healed","damage_taken":0,"max_hp_gain":0,"max_hp_loss":0,"event_name":"The Cleric","floor":3,"gold_loss":35},{"damage_healed":0,"gold_gain":0,"player_choice":"Box","damage_taken":0,"relics_obtained":["Replay:Baseball"],"max_hp_gain":0,"max_hp_loss":0,"event_name":"Big Fish","floor":7,"gold_loss":0,"cards_obtained":["Regret"]}],"is_beta":false,"boss_relics":[{"not_picked":["conspire:RunicOctahedron","Pandora\u0027s Box"],"picked":"Kintsugi"}],"items_purged_floors":[],"is_endless":false,"potions_floor_spawned":[4,6,8,11,16,21,22],"killed_by":"theJungle:2_Phrogs","ascension_level":14}}