{"host":"i0avyit1s6jb1siw","time":1610662828,"event":{"mods":["BaseMod","DeckTracker","Dota2Spire","Highlight Path","Minty Spire (QoL Compilation)","Quick Restart","StSLib","SuperFastMode"],"gold_per_floor":[118,137,212,229,245,245,274,293,293,303,303,315,28,28,28,107,107,7,7,7,18,37,37,62,112,112,112,131,131,131],"floor_reached":29,"language":"ENG","playtime":857,"items_purged":["Strike_G"],"score":490,"play_id":"5b19c4ad-6bf4-4d06-b1c0-63be899771af","local_time":"20210114232028","is_ascension_mode":true,"campfire_choices":[{"data":"Neutralize","floor":6.0,"key":"SMITH"},{"floor":15.0,"key":"REST"},{"data":"Prepared","floor":23,"key":"SMITH"},{"data":"Phantasmal Killer","floor":27,"key":"SMITH"}],"circlet_count":0,"master_deck":["AscendersBane","Strike_G+1","Strike_G+1","Strike_G+1","Strike_G+1","Defend_G+1","Defend_G+1","Defend_G+1","Defend_G+1","Defend_G+1","Survivor","Neutralize+1","Reflex","Dash","After Image","Quick Slash","Predator","Deflect","Prepared+1","Dagger Throw","Phantasmal Killer+1","Backflip+1","Setup+1","Tactician"],"relics":["Ring of the Serpent","Dota2Spire:Butterfly","Bird Faced Urn","Pocketwatch","ClockworkSouvenir","Dota2Spire:OrchidMalevolence"],"acts_visited":["Exordium","TheCity"],"potions_floor_usage":[24],"damage_taken":[{"damage":0.0,"enemies":"2 Louse","floor":1.0,"turns":3.0},{"damage":2.0,"enemies":"Jaw Worm","floor":2.0,"turns":6.0},{"damage":0.0,"enemies":"Small Slimes","floor":4.0,"turns":4.0},{"damage":10.0,"enemies":"Exordium Thugs","floor":5.0,"turns":7.0},{"damage":29.0,"enemies":"3 Sentries","floor":7.0,"turns":13.0},{"damage":1.0,"enemies":"3 Louse","floor":8.0,"turns":4.0},{"damage":0.0,"enemies":"Lots of Slimes","floor":10.0,"turns":6.0},{"damage":0.0,"enemies":"2 Fungi Beasts","floor":12.0,"turns":4.0},{"damage":11.0,"enemies":"The Guardian","floor":16.0,"turns":18.0},{"damage":7.0,"enemies":"2 Thieves","floor":18.0,"turns":5.0},{"damage":0,"enemies":"Chosen","floor":21,"turns":5},{"damage":1,"enemies":"Snake Plant","floor":22,"turns":5},{"damage":9,"enemies":"Slavers","floor":24,"turns":10},{"damage":0,"enemies":"Cultist and Chosen","floor":28,"turns":6},{"damage":75,"enemies":"Gremlin Leader","floor":29,"turns":9}],"seed_played":"5818951531343765282","potions_obtained":[{"floor":1.0,"key":"CunningPotion"},{"floor":4.0,"key":"Regen Potion"},{"floor":8.0,"key":"ColorlessPotion"},{"floor":10.0,"key":"PowerPotion"},{"floor":14.0,"key":"Block Potion"},{"floor":16.0,"key":"Regen Potion"},{"floor":24,"key":"Dexterity Potion"}],"is_trial":false,"path_per_floor":["M","M","?","M","M","R","E","M","T","M","?","M","$","?","R","B",null,"M","?","?","M","M","R","E","?","T","R","M","E"],"character_chosen":"THE_SILENT","items_purchased":["ClockworkSouvenir","Dagger Throw"],"campfire_rested":1,"item_purchase_floors":[13,13],"current_hp_per_floor":[44,42,31,31,21,21,7,8,8,10,10,12,12,12,31,24,56,51,51,51,53,54,54,62,62,62,62,64,0,0],"gold":131,"neow_bonus":"ONE_RARE_RELIC","is_daily":false,"chose_seed":false,"campfire_upgraded":3,"win_rate":0.0,"timestamp":1610662828,"path_taken":["M","M","?","M","M","R","E","M","T","M","?","M","?","?","R","BOSS","M","?","?","M","M","R","E","?","T","R","?","E"],"items_purchased_type":["Relic","Card"],"build_version":"2020-12-22","purchased_purges":1,"victory":false,"max_hp_per_floor":[66,66,66,66,66,66,66,66,66,66,66,66,66,66,66,66,66,66,66,66,66,66,66,66,66,66,66,66,66,66],"card_choices":[{"not_picked":["Underhanded Strike","Prepared"],"picked":"Reflex","floor":1.0},{"not_picked":["Sucker Punch","Slice"],"picked":"Dash","floor":2.0},{"not_picked":["Leg Sweep","Poisoned Stab"],"picked":"After Image","floor":4.0},{"not_picked":["PiercingWail","Sucker Punch"],"picked":"Quick Slash","floor":5.0},{"not_picked":["Blade Dance","Phantasmal Killer"],"picked":"Predator","floor":7.0},{"not_picked":["Underhanded Strike","Choke"],"picked":"Deflect","floor":8.0},{"not_picked":["Dagger Spray","Riddle With Holes","Reflex"],"picked":"SKIP","floor":10.0},{"not_picked":["Bane","Malaise"],"picked":"Prepared","floor":12.0},{"not_picked":["Glass Knife","Venomology"],"picked":"Phantasmal Killer","floor":16.0},{"not_picked":["Flying Knee","Riddle With Holes"],"picked":"Backflip+1","floor":18},{"not_picked":["PiercingWail","Bane","Reflex"],"picked":"SKIP","floor":21},{"not_picked":["Deadly Poison","Caltrops"],"picked":"Setup+1","floor":22},{"not_picked":["Acrobatics","Outmaneuver","All Out Attack"],"picked":"SKIP","floor":24},{"not_picked":["Masterful Stab","PiercingWail"],"picked":"Tactician","floor":28}],"player_experience":2236364,"relics_obtained":[{"floor":7.0,"key":"Bird Faced Urn"},{"floor":9.0,"key":"Pocketwatch"},{"floor":24,"key":"Dota2Spire:OrchidMalevolence"}],"event_choices":[{"damage_healed":0.0,"max_hp_gain":0.0,"max_hp_loss":0.0,"gold_gain":75.0,"event_name":"World of Goop","player_choice":"Gather Gold","floor":3.0,"gold_loss":0.0,"damage_taken":11.0},{"damage_healed":0.0,"max_hp_gain":0.0,"max_hp_loss":0.0,"gold_gain":0.0,"event_name":"Liars Game","player_choice":"Ignored","floor":11.0,"gold_loss":0.0,"damage_taken":0.0},{"damage_healed":0.0,"max_hp_gain":0.0,"max_hp_loss":0.0,"gold_gain":0.0,"event_name":"Lab","player_choice":"Got Potions","floor":14.0,"gold_loss":0.0,"damage_taken":0.0},{"damage_healed":0,"gold_gain":0,"player_choice":"Simplicity","damage_taken":0,"max_hp_gain":0,"max_hp_loss":0,"event_name":"Back to Basics","floor":19,"gold_loss":0,"cards_upgraded":["Strike_G","Strike_G","Strike_G","Strike_G","Defend_G","Defend_G","Defend_G","Defend_G","Defend_G"]},{"damage_healed":0,"gold_gain":0,"player_choice":"Ignored","damage_taken":0,"max_hp_gain":0,"max_hp_loss":0,"event_name":"The Mausoleum","floor":20,"gold_loss":0},{"damage_healed":0,"gold_gain":50,"player_choice":"Pray","damage_taken":0,"max_hp_gain":0,"max_hp_loss":0,"event_name":"Golden Shrine","floor":25,"gold_loss":0}],"is_beta":false,"boss_relics":[{"not_picked":["Fusion Hammer","SlaversCollar"],"picked":"Ring of the Serpent"}],"items_purged_floors":[13],"is_endless":false,"potions_floor_spawned":[1,4,8,10,16,24],"killed_by":"Gremlin Leader","ascension_level":20}}