{"host":"oiw60b5ins9fyx34","time":1610609039,"event":{"mods":["BaseMod","Colored Map","Colored Powertips","Minty Spire (QoL Compilation)","Permanent Neow","Quick Restart","Rare Cards Sparkle","Relic Stats","StSLib","The Cursed"],"gold_per_floor":[16,16,34,54,24,24,58,71,71,89,89,65,81,6,6,109,109,121,141,41,41,41,41,41],"floor_reached":23,"language":"JPN","playtime":1197,"items_purged":["TheCursedMod:Defend_TheCursed","TheCursedMod:Strike_TheCursed"],"score":191,"play_id":"0f5e1701-e47e-42c4-9e27-3edbbaa7263a","local_time":"20210114162359","is_ascension_mode":false,"campfire_choices":[{"data":"TheCursedMod:CleanUpWorkshop","floor":6,"key":"SMITH"},{"data":"TheCursedMod:HellfireBreathing","floor":11,"key":"SMITH"},{"data":"TheCursedMod:DarkBarrier","floor":15,"key":"SMITH"}],"circlet_count":0,"master_deck":["TheCursedMod:Strike_TheCursed","TheCursedMod:Strike_TheCursed","TheCursedMod:Defend_TheCursed","TheCursedMod:Defend_TheCursed","TheCursedMod:Defend_TheCursed","TheCursedMod:CursedWand","TheCursedMod:CleanUpWorkshop+1","TheCursedMod:Dregs","TheCursedMod:DarkBarrier+1","TheCursedMod:Wield","TheCursedMod:CircleOfAmplification","TheCursedMod:SpitefulPlan","TheCursedMod:HellfireBreathing+1","TheCursedMod:Hemoplague","TheCursedMod:RapidMovement","TheCursedMod:CursedMace","TheCursedMod:Neurasthenia","TheCursedMod:CursedAmulet","TheCursedMod:ManaBullet"],"relics":["TheCursedMod:BlackMagic101","Mummified Hand","TheCursedMod:BloodyHarpoon","TheCursedMod:OminousMark"],"acts_visited":["Exordium","TheCity"],"potions_floor_usage":[7,7,16,16,16,23],"damage_taken":[{"damage":0,"enemies":"Cultist","floor":1,"turns":3},{"damage":1,"enemies":"Jaw Worm","floor":3,"turns":4},{"damage":7,"enemies":"Small Slimes","floor":4,"turns":5},{"damage":23,"enemies":"Gremlin Nob","floor":7,"turns":4},{"damage":8,"enemies":"2 Fungi Beasts","floor":8,"turns":4},{"damage":2,"enemies":"Blue Slaver","floor":10,"turns":4},{"damage":13,"enemies":"Large Slime","floor":13,"turns":7},{"damage":17,"enemies":"The Guardian","floor":16,"turns":9},{"damage":12,"enemies":"Spheric Guardian","floor":18,"turns":4},{"damage":5,"enemies":"Chosen","floor":19,"turns":6},{"damage":38,"enemies":"Slavers","floor":23,"turns":3}],"seed_played":"-4781896813875579098","potions_obtained":[{"floor":4,"key":"Weak Potion"},{"floor":5,"key":"BlessingOfTheForge"},{"floor":5,"key":"Strength Potion"},{"floor":8,"key":"SneckoOil"},{"floor":13,"key":"AttackPotion"},{"floor":16,"key":"SpeedPotion"},{"floor":19,"key":"DistilledChaos"}],"is_trial":false,"path_per_floor":["M","?","M","M","?","R","E","M","T","M","R","$","M","$","R","B",null,"M","M","$","?","?","E"],"character_chosen":"THE_CURSED","items_purchased":["TheCursedMod:CursedMace"],"campfire_rested":0,"item_purchase_floors":[12],"current_hp_per_floor":[75,75,74,67,67,67,44,36,36,34,34,34,21,21,21,4,75,63,58,58,58,44,6,6],"gold":41,"neow_bonus":"THREE_RARE_CARDS","is_daily":false,"chose_seed":false,"campfire_upgraded":3,"win_rate":0.0,"timestamp":1610609039,"path_taken":["M","?","M","M","?","R","E","M","T","M","R","$","?","$","R","BOSS","M","M","$","?","?","E"],"items_purchased_type":["Card"],"build_version":"2020-12-22","purchased_purges":2,"victory":false,"max_hp_per_floor":[75,75,75,75,75,75,75,75,75,75,75,75,75,75,75,75,75,75,75,75,75,80,80,80],"relic_stats":{"counters":[11,53],"Mummified Hand":[25],"obtain_stats":[{"TheCursedMod:BloodyHarpoon":9,"TheCursedMod:BlackMagic101":0,"TheCursedMod:OminousMark":17,"Mummified Hand":7},{"TheCursedMod:BloodyHarpoon":5,"TheCursedMod:BlackMagic101":0,"TheCursedMod:OminousMark":8,"Mummified Hand":4},{"TheCursedMod:BloodyHarpoon":20,"TheCursedMod:BlackMagic101":0,"TheCursedMod:OminousMark":40,"Mummified Hand":16}]},"card_choices":[{"not_picked":["TheCursedMod:CursedRelics","TheCursedMod:UltimatePain"],"picked":"TheCursedMod:DarkBarrier","floor":0},{"not_picked":["TheCursedMod:CursedBlade","TheCursedMod:RavingStaff"],"picked":"TheCursedMod:Wield","floor":1},{"not_picked":["TheCursedMod:CircleOfBlood","TheCursedMod:SurpriseAttack"],"picked":"TheCursedMod:SpitefulPlan","floor":3},{"not_picked":["TheCursedMod:VitalStrike","TheCursedMod:SpitefulPlan"],"picked":"TheCursedMod:HellfireBreathing","floor":4},{"not_picked":["TheCursedMod:ReleasedKnowledge","TheCursedMod:Wield"],"picked":"TheCursedMod:Hemoplague","floor":7},{"not_picked":["TheCursedMod:TroublousMinions","TheCursedMod:BloodBarrier"],"picked":"TheCursedMod:RapidMovement","floor":8},{"not_picked":["TheCursedMod:WearCloak","TheCursedMod:CircleOfAmplification","TheCursedMod:SpitefulPlan"],"picked":"SKIP","floor":10},{"not_picked":["TheCursedMod:Obscuration","TheCursedMod:CircleOfCorruption","TheCursedMod:UltimatePain"],"picked":"SKIP","floor":13},{"not_picked":["TheCursedMod:CircleOfAbyss","TheCursedMod:ShockAndAwe"],"picked":"TheCursedMod:Neurasthenia","floor":16},{"not_picked":["TheCursedMod:Evocation","TheCursedMod:CircleOfFocus","TheCursedMod:Wield"],"picked":"SKIP","floor":18},{"not_picked":["TheCursedMod:PrepareRite","TheCursedMod:SaltUponWound"],"picked":"TheCursedMod:CursedAmulet","floor":19}],"player_experience":664063,"relics_obtained":[{"floor":7,"key":"Mummified Hand"},{"floor":9,"key":"TheCursedMod:BloodyHarpoon"}],"event_choices":[{"damage_healed":0,"gold_gain":0,"cards_transformed":["TheCursedMod:Strike_TheCursed"],"player_choice":"Change","damage_taken":0,"max_hp_gain":0,"max_hp_loss":0,"event_name":"Living Wall","floor":2,"gold_loss":0,"cards_obtained":["TheCursedMod:CircleOfAmplification"]},{"damage_healed":0,"gold_gain":0,"player_choice":"Bought 2 Potions","damage_taken":0,"max_hp_gain":0,"max_hp_loss":0,"event_name":"The Woman in Blue","floor":5,"gold_loss":0},{"damage_healed":0,"gold_gain":0,"player_choice":"Read","damage_taken":0,"max_hp_gain":0,"max_hp_loss":0,"event_name":"The Library","floor":21,"gold_loss":0,"cards_obtained":["TheCursedMod:ManaBullet"]},{"damage_healed":0,"gold_gain":0,"player_choice":"Shed Blood","damage_taken":19,"max_hp_gain":5,"max_hp_loss":0,"event_name":"Forgotten Altar","floor":22,"gold_loss":0}],"is_beta":false,"boss_relics":[{"not_picked":["Snecko Eye","Philosopher\u0027s Stone"],"picked":"TheCursedMod:OminousMark"}],"items_purged_floors":[14,20],"is_endless":false,"potions_floor_spawned":[4,8,13,16,19],"killed_by":"Slavers","ascension_level":0}}