{"host":"vyjryxuuuxkt43k4","time":1610583090,"event":{"mods":["BaseMod","Colored Map","DeckTracker","Minty Spire (QoL Compilation)","Permanent Neow","Quick Restart","StSLib","SuperFastMode","everything is the same but u backflip on backflip"],"gold_per_floor":[109,125,125,145,165,165,185,205,231,248,274,49,14,32,32,134,134,146,146,0,0,99,131,131,131,131,131,131],"floor_reached":27,"language":"KOR","playtime":1115,"items_purged":["Strike_G"],"score":245,"play_id":"e766ccc4-4014-4f0d-b5c6-92a1594bf311","local_time":"20210114091130","is_ascension_mode":true,"campfire_choices":[{"floor":6.0,"key":"REST"},{"data":"Backstab","floor":15.0,"key":"SMITH"},{"floor":24.0,"key":"RECALL"}],"circlet_count":0,"master_deck":["Strike_G","Strike_G","Strike_G","Defend_G","Defend_G+1","Defend_G+1","Defend_G+1","Defend_G","Survivor","Neutralize+1","Dagger Throw+1","Dodge and Roll","Dagger Spray","Masterful Stab","Cloak And Dagger","Dagger Spray","Poisoned Stab","PiercingWail","Backstab+1","Die Die Die","Terror","PiercingWail"],"relics":["Ring of the Snake","War Paint","Sundial","Vajra","Fusion Hammer","Happy Flower","Nunchaku","Gremlin Horn"],"acts_visited":["Exordium","TheCity"],"potions_floor_usage":[],"damage_taken":[{"damage":0.0,"enemies":"2 Louse","floor":1.0,"turns":4.0},{"damage":2.0,"enemies":"Small Slimes","floor":2.0,"turns":3.0},{"damage":0.0,"enemies":"Jaw Worm","floor":4.0,"turns":3.0},{"damage":14.0,"enemies":"Large Slime","floor":5.0,"turns":7.0},{"damage":0.0,"enemies":"2 Fungi Beasts","floor":7.0,"turns":2.0},{"damage":12.0,"enemies":"Exordium Thugs","floor":8.0,"turns":7.0},{"damage":7.0,"enemies":"Large Slime","floor":10.0,"turns":5.0},{"damage":4.0,"enemies":"3 Sentries","floor":11.0,"turns":5.0},{"damage":4.0,"enemies":"Looter","floor":14.0,"turns":2.0},{"damage":43.0,"enemies":"The Guardian","floor":16.0,"turns":17.0},{"damage":0.0,"enemies":"2 Thieves","floor":18.0,"turns":3.0},{"damage":7.0,"enemies":"Book of Stabbing","floor":23.0,"turns":5.0},{"damage":0,"enemies":"Chosen","floor":27,"turns":1}],"seed_played":"-2032377425429364115","potions_obtained":[{"floor":1.0,"key":"DuplicationPotion"},{"floor":10.0,"key":"Ancient Potion"},{"floor":14.0,"key":"ColorlessPotion"},{"floor":16.0,"key":"ColorlessPotion"},{"floor":18.0,"key":"Fire Potion"}],"is_trial":false,"path_per_floor":["M","M","?","M","M","R","M","M","T","M","E","$","?","M","R","B",null,"M","?","$","?","?","E","R","?","T","M"],"character_chosen":"THE_SILENT","items_purchased":["Vajra","Happy Flower"],"campfire_rested":1,"item_purchase_floors":[12,20],"current_hp_per_floor":[70,68,54,54,40,61,61,49,49,42,38,38,55,51,51,8,70,70,70,70,70,70,63,63,63,63,63,63],"gold":131,"neow_bonus":"UPGRADE_CARD","is_daily":false,"chose_seed":false,"campfire_upgraded":1,"win_rate":0.0,"timestamp":1610583090,"path_taken":["M","M","?","M","M","R","M","M","T","M","E","$","?","M","R","BOSS","M","?","$","?","?","E","R","?","T","M"],"items_purchased_type":["Relic","Relic"],"build_version":"2020-12-22","purchased_purges":1,"victory":false,"max_hp_per_floor":[70,70,70,70,70,70,70,70,70,70,70,70,70,70,70,70,70,70,70,70,70,70,70,70,70,70,70,70],"card_choices":[{"not_picked":["Heel Hook","Predator"],"picked":"Dagger Throw","floor":1.0},{"not_picked":["PiercingWail","Blade Dance"],"picked":"Dodge and Roll","floor":2.0},{"not_picked":["Cloak And Dagger","Accuracy"],"picked":"Dagger Spray","floor":4.0},{"not_picked":["PiercingWail","Bane"],"picked":"Masterful Stab","floor":5.0},{"not_picked":["Escape Plan","Caltrops"],"picked":"Cloak And Dagger","floor":7.0},{"not_picked":["Wraith Form v2","Caltrops"],"picked":"Dagger Spray","floor":8.0},{"not_picked":["Slice","Dagger Spray"],"picked":"Poisoned Stab","floor":10.0},{"not_picked":["Calculated Gamble","Dagger Throw"],"picked":"PiercingWail","floor":11.0},{"not_picked":["Acrobatics","Escape Plan"],"picked":"Backstab","floor":14.0},{"not_picked":["Phantasmal Killer","Wraith Form v2"],"picked":"Die Die Die","floor":16.0},{"not_picked":["Dodge and Roll+1","Bouncing Flask+1"],"picked":"Terror","floor":18.0},{"not_picked":["Setup","Infinite Blades"],"picked":"PiercingWail","floor":23.0}],"player_experience":259691,"relics_obtained":[{"floor":9.0,"key":"War Paint"},{"floor":11.0,"key":"Sundial"},{"floor":23.0,"key":"Nunchaku"},{"floor":26,"key":"Gremlin Horn"}],"event_choices":[{"damage_healed":0.0,"max_hp_gain":0.0,"max_hp_loss":0.0,"gold_gain":0.0,"event_name":"Shining Light","player_choice":"Entered Light","floor":3.0,"gold_loss":0.0,"damage_taken":14.0,"cards_upgraded":["Defend_G","Dagger Throw"]},{"damage_healed":17.0,"max_hp_gain":0.0,"max_hp_loss":0.0,"gold_gain":0.0,"event_name":"The Cleric","player_choice":"Healed","floor":13.0,"gold_loss":35.0,"damage_taken":0.0},{"damage_healed":0.0,"max_hp_gain":0.0,"max_hp_loss":0.0,"gold_gain":0.0,"event_name":"Vampires","player_choice":"Ignored","floor":19.0,"gold_loss":0.0,"damage_taken":0.0},{"damage_healed":0.0,"max_hp_gain":0.0,"max_hp_loss":0.0,"gold_gain":0.0,"event_name":"Ghosts","player_choice":"Ignored","floor":21.0,"gold_loss":0.0,"damage_taken":0.0},{"damage_healed":0.0,"max_hp_gain":0.0,"max_hp_loss":0.0,"gold_gain":99.0,"event_name":"Nest","player_choice":"Stole From Cult","floor":22.0,"gold_loss":0.0,"damage_taken":0.0},{"cards_removed":["Strike_G"],"damage_healed":0.0,"max_hp_gain":0.0,"max_hp_loss":0.0,"gold_gain":0.0,"event_name":"Back to Basics","player_choice":"Elegance","floor":25.0,"gold_loss":0.0,"damage_taken":0.0}],"is_beta":false,"boss_relics":[{"not_picked":["Calling Bell","Velvet Choker"],"picked":"Fusion Hammer"}],"items_purged_floors":[12],"is_endless":false,"potions_floor_spawned":[1,10,14,16,18],"killed_by":"Chosen","ascension_level":1}}