{"host":"y3h3n3f7seyagppx","time":1610638566,"event":{"mods":["AlwaysNeverKeys","BaseMod","Better Vampires","Colored Powertips","DeckTracker","Emptier Cage","Minty Spire (QoL Compilation)","Permanent Neow","Quick Restart","Rare Cards Sparkle","Relic Sorter","Relic Stats","StSLib","Transform Curses"],"gold_per_floor":[113,123,137,148,165,165,165],"floor_reached":6,"language":"ENG","playtime":586,"items_purged":[],"score":80,"play_id":"6b1a681a-0226-4e5c-b64a-bc91c410a444","local_time":"20210114103606","is_ascension_mode":true,"campfire_choices":[],"circlet_count":0,"master_deck":["AscendersBane","Strike_R","Strike_R","Strike_R","Defend_R","Defend_R","Defend_R","Defend_R","Bash","Bloodletting","Feed","Armaments","Clothesline","Anger","Exhume"],"relics":["Burning Blood"],"acts_visited":["Exordium"],"potions_floor_usage":[4],"damage_taken":[{"damage":4,"enemies":"Small Slimes","floor":1,"turns":3},{"damage":6,"enemies":"Jaw Worm","floor":2,"turns":4},{"damage":0,"enemies":"2 Louse","floor":3,"turns":3},{"damage":44,"enemies":"Gremlin Gang","floor":4,"turns":7},{"damage":12,"enemies":"Exordium Thugs","floor":5,"turns":5},{"damage":49,"enemies":"Gremlin Nob","floor":6,"turns":4}],"seed_played":"-1285667205855084924","potions_obtained":[{"floor":2,"key":"Block Potion"}],"is_trial":false,"path_per_floor":["M","M","M","M","M","E"],"character_chosen":"IRONCLAD","items_purchased":[],"campfire_rested":0,"item_purchase_floors":[],"current_hp_per_floor":[71,74,77,43,40,0,0],"gold":165,"neow_bonus":"TRANSFORM_TWO_CARDS","is_daily":false,"chose_seed":false,"campfire_upgraded":0,"win_rate":0.0,"timestamp":1610638566,"path_taken":["M","M","M","M","M","E"],"items_purchased_type":[],"build_version":"2020-12-22","purchased_purges":0,"victory":false,"max_hp_per_floor":[71,74,77,81,84,84,84],"relic_stats":{"counters":[6,26],"obtain_stats":[{"Burning Blood":0},{"Burning Blood":0},{"Burning Blood":0}],"Burning Blood":22},"card_choices":[{"not_picked":["Thunderclap","Pommel Strike"],"picked":"Armaments","floor":1},{"not_picked":["Iron Wave","Clash"],"picked":"Clothesline","floor":2},{"not_picked":["Cleave","Clash","Body Slam"],"picked":"SKIP","floor":3},{"not_picked":["Headbutt","Sever Soul"],"picked":"Anger","floor":4},{"not_picked":["Body Slam","Sword Boomerang"],"picked":"Exhume","floor":5}],"player_experience":20878035,"relics_obtained":[],"event_choices":[],"is_beta":false,"boss_relics":[],"items_purged_floors":[],"is_endless":false,"potions_floor_spawned":[2],"killed_by":"Gremlin Nob","ascension_level":20}}