{"host":"hbmugw1tcdgjy91l","time":1610593109,"event":{"mods":["Act Like it!","Arknights The Spire","BaseMod","Chen","Downfall","Gensokyo","Gremlin Mod","GungeonMod","Lobotomy","LobotomyExtend","Mari Mod (Legacy)","Mari\u0027s V1 Patch","Minty Spire (QoL Compilation)","Pale of the Ancients","Prisma Mod","READ ME - Guardian Mod","Replay The Spire","StSLib","Td1madao Mod","TestMod","The Animator","The Bug Knight","The Mystic","WarShipGirlsR/战舰少女R mod","vexMod","【功能Mod】混沌之环修复补丁"],"gold_per_floor":[113,123,4,4,22,56,56,85,159,159,169,149,149,165,165,263,263,277,297,94,94,94,121,121,155,155,155,155],"floor_reached":27,"language":"ZHS","playtime":2127,"items_purged":[],"score":259,"play_id":"82474f1f-70e4-4a50-ac62-8b592683f5c8","local_time":"20210114105829","is_ascension_mode":false,"campfire_choices":[{"data":"ats:Neurotoxin","floor":10,"key":"SMITH"},{"data":"ats:Composite Medical Shells","floor":13,"key":"SMITH"},{"floor":15,"key":"REST"},{"floor":24,"key":"REST"}],"circlet_count":0,"master_deck":["ats:Strike C","ats:Strike S","ats:Armor Crushing Shot","ats:Defend","ats:Defend","ats:Defend","ats:Defend","ats:Neurotoxin+1","ats:Consecutive Shot Auto","ats:Apocalypse","ats:Poison Spread","ats:Composite Medical Shells+1","ats:Roar Of Ursus","ats:Thorns+1","Gensokyo:BlemishedSteel","Gensokyo:TarnishedGold","ats:Calcification","ats:Nebulous Foxfire","ats:Curse Doll+1"],"relics":["ats:Sanity","testmod-TestBox","CogitoBucket","LetterFromLob","Gensokyo:Justice","DemoMod:ClearGuonStone","ats:Originium","testmod-BalancedPeriapt","DemoMod:Bottle","DemoMod:LamentConfigurum","Garlic","DemoMod:GreenGuonStone","Matryoshka","testmod-Temperance","Calipers","testmod-CasingShield","ats:Hidden Killer","Blood Vial","vexMod:FocusSash","Regal Pillow","testmod-IndustrialRevolution"],"acts_visited":["Gensokyo:Gensokyo","Gensokyo:Gensokyoer"],"potions_floor_usage":[6,14,16,27],"damage_taken":[{"damage":6,"enemies":"Gensokyo:3_Fairies","floor":1,"turns":5},{"damage":9,"enemies":"Gensokyo:2_Kodama","floor":2,"turns":5},{"damage":11,"enemies":"Gensokyo:Gryphon","floor":5,"turns":4},{"damage":14,"enemies":"Gensokyo:Mamizou","floor":6,"turns":9},{"damage":23,"enemies":"Gensokyo:Cirno","floor":8,"turns":6},{"damage":7,"enemies":"Gensokyo:LivingMonolith","floor":11,"turns":5},{"damage":35,"enemies":"Gensokyo:Python_and_Kodama","floor":14,"turns":4},{"damage":36,"enemies":"Gensokyo:Kokoro","floor":16,"turns":9},{"damage":12,"enemies":"Gensokyo:AngelMirror","floor":18,"turns":6},{"damage":23,"enemies":"Gensokyo:CosmicMonolith","floor":19,"turns":5},{"damage":43,"enemies":"Gensokyo:Reisen","floor":23,"turns":13},{"damage":45,"enemies":"Gensokyo:Koishi","floor":25,"turns":12},{"damage":46,"enemies":"Gensokyo:Wraith","floor":27,"turns":3}],"seed_played":"-4743652790282443420","potions_obtained":[{"floor":2,"key":"Fire Potion"},{"floor":8,"key":"SkillPotion"},{"floor":14,"key":"PowerPotion"},{"floor":16,"key":"BlessingOfTheForge"},{"floor":25,"key":"Elixir"}],"is_trial":false,"path_per_floor":["M","M","COS","?","M","E","?","E","T","R","M","?","R","M","R","B",null,"M","M","COS","?","?","E","R","E","T","M"],"character_chosen":"DOCTOR_CLASS","items_purchased":[],"campfire_rested":2,"item_purchase_floors":[],"current_hp_per_floor":[66,57,57,57,46,48,48,33,33,33,34,34,34,19,40,22,72,64,45,45,45,45,17,38,23,23,0,0],"gold":155,"neow_bonus":"","is_daily":false,"chose_seed":false,"campfire_upgraded":2,"win_rate":0.0,"timestamp":1610593109,"path_taken":["M","M","COS","?","M","E","?","E","T","R","M","?","R","M","R","BOSS","M","M","COS","?","?","E","R","E","T","M"],"items_purchased_type":[],"build_version":"2020-12-22","purchased_purges":0,"victory":false,"max_hp_per_floor":[72,72,72,72,72,72,72,72,72,72,72,72,72,72,72,72,72,72,72,72,72,72,72,72,72,72,72,72],"card_choices":[{"not_picked":["OldLady","Alriune"],"picked":"OSAHOGD","floor":1},{"not_picked":["ats:Song Of Battle","ats:Powerful Strike"],"picked":"ats:Neurotoxin","floor":1},{"not_picked":["ats:Assault Order","ats:Flexible Camouflage"],"picked":"ats:Consecutive Shot Auto","floor":2},{"not_picked":["ats:Sword Rain","ats:Consecutive Shot Auto"],"picked":"ats:Apocalypse","floor":5},{"not_picked":["ats:Overload","ats:Mental Burst","ats:Chain Hook"],"picked":"SKIP","floor":6},{"not_picked":["ats:Flame Of Heaven","ats:Cat Scratch","ats:Assault Order"],"picked":"SKIP","floor":8},{"not_picked":["ats:Roar Of Ursus","ats:Red Shift"],"picked":"ats:Poison Spread","floor":11},{"not_picked":[],"picked":"ats:Composite Medical Shells","floor":12},{"not_picked":["ats:Consecutive Shot Auto","ats:Curse Doll","ats:Apocalypse"],"picked":"SKIP","floor":14},{"not_picked":["ats:Shadow Assault","ats:Dogmatic Field"],"picked":"ats:Roar Of Ursus","floor":16},{"not_picked":["ats:Revitalization","ats:Poison Spread"],"picked":"ats:Thorns+1","floor":18},{"not_picked":["ats:Encircling Forest","ats:True Silver Slash","ats:Hammer On"],"picked":"SKIP","floor":19},{"not_picked":["ats:Apocalypse+1","ats:Poison Spread"],"picked":"ats:Nebulous Foxfire","floor":23},{"not_picked":["ats:Song Of Battle","ats:Nebulous Foxfire"],"picked":"ats:Curse Doll+1","floor":25}],"player_experience":432071,"relics_obtained":[{"floor":1,"key":"LetterFromLob"},{"floor":6,"key":"ats:Originium"},{"floor":6,"key":"testmod-BalancedPeriapt"},{"floor":8,"key":"DemoMod:LamentConfigurum"},{"floor":8,"key":"ats:Originium"},{"floor":9,"key":"Garlic"},{"floor":23,"key":"testmod-CasingShield"},{"floor":23,"key":"ats:Originium"},{"floor":25,"key":"Blood Vial"},{"floor":26,"key":"vexMod:FocusSash"},{"floor":26,"key":"Regal Pillow"}],"event_choices":[],"is_beta":false,"boss_relics":[{"not_picked":["Pandora\u0027s Box","Empty Cage"],"picked":"testmod-Temperance"}],"items_purged_floors":[],"is_endless":false,"potions_floor_spawned":[2,8,14,16,25],"killed_by":"Gensokyo:Wraith","ascension_level":0}}