{"host":"ygfasg9u7olr7skw","time":1610587366,"event":{"mods":["AchievementEnabler","BaseMod","Better Note","Better Vampires","Colored Powertips","Minty Spire (QoL Compilation)","Replay The Spire","Spicy Shops","StSLib","The IronCluck"],"gold_per_floor":[115,35,52,52,62,89,89,89,89],"floor_reached":8,"language":"ENG","playtime":440,"items_purged":[],"score":64,"play_id":"b4adda44-9b1c-48f3-bfa0-aed879159cc7","local_time":"20210113202246","is_ascension_mode":true,"campfire_choices":[{"floor":7,"key":"REST"}],"circlet_count":0,"master_deck":["Strike_B","Strike_B","Strike_B","Strike_B","Defend_B","Defend_B","Defend_B","Defend_B","Zap","Dualcast","Genetic Algorithm","Steam","Cold Snap"],"relics":["Cracked Core","Ancient Tea Set","Omamori"],"acts_visited":["Exordium"],"potions_floor_usage":[6,6],"damage_taken":[{"damage":2,"enemies":"Jaw Worm","floor":1,"turns":3},{"damage":0,"enemies":"Small Slimes","floor":3,"turns":3},{"damage":0,"enemies":"Cultist","floor":5,"turns":3},{"damage":26,"enemies":"Lagavulin","floor":6,"turns":7},{"damage":63,"enemies":"Gremlin Nob","floor":8,"turns":4}],"seed_played":"8074293979832244487","potions_obtained":[{"floor":3,"key":"Energy Potion"},{"floor":5,"key":"Swift Potion"}],"is_trial":false,"path_per_floor":["M","$","M","?","M","E","R","E"],"character_chosen":"DEFECT","items_purchased":["Genetic Algorithm"],"campfire_rested":1,"item_purchase_floors":[2],"current_hp_per_floor":[80,80,80,55,55,29,53,0,0],"gold":89,"neow_bonus":"TEN_PERCENT_HP_BONUS","is_daily":false,"chose_seed":false,"campfire_upgraded":0,"win_rate":0.0,"timestamp":1610587366,"path_taken":["M","$","M","?","M","E","R","E"],"items_purchased_type":["Card"],"build_version":"2020-12-22","purchased_purges":0,"victory":false,"max_hp_per_floor":[82,82,82,82,82,82,82,82,82],"card_choices":[{"not_picked":["Cold Snap","Capacitor","Compile Driver"],"picked":"SKIP","floor":1},{"not_picked":["Sunder","Turbo"],"picked":"Steam","floor":3},{"not_picked":["Steam","ReplaySolidLightProjector"],"picked":"Cold Snap","floor":5},{"not_picked":["Capacitor","Coolheaded","Hologram"],"picked":"SKIP","floor":6}],"player_experience":279565,"relics_obtained":[{"floor":6,"key":"Omamori"}],"event_choices":[{"damage_healed":0,"gold_gain":0,"player_choice":"Success","damage_taken":25,"relics_obtained":["Ancient Tea Set"],"max_hp_gain":0,"max_hp_loss":0,"event_name":"Scrap Ooze","floor":4,"gold_loss":0}],"is_beta":false,"boss_relics":[],"items_purged_floors":[],"is_endless":false,"potions_floor_spawned":[3,5],"killed_by":"Gremlin Nob","ascension_level":3}}