{"host":"wha9hktbkslqvblg","time":1610632803,"event":{"mods":["BaseMod","Colored Map","Minty Spire (QoL Compilation)","Relic Stats","SuperFastMode","everything is the same but u backflip on backflip"],"gold_per_floor":[116,116,130,130,55,55,86,86,86,105,138,138,158,192,192,266,266,282,301,201,221,221,221,58,58,82,108,125,157,157,21,21,98,98,117,134,153,167,117,146,146,146,146,7,7,27,43,55,55,55,55,55,55,55,82,82],"floor_reached":57,"language":"KOR","playtime":1228,"items_purged":["Strike_R","Strike_R","Strike_R","Hemokinesis+1","Bash+1"],"score":3390,"play_id":"61792d3c-292b-40a5-ad62-ab87f88cbeef","local_time":"20210114230003","is_ascension_mode":true,"campfire_choices":[{"data":"Pommel Strike","floor":6.0,"key":"SMITH"},{"data":"Hemokinesis","floor":8.0,"key":"SMITH"},{"data":"Bash","floor":15.0,"key":"SMITH"},{"data":"Barricade","floor":23,"key":"SMITH"},{"data":"Shrug It Off","floor":25,"key":"SMITH"},{"data":"Entrench","floor":32,"key":"SMITH"},{"data":"Body Slam","floor":41,"key":"SMITH"},{"floor":49,"key":"RECALL"},{"data":"Bloodletting","floor":53,"key":"SMITH"}],"circlet_count":0,"master_deck":["AscendersBane","Pommel Strike+1","Shrug It Off+1","Barricade+1","True Grit+1","Body Slam+1","Entrench+1","Bloodletting+1"],"relics":["Burning Blood","NeowsBlessing","Ancient Tea Set","Mercury Hourglass","Paper Frog","Eternal Feather","Magic Flower","Coffee Dripper","Ice Cream","TheAbacus","Smiling Mask","Bag of Preparation","War Paint","Pandora\u0027s Box","Potion Belt","Orichalcum"],"acts_visited":["Exordium","TheCity","TheBeyond","TheEnding"],"potions_floor_usage":[16,56,56,56,56],"damage_taken":[{"damage":0.0,"enemies":"Jaw Worm","floor":1.0,"turns":1.0},{"damage":0.0,"enemies":"Small Slimes","floor":3.0,"turns":1.0},{"damage":0.0,"enemies":"3 Sentries","floor":7.0,"turns":2.0},{"damage":2.0,"enemies":"Cultist","floor":10.0,"turns":2.0},{"damage":18.0,"enemies":"Lagavulin","floor":11.0,"turns":5.0},{"damage":8.0,"enemies":"Exordium Wildlife","floor":13.0,"turns":2.0},{"damage":2.0,"enemies":"Gremlin Nob","floor":14.0,"turns":2.0},{"damage":37,"enemies":"Slime Boss","floor":16,"turns":8},{"damage":20,"enemies":"Shell Parasite","floor":18,"turns":3},{"damage":5,"enemies":"Spheric Guardian","floor":19,"turns":5},{"damage":7,"enemies":"Centurion and Healer","floor":21,"turns":5},{"damage":17,"enemies":"Snake Plant","floor":28,"turns":3},{"damage":10,"enemies":"Gremlin Leader","floor":29,"turns":6},{"damage":2,"enemies":"Automaton","floor":33,"turns":6},{"damage":17,"enemies":"3 Shapes","floor":35,"turns":4},{"damage":0,"enemies":"3 Darklings","floor":36,"turns":4},{"damage":0,"enemies":"Sphere and 2 Shapes","floor":37,"turns":4},{"damage":12,"enemies":"Jaw Worm Horde","floor":38,"turns":4},{"damage":0,"enemies":"Nemesis","floor":40,"turns":5},{"damage":6,"enemies":"Writhing Mass","floor":46,"turns":2},{"damage":3,"enemies":"Spire Growth","floor":47,"turns":2},{"damage":6,"enemies":"Jaw Worm Horde","floor":48,"turns":2},{"damage":6,"enemies":"Time Eater","floor":50,"turns":4},{"damage":6,"enemies":"Donu and Deca","floor":51,"turns":5},{"damage":3,"enemies":"Shield and Spear","floor":55,"turns":2},{"damage":3,"enemies":"The Heart","floor":56,"turns":7}],"seed_played":"-351980940905072140","potions_obtained":[{"floor":3.0,"key":"SpeedPotion"},{"floor":10.0,"key":"Ancient Potion"},{"floor":13.0,"key":"Dexterity Potion"},{"floor":18,"key":"Ancient Potion"},{"floor":21,"key":"HeartOfIron"},{"floor":35,"key":"CultistPotion"},{"floor":45,"key":"PowerPotion"},{"floor":45,"key":"Ancient Potion"},{"floor":47,"key":"Dexterity Potion"}],"is_trial":false,"path_per_floor":["M","?","M","T","$","R","E","R","T","M","E","?","M","E","R","B",null,"M","M","$","M","?","R","$","R","T","T","M","E","?","$","R","B",null,"M","M","M","M","$","E","R","?","T","$","?","M","M","M","R","B","B",null,"R","$","E","B",null],"character_chosen":"IRONCLAD","items_purchased":["TheAbacus","Entrench","Bloodletting"],"campfire_rested":0,"item_purchase_floors":[24,31,44],"current_hp_per_floor":[74,51,57,57,57,57,63,63,63,67,55,48,46,50,56,28,63,52,56,56,58,58,64,64,70,70,70,62,61,61,61,67,74,75,67,75,75,72,72,75,75,75,75,75,75,75,75,75,75,75,75,75,75,75,75,75],"gold":82,"neow_bonus":"THREE_ENEMY_KILL","is_daily":false,"chose_seed":false,"campfire_upgraded":8,"win_rate":0.0,"timestamp":1610632803,"path_taken":["M","?","M","?","$","R","E","R","T","M","E","?","M","E","R","BOSS","M","M","$","M","?","R","?","R","T","?","M","E","?","?","R","BOSS","M","M","M","?","$","E","R","?","T","$","?","M","M","?","R","BOSS","BOSS","R","$","E","BOSS"],"items_purchased_type":["Relic","Card","Card"],"build_version":"2020-12-22","purchased_purges":5,"victory":true,"max_hp_per_floor":[75,75,75,75,75,75,75,75,75,75,75,75,75,75,75,75,75,75,75,75,75,75,75,75,75,75,75,75,75,75,75,75,75,75,75,75,75,75,75,75,75,75,75,75,75,75,75,75,75,75,75,75,75,75,75,75],"relic_stats":{"TheAbacus":[444],"counters":[26,95],"Magic Flower":[29],"Eternal Feather":24,"Pandora\u0027s Box":["Entrench","Searing Blow","Intimidate","Immolate","Clash"],"Bag of Preparation":[30],"War Paint":["True Grit","Defend_R"],"Orichalcum":[0],"Smiling Mask":300,"obtain_stats":[{"Ice Cream":22,"Potion Belt":40,"NeowsBlessing":0,"Magic Flower":14,"Eternal Feather":11,"Bag of Preparation":27,"War Paint":29,"Orichalcum":55,"Ancient Tea Set":4,"Smiling Mask":26,"Burning Blood":0,"Mercury Hourglass":7,"TheAbacus":24,"Pandora\u0027s Box":34,"Coffee Dripper":17,"Paper Frog":9},{"Ice Cream":11,"Potion Belt":19,"NeowsBlessing":0,"Magic Flower":7,"Eternal Feather":5,"Bag of Preparation":11,"War Paint":13,"Orichalcum":25,"Ancient Tea Set":2,"Smiling Mask":11,"Burning Blood":0,"Mercury Hourglass":3,"TheAbacus":11,"Pandora\u0027s Box":14,"Coffee Dripper":8,"Paper Frog":3},{"Ice Cream":36,"Potion Belt":71,"NeowsBlessing":0,"Magic Flower":15,"Eternal Feather":11,"Bag of Preparation":36,"War Paint":45,"Orichalcum":88,"Ancient Tea Set":2,"Smiling Mask":36,"Burning Blood":0,"Mercury Hourglass":4,"TheAbacus":36,"Pandora\u0027s Box":51,"Coffee Dripper":23,"Paper Frog":4}],"Burning Blood":167,"Mercury Hourglass":[318]},"card_choices":[{"not_picked":["Cleave","Burning Pact"],"picked":"Pommel Strike","floor":1.0},{"not_picked":["Inflame","Iron Wave","Flex"],"picked":"SKIP","floor":3.0},{"not_picked":["Berserk","Headbutt"],"picked":"Hemokinesis","floor":7.0},{"not_picked":["Iron Wave","Warcry"],"picked":"Shrug It Off","floor":10.0},{"not_picked":["Flex","Cleave","Dark Embrace"],"picked":"SKIP","floor":11.0},{"not_picked":["Pommel Strike","Twin Strike","Shrug It Off"],"picked":"SKIP","floor":13.0},{"not_picked":["Thunderclap","Anger","Dark Embrace"],"picked":"SKIP","floor":14.0},{"not_picked":["Bludgeon","Double Tap"],"picked":"Barricade","floor":16},{"not_picked":["Pommel Strike","Flex","Shockwave"],"picked":"SKIP","floor":18},{"not_picked":["Shrug It Off+1","Pommel Strike","Infernal Blade"],"picked":"SKIP","floor":19},{"not_picked":["Iron Wave","Flex","Rupture"],"picked":"SKIP","floor":21},{"not_picked":["Rage","Heavy Blade+1","Thunderclap"],"picked":"SKIP","floor":28},{"not_picked":["Twin Strike","Searing Blow"],"picked":"True Grit","floor":29},{"not_picked":["Hemokinesis","Rampage","Heavy Blade"],"picked":"SKIP","floor":35},{"not_picked":["Clothesline","Headbutt","Infernal Blade"],"picked":"SKIP","floor":36},{"not_picked":["Pummel+1","Armaments+1","Thunderclap"],"picked":"SKIP","floor":37},{"not_picked":["Flex","Searing Blow","Pommel Strike"],"picked":"SKIP","floor":38},{"not_picked":["Immolate","Anger","Headbutt"],"picked":"SKIP","floor":40},{"not_picked":["Sever Soul","Flex+1","True Grit+1"],"picked":"SKIP","floor":46},{"not_picked":["Pommel Strike","Wild Strike","Havoc"],"picked":"SKIP","floor":47},{"not_picked":["Pommel Strike","Brutality","Havoc"],"picked":"SKIP","floor":48},{"not_picked":["Cleave","Barricade","Seeing Red"],"picked":"SKIP","floor":55}],"player_experience":973070,"relics_obtained":[{"floor":4.0,"key":"Ancient Tea Set"},{"floor":7.0,"key":"Mercury Hourglass"},{"floor":9.0,"key":"Paper Frog"},{"floor":11.0,"key":"Eternal Feather"},{"floor":14.0,"key":"Magic Flower"},{"floor":26,"key":"Smiling Mask"},{"floor":27,"key":"Bag of Preparation"},{"floor":29,"key":"War Paint"},{"floor":40,"key":"Potion Belt"},{"floor":55,"key":"Orichalcum"}],"event_choices":[{"damage_healed":0.0,"max_hp_gain":0.0,"max_hp_loss":0.0,"gold_gain":0.0,"event_name":"Shining Light","player_choice":"Entered Light","floor":2.0,"gold_loss":0.0,"damage_taken":23.0,"cards_upgraded":["Defend_R","Strike_R"]},{"cards_removed":["Strike_R"],"damage_healed":0.0,"max_hp_gain":0.0,"max_hp_loss":0.0,"gold_gain":0.0,"event_name":"Golden Wing","player_choice":"Card Removal","floor":12.0,"gold_loss":0.0,"damage_taken":7.0},{"damage_healed":0,"gold_gain":0,"player_choice":"Gave Potion","damage_taken":0,"relics_obtained":["Ice Cream"],"max_hp_gain":0,"max_hp_loss":0,"event_name":"WeMeetAgain","floor":22,"gold_loss":0},{"damage_healed":0,"gold_gain":0,"player_choice":"Read","damage_taken":0,"max_hp_gain":0,"max_hp_loss":0,"event_name":"The Library","floor":30,"gold_loss":0,"cards_obtained":["Body Slam"]},{"damage_healed":0,"gold_gain":0,"player_choice":"Ignored","damage_taken":0,"max_hp_gain":0,"max_hp_loss":0,"event_name":"Tomb of Lord Red Mask","floor":42,"gold_loss":0},{"damage_healed":0,"gold_gain":0,"player_choice":"Got Potions","damage_taken":0,"max_hp_gain":0,"max_hp_loss":0,"event_name":"Lab","floor":45,"gold_loss":0}],"is_beta":false,"boss_relics":[{"not_picked":["Empty Cage","Runic Dome"],"picked":"Coffee Dripper"},{"not_picked":["Calling Bell","Velvet Choker"],"picked":"Pandora\u0027s Box"}],"items_purged_floors":[5,20,31,39,44],"is_endless":false,"potions_floor_spawned":[3,10,13,18,21,35,37,46,47],"ascension_level":20}}