{"host":"gk9qdtkqd8dwfeg2","time":1610639261,"event":{"mods":["Aspiration","BaseMod","Colored Powertips","KomeijiMod","Minty Spire (QoL Compilation)","Quick Restart","Replay The Spire","Shop Mod","StSLib","TestMod","The Gatherer","The Servant 0.9.4","Waifu the Spire","WarShipGirlsR/’ΩΩ¢…Ÿ≈ÆR mod","Yuri Mod","vexMod"],"gold_per_floor":[113,129,129,144,124,124,124],"floor_reached":6,"language":"ZHS","playtime":154,"items_purged":[],"score":72,"play_id":"a1b6b469-6af3-4a06-980a-6cec8ab9e630","local_time":"20210114234741","is_ascension_mode":true,"campfire_choices":[],"circlet_count":0,"master_deck":["AscendersBane","Strike_P","Strike_P","Strike_P","Strike_P","Defend_P","Defend_P","Defend_P","Defend_P","Eruption+1","Vigilance","CutThroughFate+1","CommonCold","BowlingBash+1"],"relics":["PureWater","testmod-TestBox","testmod-BloodSacrificeSpiritualization","aspiration:Nostalgia","yuri:yuriKnife","Ring of Peace","Ring of Hypnosis"],"acts_visited":["Exordium"],"potions_floor_usage":[6],"damage_taken":[{"damage":6,"enemies":"Small Slimes","floor":1,"turns":1},{"damage":6,"enemies":"Cultist","floor":2,"turns":1},{"damage":0,"enemies":"Jaw Worm","floor":4,"turns":2},{"damage":23,"enemies":"3 Sentries","floor":6,"turns":5}],"seed_played":"33959280674654711","potions_obtained":[{"floor":4,"key":"StancePotion"},{"floor":5,"key":"StancePotion"}],"is_trial":false,"path_per_floor":["M","M","?","M","?","E"],"character_chosen":"WATCHER","items_purchased":[],"campfire_rested":0,"item_purchase_floors":[],"current_hp_per_floor":[55,49,49,49,49,26,26],"gold":124,"neow_bonus":"NOSTALGIA","is_daily":false,"chose_seed":false,"campfire_upgraded":0,"win_rate":0.0,"timestamp":1610639261,"path_taken":["M","M","?","M","?","E"],"items_purchased_type":[],"build_version":"2020-12-22","purchased_purges":0,"victory":false,"max_hp_per_floor":[68,68,68,68,68,68,68],"card_choices":[{"not_picked":["Crescendo","Meditate"],"picked":"CutThroughFate","floor":1},{"not_picked":["EmptyBody","Protect","FlyingSleeves"],"picked":"SKIP","floor":2},{"not_picked":["Consecrate","Evaluate"],"picked":"BowlingBash","floor":4}],"player_experience":633204,"relics_obtained":[{"floor":3,"key":"Ring of Peace"},{"floor":3,"key":"Ring of Hypnosis"}],"event_choices":[{"damage_healed":0,"gold_gain":0,"player_choice":"Bought 1 Potion","damage_taken":0,"max_hp_gain":0,"max_hp_loss":0,"event_name":"The Woman in Blue","floor":5,"gold_loss":0}],"is_beta":false,"boss_relics":[],"items_purged_floors":[],"is_endless":false,"potions_floor_spawned":[4],"killed_by":"3 Sentries","ascension_level":20}}