{"host":"tom9euzqew4po1rs","time":1610634752,"event":{"mods":["BaseMod","Curses Come First","Downfall","Minty Spire (QoL Compilation)","Quick Restart","Rare Cards Sparkle","Replay The Spire","StSLib","The Cursed"],"gold_per_floor":[112,112,132,149,149,179,179,179,179,44,44,67,67,88,88,209,209,232,232,232],"floor_reached":19,"language":"ENG","playtime":1050,"items_purged":[],"score":184,"play_id":"a6716257-6e54-405b-9a90-7e79b36410bd","local_time":"20210114093232","is_ascension_mode":true,"campfire_choices":[{"data":"Genetic Algorithm","floor":7,"key":"SMITH"},{"floor":13,"key":"RECALL"},{"data":"Self Repair","floor":15,"key":"SMITH"}],"circlet_count":0,"master_deck":["Strike_B","Strike_B","Strike_B","Strike_B","Defend_B","Defend_B","Defend_B","Defend_B","Zap","Dualcast","Echo Form+1","Melter","Self Repair+1","Genetic Algorithm+1","Self Repair","Steam","Injury","Coolheaded","Panic Button","Seek","Double Energy+1"],"relics":["Cracked Core","Darkstone Periapt","Blood Vial","Golden Idol","Philosopher\u0027s Stone"],"acts_visited":["Exordium","TheCity"],"potions_floor_usage":[12,14,19,19],"damage_taken":[{"damage":0,"enemies":"2 Louse","floor":1,"turns":2},{"damage":1,"enemies":"Cultist","floor":3,"turns":4},{"damage":7,"enemies":"Small Slimes","floor":4,"turns":3},{"damage":20,"enemies":"Lagavulin","floor":6,"turns":7},{"damage":30,"enemies":"3 Louse","floor":12,"turns":6},{"damage":3,"enemies":"2 Fungi Beasts","floor":14,"turns":2},{"damage":59,"enemies":"The Guardian","floor":16,"turns":13},{"damage":26,"enemies":"Shell Parasite","floor":18,"turns":8},{"damage":86,"enemies":"3 Byrds","floor":19,"turns":4}],"seed_played":"-7540264533012968183","potions_obtained":[{"floor":3,"key":"Venom Potion"},{"floor":4,"key":"SteroidPotion"},{"floor":6,"key":"FearPotion"},{"floor":12,"key":"ColorlessPotion"}],"is_trial":false,"path_per_floor":["M","?","M","M","?","E","R","?","T","$","?","M","R","M","R","B",null,"M","M"],"character_chosen":"DEFECT","items_purchased":["Self Repair","Steam"],"campfire_rested":0,"item_purchase_floors":[10,10],"current_hp_per_floor":[75,75,74,67,67,54,54,75,75,75,81,72,72,78,78,38,81,79,0,0],"gold":232,"neow_bonus":"ONE_RANDOM_RARE_CARD","is_daily":false,"chose_seed":false,"campfire_upgraded":2,"win_rate":0.0,"timestamp":1610634752,"path_taken":["M","?","M","?","?","E","R","?","T","$","?","M","R","M","R","BOSS","M","M"],"items_purchased_type":["Card","Card"],"build_version":"2020-12-22","purchased_purges":0,"victory":false,"max_hp_per_floor":[75,75,75,75,75,75,75,75,75,75,81,81,81,81,81,81,81,81,81,81],"card_choices":[{"not_picked":["Redo","Compile Driver"],"picked":"Melter","floor":1},{"not_picked":["Barrage","Compile Driver","Leap"],"picked":"SKIP","floor":3},{"not_picked":["FIFO Queue","Reprogram"],"picked":"Self Repair","floor":4},{"not_picked":["Undo","Compile Driver"],"picked":"Genetic Algorithm","floor":6},{"not_picked":["Compile Driver","Turbo"],"picked":"Coolheaded","floor":12},{"not_picked":["Reinforced Body","Steam"],"picked":"Panic Button","floor":14},{"not_picked":["Core Surge","ReplayRNGCard"],"picked":"Seek","floor":16},{"not_picked":["Barrage","Streamline"],"picked":"Double Energy+1","floor":18}],"player_experience":130476,"relics_obtained":[{"floor":6,"key":"Darkstone Periapt"},{"floor":9,"key":"Blood Vial"}],"event_choices":[{"damage_healed":0,"gold_gain":0,"player_choice":"Upgraded","damage_taken":0,"max_hp_gain":0,"max_hp_loss":0,"event_name":"Upgrade Shrine","floor":2,"gold_loss":0,"cards_upgraded":["Echo Form"]},{"damage_healed":0,"gold_gain":0,"player_choice":"Leave","damage_taken":0,"max_hp_gain":0,"max_hp_loss":0,"event_name":"The Cleric","floor":5,"gold_loss":0},{"damage_healed":25,"gold_gain":0,"player_choice":"Banana","damage_taken":0,"max_hp_gain":0,"max_hp_loss":0,"event_name":"Big Fish","floor":8,"gold_loss":0},{"damage_healed":0,"gold_gain":0,"player_choice":"Take Wound","damage_taken":0,"relics_obtained":["Golden Idol"],"max_hp_gain":0,"max_hp_loss":0,"event_name":"Golden Idol","floor":11,"gold_loss":0,"cards_obtained":["Injury"]}],"is_beta":false,"boss_relics":[{"not_picked":["Sozu","Cursed Key"],"picked":"Philosopher\u0027s Stone"}],"items_purged_floors":[],"is_endless":false,"potions_floor_spawned":[3,4,6,12],"killed_by":"3 Byrds","ascension_level":2}}