{"host":"vjwvi3nm5utkw15v","time":1610589172,"event":{"mods":["BaseMod","Custom Start","Hermit","Lobotomy","Minty Spire (QoL Compilation)","Remove Card Discount Mod","Replay The Spire","Shop Mod","StSLib","UnlockEverythingMod"],"gold_per_floor":[118,134,134,154,247,282,247,247,317,328,346,375,388,388,388,492,542,562,582,538,554,570,610,525,525,525,550,555,555],"floor_reached":28,"language":"ZHS","playtime":2555,"items_purged":[],"score":327,"play_id":"4996bbf7-1b1f-4a25-9c6f-6dbf2ca790fd","local_time":"20210114095252","is_ascension_mode":false,"campfire_choices":[{"data":"hermit:OverwhelmingPower","floor":8.0,"key":"SMITH"},{"data":"hermit:Vantage","floor":15.0,"key":"SMITH"},{"floor":25,"key":"RECALL"}],"circlet_count":0,"master_deck":["hermit:Snapshot+1","hermit:Covet","hermit:OverwhelmingPower+1","hermit:Malice","hermit:Deadeye","hermit:Headshot","hermit:Misfire","hermit:Deadeye","hermit:DeadMansHand","hermit:TrackingShot","hermit:WideOpen","hermit:Gambit","hermit:Misfire","ReplayTheSpireMod:Splinters","Pot Of Greed","Pot Of Greed","hermit:CalledShot","hermit:TakeCover","hermit:Combo","hermit:RoundhouseKick","hermit:Vantage+1","hermit:Manifest+1","hermit:Adapt","hermit:Desperado","hermit:HeroicBravado","hermit:HoleUp+1","Pot Of Greed","Regret","hermit:Scavenge","hermit:Determination","hermit:Cheat","hermit:FromBeyond","hermit:Dive+1"],"relics":["Pandora\u0027s Box","Grinning Jar","Centennial Puzzle","InkBottle","Tiny House","ReplayTheSpireMod:CursedCoin","Bag of Marbles","Orichalcum","Sundial"],"acts_visited":["Exordium","TheCity"],"potions_floor_usage":[],"damage_taken":[{"damage":11.0,"enemies":"Jaw Worm","floor":1.0,"turns":2.0},{"damage":0.0,"enemies":"Cultist","floor":2.0,"turns":2.0},{"damage":10.0,"enemies":"Small Slimes","floor":4.0,"turns":2.0},{"damage":16.0,"enemies":"Replay:BlueRogue","floor":6.0,"turns":3.0},{"damage":10.0,"enemies":"Looter","floor":10.0,"turns":2.0},{"damage":6.0,"enemies":"2 Fungi Beasts","floor":11.0,"turns":2.0},{"damage":4.0,"enemies":"Lagavulin","floor":12.0,"turns":5.0},{"damage":3.0,"enemies":"Exordium Thugs","floor":13.0,"turns":2.0},{"damage":30.0,"enemies":"The Guardian","floor":16.0,"turns":11.0},{"damage":41.0,"enemies":"3 Byrds","floor":18.0,"turns":5.0},{"damage":11.0,"enemies":"2 Thieves","floor":19.0,"turns":5.0},{"damage":12.0,"enemies":"Chosen and Byrds","floor":21.0,"turns":5.0},{"damage":20,"enemies":"3 Cultists","floor":22,"turns":3},{"damage":12,"enemies":"Book of Stabbing","floor":23,"turns":3},{"damage":27,"enemies":"Snake Plant","floor":27,"turns":7},{"damage":56,"enemies":"Gremlin Leader","floor":28,"turns":7}],"seed_played":"-2913316104821201208","potions_obtained":[{"floor":1.0,"key":"EssenceOfSteel"},{"floor":2.0,"key":"SneckoOil"},{"floor":4.0,"key":"SpeedPotion"},{"floor":13.0,"key":"Elixir"},{"floor":17.0,"key":"Elixir"},{"floor":27,"key":"Fire Potion"}],"is_trial":false,"path_per_floor":["M","M","?","M","?","E","?","R","T","M","M","E","M","?","R","B",null,"M","M","$","M","M","E","?","R","T","M","E"],"character_chosen":"HERMIT","items_purchased":["ReplayTheSpireMod:CursedCoin","hermit:Scavenge","hermit:Determination","Energy Potion"],"campfire_rested":0,"item_purchase_floors":[20,20,20,20],"current_hp_per_floor":[64,64,64,54,54,38,56,56,56,46,40,36,33,33,33,3,80,39,28,28,16,80,74,74,74,74,47,0,0],"gold":555,"neow_bonus":"BOSS_RELIC","is_daily":false,"chose_seed":false,"campfire_upgraded":2,"win_rate":0.0,"timestamp":1610589172,"path_taken":["M","M","?","?","?","E","?","R","T","M","M","E","M","?","R","BOSS","M","M","$","M","M","E","?","R","T","M","E"],"items_purchased_type":["Relic","Card","Card","Potion"],"build_version":"2020-12-22","purchased_purges":0,"victory":false,"max_hp_per_floor":[75,75,75,75,75,75,75,75,75,75,75,75,75,75,75,75,80,80,80,80,80,80,80,80,80,80,80,80,80],"card_choices":[{"not_picked":["hermit:Virtue","hermit:ItchyTrigger"],"picked":"hermit:TrackingShot","floor":1.0},{"not_picked":["hermit:Coalescence","hermit:LowProfile"],"picked":"hermit:WideOpen","floor":2.0},{"not_picked":["hermit:ItchyTrigger","hermit:FlashPowder"],"picked":"hermit:Misfire","floor":4.0},{"not_picked":["hermit:Dive","hermit:ItchyTrigger"],"picked":"hermit:CalledShot","floor":5.0},{"not_picked":["hermit:Desperado","hermit:Glare"],"picked":"hermit:TakeCover","floor":5.0},{"not_picked":["hermit:FlashPowder","hermit:TrackingShot"],"picked":"hermit:Combo","floor":6.0},{"not_picked":["hermit:Misfire","hermit:TakeCover","hermit:Deadeye"],"picked":"SKIP","floor":10.0},{"not_picked":["hermit:Determination","hermit:Virtue"],"picked":"hermit:RoundhouseKick","floor":11.0},{"not_picked":["hermit:Manifest","hermit:Malice"],"picked":"hermit:Vantage","floor":12.0},{"not_picked":["hermit:Spite","hermit:CalledShot"],"picked":"hermit:Manifest","floor":13.0},{"not_picked":["hermit:EternalForm","hermit:HighNoon"],"picked":"hermit:Adapt","floor":16.0},{"not_picked":["hermit:BodyArmor","hermit:Manifest"],"picked":"hermit:Desperado","floor":17.0},{"not_picked":["hermit:WideOpen","hermit:TakeCover+1"],"picked":"hermit:HeroicBravado","floor":18.0},{"not_picked":["hermit:FlashPowder+1","hermit:Coalescence"],"picked":"hermit:HoleUp+1","floor":19.0},{"not_picked":["hermit:Desperado","hermit:CalledShot"],"picked":"hermit:Cheat","floor":21.0},{"not_picked":["hermit:Headshot","hermit:HoleUp"],"picked":"hermit:FromBeyond","floor":22},{"not_picked":["hermit:LowProfile","hermit:Ricochet","hermit:LoneWolf"],"picked":"SKIP","floor":23},{"not_picked":["hermit:Roulette+1","hermit:LoneWolf"],"picked":"hermit:Dive+1","floor":27}],"player_experience":21748,"relics_obtained":[{"floor":5.0,"key":"Grinning Jar"},{"floor":6.0,"key":"Centennial Puzzle"},{"floor":12.0,"key":"InkBottle"},{"floor":23,"key":"Bag of Marbles"},{"floor":26,"key":"Sundial"}],"event_choices":[{"damage_healed":0.0,"max_hp_gain":0.0,"max_hp_loss":0.0,"gold_gain":0.0,"cards_transformed":["hermit:BlackWind"],"event_name":"Transmorgrifier","player_choice":"Transformed","floor":3.0,"gold_loss":0.0,"damage_taken":0.0,"cards_obtained":["hermit:Gambit"]},{"damage_healed":18.0,"max_hp_gain":0.0,"max_hp_loss":0.0,"gold_gain":0.0,"event_name":"The Cleric","player_choice":"Healed","floor":7.0,"gold_loss":35.0,"damage_taken":0.0},{"damage_healed":0.0,"max_hp_gain":0.0,"max_hp_loss":0.0,"gold_gain":0.0,"event_name":"Upgrade Shrine","player_choice":"Upgraded","floor":14.0,"gold_loss":0.0,"damage_taken":0.0,"cards_upgraded":["hermit:Manifest"]},{"damage_healed":0,"gold_gain":0,"player_choice":"Obtained Relic","damage_taken":0,"relics_obtained":["Orichalcum"],"max_hp_gain":0,"max_hp_loss":0,"event_name":"Addict","floor":24,"gold_loss":85}],"is_beta":false,"boss_relics":[{"not_picked":["SlaversCollar","Kintsugi"],"picked":"Tiny House"}],"items_purged_floors":[],"is_endless":false,"potions_floor_spawned":[1,2,4,13,27],"killed_by":"Gremlin Leader","ascension_level":0}}