{"host":"pnw33a014vs8wril","time":1610582821,"event":{"mods":["BaseMod","Downfall","Highlight Path","Minty Spire (QoL Compilation)","StSLib"],"gold_per_floor":[99,112,123,573,573,603,650,685,729,741,198,67,93,78,88,187,187,187,204,204,214,230,256,256,183,213,138,63,98,115,128,139,236,236,236,254,267,43,388,406,406,73,101,101,201,201,31,44,64,64],"floor_reached":51,"language":"ENG","playtime":3696,"items_purged":[],"score":1113,"play_id":"1fda8e88-2e7e-4210-9bc2-f377a968267a","local_time":"20210114010701","daily_mods":["Draft","Vintage","Heirloom","Flight","downfall:Lament"],"is_ascension_mode":false,"campfire_choices":[{"data":"champ:IronFortress","floor":1,"key":"SMITH"},{"data":"champ:StanceDance","floor":18,"key":"SMITH"},{"floor":27,"key":"RECALL"},{"data":"champ:IronFortress","floor":28,"key":"SMITH"},{"data":"champ:IronFortress","floor":35,"key":"SMITH"},{"data":"expansioncontent:StudyTheSpire","floor":44,"key":"SMITH"}],"circlet_count":0,"master_deck":["champ:SwordSigil","champ:EnragedBash","champ:StanceDance+1","champ:IronFortress","champ:GutPunch","champ:StanceDance","champ:StanceDance","champ:PreciseThrust","champ:CrookedStrike","champ:EnragedBash","champ:BringItOn","champ:Aggression","champ:CrookedStrike+1","champ:IronFortress+1","champ:CrookedStrike","Slimebound:Icky","Slimebound:Icky","Slimebound:Icky","champ:Control","champ:Control","champ:RapidStrikes","champ:IronFortress","Panache","champ:RageSigil","champ:IronFortress+1","champ:Balance","champ:PreciseThrust+1","champ:StanceDance","champ:EnchantSword","champ:EnchantShield+1","champ:SwordSigil+1","champ:ShieldSigil+1","champ:IronFortress+1","Thinking Ahead+1","sneckomod:UnknownBlock+1","sneckomod:Unknown3Cost+1","champ:IronFortress","expansioncontent:StudyTheSpire+1","Skim+1","Heavy Blade+1","champ:FlashCut+1"],"relics":["champ:ChampionCrown","NeowsBlessing","champ:GladiatorsBookOfMartialProwess","Juzu Bracelet","Kunai","hexamod:BolsterEngine","Centennial Puzzle","sneckomod:BlankCard","Ancient Tea Set","Ornamental Fan","Art of War","Guardian:PocketSentry","Sozu","Toxic Egg 2","Potion Belt","Matryoshka","Dead Branch","Whetstone","Sundial","PrismaticShard","Mummified Hand","downfall:HeartBlessingGreen","downfall:HeartBlessingRed","Boot","Question Card","InkBottle","Omamori","SlaversCollar","Bag of Marbles","Happy Flower","Old Coin","Darkstone Periapt","White Beast Statue","Molten Egg 2","Bottled Flame","Pear","Oddly Smooth Stone","MealTicket","Bronze Scales"],"acts_visited":["Exordium","TheCity","TheBeyond"],"potions_floor_usage":[14],"damage_taken":[{"damage":0,"enemies":"Small Slimes","floor":2,"turns":1},{"damage":0,"enemies":"Jaw Worm","floor":3,"turns":1},{"damage":2,"enemies":"3 Sentries","floor":6,"turns":1},{"damage":39,"enemies":"Lagavulin","floor":8,"turns":7},{"damage":15,"enemies":"Gremlin Nob","floor":9,"turns":3},{"damage":23,"enemies":"downfall:FleeingMerchant","floor":11,"turns":4},{"damage":11,"enemies":"downfall:FleeingMerchant","floor":12,"turns":4},{"damage":40,"enemies":"3 Sentries","floor":13,"turns":5},{"damage":29,"enemies":"downfall:FleeingMerchant","floor":14,"turns":4},{"damage":5,"enemies":"2 Louse","floor":15,"turns":2},{"damage":35,"enemies":"downfall:Ironclad","floor":16,"turns":6},{"damage":2,"enemies":"3 Byrds","floor":19,"turns":3},{"damage":10,"enemies":"Cultist and Chosen","floor":21,"turns":4},{"damage":17,"enemies":"Snecko","floor":22,"turns":5},{"damage":13,"enemies":"Book of Stabbing","floor":23,"turns":3},{"damage":23,"enemies":"downfall:FleeingMerchant","floor":25,"turns":2},{"damage":39,"enemies":"Slavers","floor":26,"turns":4},{"damage":6,"enemies":"Book of Stabbing","floor":29,"turns":3},{"damage":18,"enemies":"Snake Plant","floor":30,"turns":2},{"damage":21,"enemies":"Sentry and Sphere","floor":31,"turns":3},{"damage":19,"enemies":"3 Cultists","floor":32,"turns":3},{"damage":60,"enemies":"downfall:Defect","floor":33,"turns":5},{"damage":46,"enemies":"3 Darklings","floor":36,"turns":2},{"damage":5,"enemies":"3 Shapes","floor":37,"turns":2},{"damage":35,"enemies":"2 Orb Walkers","floor":39,"turns":3},{"damage":23,"enemies":"Maw","floor":40,"turns":6},{"damage":64,"enemies":"Reptomancer","floor":43,"turns":5},{"damage":29,"enemies":"4 Shapes","floor":48,"turns":3},{"damage":27,"enemies":"3 Darklings","floor":49,"turns":2},{"damage":15,"enemies":"downfall:Watcher","floor":50,"turns":4}],"seed_played":"6679874806027719887","potions_obtained":[{"floor":2,"key":"LiquidBronze"},{"floor":6,"key":"Weak Potion"},{"floor":8,"key":"Weak Potion"},{"floor":13,"key":"AttackPotion"},{"floor":16,"key":"ColorlessPotion"}],"is_trial":true,"path_per_floor":["R","M","M","?","?","E","T","E","E","?","$","$","E","$","M","B",null,"R","M","?","M","M","E","T","$","E","R","R","E","M","M","M","B",null,"R","M","M","$","?","M","T","?","E","R","?","?","$","M","M","B",null],"character_chosen":"THE_CHAMP","items_purchased":["champ:IronFortress","Panache","champ:RageSigil","Ornamental Fan","champ:IronFortress","champ:Balance","PrismaticShard","champ:IronFortress","Thinking Ahead+1","champ:IronFortress","expansioncontent:StudyTheSpire","Oddly Smooth Stone","champ:FlashCut+1"],"campfire_rested":0,"item_purchase_floors":[11,11,11,11,12,12,25,25,25,38,38,47,47],"current_hp_per_floor":[90,90,90,90,83,83,83,68,66,71,71,69,67,62,62,40,95,95,95,95,95,81,81,81,81,78,78,78,78,78,78,78,78,95,95,95,95,95,92,95,95,107,107,107,107,117,117,108,108,108],"gold":64,"neow_bonus":"","is_daily":false,"chose_seed":false,"campfire_upgraded":5,"win_rate":0.0,"timestamp":1610582821,"path_taken":["R","M","M","?","?","E","T","E","E","?","$","$","E","?","M","BOSS","R","M","?","M","M","E","T","$","E","R","R","E","M","M","M","BOSS","R","M","M","$","?","M","T","?","E","R","?","?","$","M","M","BOSS"],"items_purchased_type":["Card","Card","Card","Relic","Card","Card","Relic","Card","Card","Card","Card","Relic","Card"],"build_version":"2020-12-22","purchased_purges":0,"victory":true,"max_hp_per_floor":[90,90,90,90,90,90,90,90,90,95,95,95,95,95,95,95,95,95,95,95,95,95,95,95,95,95,95,95,95,95,95,95,95,95,95,95,95,95,95,95,95,107,107,107,107,117,117,117,117,117],"card_choices":[{"not_picked":["champ:BladeFlurry","champ:IronFortress"],"picked":"champ:SwordSigil","floor":0},{"not_picked":["champ:TornadoPunch","champ:AdrenalArmor"],"picked":"champ:EnragedBash","floor":0},{"not_picked":["champ:FlashCut","champ:Riposte"],"picked":"champ:StanceDance","floor":0},{"not_picked":["champ:DefensiveShout","champ:DefensiveStyle"],"picked":"champ:IronFortress","floor":0},{"not_picked":["champ:Lariat","champ:DefensiveShout"],"picked":"champ:GutPunch","floor":0},{"not_picked":["champ:TornadoPunch","champ:BladeFlurry"],"picked":"champ:StanceDance","floor":0},{"not_picked":["champ:Circumvent","champ:RecklessLeap"],"picked":"champ:StanceDance","floor":0},{"not_picked":["champ:RecklessLeap","champ:Lariat"],"picked":"champ:PreciseThrust","floor":0},{"not_picked":["champ:ShieldSigil","champ:BerserkersShout"],"picked":"champ:CrookedStrike","floor":0},{"not_picked":["champ:GutPunch","champ:FanOfKnives"],"picked":"champ:EnragedBash","floor":0},{"not_picked":["champ:PreciseThrust","champ:BladeFlurry"],"picked":"champ:BringItOn","floor":0},{"not_picked":["champ:BerserkersShout","champ:PerfectedStrike"],"picked":"champ:Aggression","floor":0},{"not_picked":["champ:TornadoPunch","champ:FanOfKnives"],"picked":"champ:CrookedStrike","floor":0},{"not_picked":["champ:HeartStrike","champ:FocusedGladiator"],"picked":"champ:IronFortress","floor":0},{"not_picked":["champ:Backstep","champ:FanOfKnives"],"picked":"champ:CrookedStrike","floor":0},{"not_picked":["champ:FalseCounter","champ:DefensiveShout","champ:BladeFlurry"],"picked":"SKIP","floor":6},{"not_picked":["champ:RageSigil","champ:GladiatorsShout"],"picked":"champ:Control","floor":8},{"not_picked":["champ:DefensiveShout","champ:Duel"],"picked":"champ:Control","floor":9},{"not_picked":["champ:BladeFlurry","champ:GladiatorsShout"],"picked":"champ:RapidStrikes","floor":11},{"not_picked":["champ:SkillfulDodge","champ:CheapShot","champ:FlashCut"],"picked":"SKIP","floor":12},{"not_picked":["champ:BerserkersShout","champ:Encircle"],"picked":"champ:PreciseThrust","floor":13},{"not_picked":["champ:CrookedStrike","champ:Circumvent"],"picked":"champ:StanceDance","floor":14},{"not_picked":["champ:PerfectForm","champ:ShieldSlam"],"picked":"champ:EnchantSword","floor":16},{"not_picked":["champ:DefensiveShout+1","champ:GladiatorsShout+1"],"picked":"champ:SwordSigil+1","floor":23},{"not_picked":["champ:GutPunch","champ:TornadoPunch+1"],"picked":"champ:ShieldSigil+1","floor":25},{"not_picked":["champ:EnragedBash","Guardian:WalkerClaw"],"picked":"sneckomod:UnknownBlock+1","floor":26},{"not_picked":["Protect+1","Slimebound:ViciousTackle+1","Catalyst+1"],"picked":"SKIP","floor":29},{"not_picked":["hexamod:CrushingStance","Exhume+1","Apotheosis+1"],"picked":"sneckomod:Unknown3Cost+1","floor":33},{"not_picked":["Slimebound:DivideAndConquer+1","Guardian:Gem_Crimson","sneckomod:SoulDraw+1"],"picked":"Skim+1","floor":39},{"not_picked":["Defragment","Anger+1","Ghostly Armor+1"],"picked":"Heavy Blade+1","floor":43}],"player_experience":928320,"relics_obtained":[{"floor":2,"key":"Juzu Bracelet"},{"floor":3,"key":"Kunai"},{"floor":6,"key":"Centennial Puzzle"},{"floor":7,"key":"sneckomod:BlankCard"},{"floor":8,"key":"MawBank"},{"floor":9,"key":"Ancient Tea Set"},{"floor":13,"key":"Art of War"},{"floor":15,"key":"Guardian:PocketSentry"},{"floor":19,"key":"Toxic Egg 2"},{"floor":21,"key":"Potion Belt"},{"floor":22,"key":"Matryoshka"},{"floor":23,"key":"Dead Branch"},{"floor":24,"key":"Whetstone"},{"floor":24,"key":"Sundial"},{"floor":26,"key":"Mummified Hand"},{"floor":29,"key":"Boot"},{"floor":30,"key":"Question Card"},{"floor":31,"key":"InkBottle"},{"floor":32,"key":"Omamori"},{"floor":36,"key":"Bag of Marbles"},{"floor":37,"key":"Happy Flower"},{"floor":39,"key":"Old Coin"},{"floor":40,"key":"Darkstone Periapt"},{"floor":41,"key":"White Beast Statue"},{"floor":41,"key":"Molten Egg 2"},{"floor":43,"key":"Bottled Flame"},{"floor":46,"key":"Pear"},{"floor":48,"key":"MealTicket"},{"floor":49,"key":"Bronze Scales"}],"event_choices":[{"damage_healed":0,"gold_gain":0,"player_choice":"Success","damage_taken":7,"relics_obtained":["hexamod:BolsterEngine"],"max_hp_gain":0,"max_hp_loss":0,"event_name":"Scrap Ooze","floor":5,"gold_loss":0},{"damage_healed":0,"gold_gain":0,"player_choice":"Donut","damage_taken":0,"max_hp_gain":5,"max_hp_loss":0,"event_name":"Big Fish","floor":10,"gold_loss":0},{"damage_healed":0,"gold_gain":0,"player_choice":"Fight","damage_taken":0,"max_hp_gain":0,"max_hp_loss":0,"event_name":"Mysterious Sphere","floor":39,"gold_loss":0}],"is_beta":false,"boss_relics":[{"not_picked":["Cursed Key","Black Star"],"picked":"Sozu"},{"not_picked":["Tiny House","Busted Crown"],"picked":"SlaversCollar"}],"items_purged_floors":[],"is_endless":false,"potions_floor_spawned":[2,6,8,13,16,19,26,29,31,40,43,48,49],"ascension_level":0}}