{"host":"mbj2cbgnaexp1bjw","time":1610632192,"event":{"mods":["BaseMod","BetterRewards","DNKmod","Dota2Spire","Friendly Minions","Grow up Mod","Highlight Path","Minty Spire (QoL Compilation)","Remove Card Discount Mod","Spicy Shops","StSLib","The Cursed"],"gold_per_floor":[1268,1443,650,650,665,698,698,717,740,769,780,799,812,845,845,949,949,962,962,978,995,2345,2375,2375,2410,2410,2410,2445,1904,1924,1957,1969,2078,2090,2115,2127,1113,1127,1143,1143,1143,1174,1247,1272,1272,480,480,500,500,500,500,500,19,46,46],"floor_reached":56,"language":"ZHS","playtime":3803,"items_purged":["TheCursedMod:Strike_TheCursed","TheCursedMod:Strike_TheCursed","TheCursedMod:Strike_TheCursed","TheCursedMod:Strike_TheCursed","TheCursedMod:Defend_TheCursed","TheCursedMod:Defend_TheCursed","TheCursedMod:Defend_TheCursed","TheCursedMod:Defend_TheCursed","Doubt","Pride","TheCursedMod:CursedWand","TheCursedMod:CircleOfCorruption","TheCursedMod:CircleOfBlood","TheCursedMod:ManaBullet","TheCursedMod:AshesToAshes+1","Madness","Madness","Writhe","TheCursedMod:SurpriseAttack","TheCursedMod:Wield"],"score":1956,"play_id":"73be5c03-6b5b-4b73-abc9-916ab7dc0791","local_time":"20210114214952","is_ascension_mode":true,"campfire_choices":[{"data":"TheCursedMod:CleanUpWorkshop","floor":7,"key":"SMITH"},{"data":"TheCursedMod:ManaCirculation","floor":15,"key":"SMITH"},{"data":"TheCursedMod:VoidForm","floor":24,"key":"SMITH"},{"data":"TheCursedMod:LuckyCharm","floor":27,"key":"SMITH"},{"data":"TheCursedMod:CollectTribute","floor":32,"key":"SMITH"},{"floor":40,"key":"RECALL"},{"data":"TheCursedMod:CollectTribute","floor":47,"key":"SMITH"},{"data":"TheCursedMod:CollectTribute","floor":49,"key":"SMITH"},{"data":"TheCursedMod:CursedRelics","floor":52,"key":"SMITH"}],"circlet_count":0,"master_deck":["TheCursedMod:CleanUpWorkshop+1","TheCursedMod:Dregs","TheCursedMod:LuckyCharm+1","TheCursedMod:WearCloak+1","TheCursedMod:WearCloak","TheCursedMod:CursedBlade","TheCursedMod:RapidMovement","TheCursedMod:ManaCirculation+1","TheCursedMod:VoidForm+1","TheCursedMod:CircleOfCorruption+1","TheCursedMod:LuckyCharm","TheCursedMod:CollectTribute+1","TheCursedMod:CursedRelics+1","TheCursedMod:Wield+1","TheCursedMod:RapidMovement+1","TheCursedMod:CollectTribute+1","Panache","TheCursedMod:CollectTribute+1","Violence","Clumsy","TheCursedMod:BlessingInDisguise","Writhe","TheCursedMod:HellfireBreathing"],"relics":["TheCursedMod:BlackMagic101","ClockworkSouvenir","Prayer Wheel","Bronze Scales","Dota2Spire:PowerTreads","TheCursedMod:Tack","Girya","Dota2Spire:EchoSabre","Dota2Spire:RefresherOrb","Ornamental Fan","Dota2Spire:ShivaGuard","Dota2Spire:LinkenSphere","Bottled Flame","Dota2Spire:OctarineCore","Frozen Eye","Juzu Bracelet","MawBank","TheCursedMod:FourLeafCloverCharm","InkBottle","Pen Nib","OrangePellets","TheCursedMod:PinkPellets","Ancient Tea Set","Darkstone Periapt","Anchor","Dota2Spire:Dagon","Ice Cream","Dota2Spire:BattleFury","War Paint","Dota2Spire:MaskOfMadness","TheAbacus","Bottled Lightning","Mummified Hand","Dota2Spire:EyeOfSkadi","Torii"],"acts_visited":["Exordium","TheCity","TheBeyond","TheEnding"],"potions_floor_usage":[11],"damage_taken":[{"damage":0.0,"enemies":"Cultist","floor":1.0,"turns":3.0},{"damage":0,"enemies":"2 Louse","floor":5,"turns":2},{"damage":0,"enemies":"3 Sentries","floor":6,"turns":9},{"damage":0,"enemies":"Small Slimes","floor":8,"turns":2},{"damage":0,"enemies":"Lagavulin","floor":10,"turns":5},{"damage":0,"enemies":"Exordium Thugs","floor":11,"turns":2},{"damage":0,"enemies":"2 Fungi Beasts","floor":12,"turns":2},{"damage":0,"enemies":"3 Louse","floor":13,"turns":1},{"damage":0,"enemies":"Gremlin Nob","floor":14,"turns":2},{"damage":0,"enemies":"Slime Boss","floor":16,"turns":7},{"damage":10,"enemies":"Shell Parasite","floor":18,"turns":4},{"damage":0,"enemies":"3 Byrds","floor":20,"turns":3},{"damage":10,"enemies":"Snecko","floor":21,"turns":4},{"damage":23,"enemies":"Book of Stabbing","floor":23,"turns":4},{"damage":16,"enemies":"Gremlin Leader","floor":25,"turns":4},{"damage":15,"enemies":"Slavers","floor":28,"turns":5},{"damage":15,"enemies":"Snake Plant","floor":30,"turns":2},{"damage":0,"enemies":"Book of Stabbing","floor":31,"turns":3},{"damage":0,"enemies":"Champ","floor":33,"turns":3},{"damage":4,"enemies":"3 Darklings","floor":35,"turns":2},{"damage":0,"enemies":"Orb Walker","floor":38,"turns":1},{"damage":18,"enemies":"Spire Growth","floor":39,"turns":3},{"damage":5,"enemies":"Nemesis","floor":42,"turns":3},{"damage":0,"enemies":"Giant Head","floor":44,"turns":3},{"damage":0,"enemies":"Sphere and 2 Shapes","floor":48,"turns":2},{"damage":0,"enemies":"Donu and Deca","floor":50,"turns":4},{"damage":0,"enemies":"Shield and Spear","floor":54,"turns":3},{"damage":15,"enemies":"The Heart","floor":55,"turns":6}],"seed_played":"1154419833981132500","potions_obtained":[{"floor":1.0,"key":"FearPotion"},{"floor":5,"key":"DuplicationPotion"},{"floor":11,"key":"Fruit Juice"},{"floor":21,"key":"DuplicationPotion"},{"floor":25,"key":"Strength Potion"},{"floor":42,"key":"Energy Potion"}],"is_trial":false,"path_per_floor":["M","?","$","?","M","E","R","M","T","E","M","M","M","E","R","B",null,"M","?","M","M","?","E","R","E","T","R","E","$","M","E","R","B",null,"M","?","$","M","M","R","T","E","T","E","?","$","R","M","R","B",null,"R","$","E","B",null],"character_chosen":"THE_CURSED","items_purchased":["ClockworkSouvenir","TheCursedMod:LuckyCharm","Prayer Wheel","Bronze Scales","TheCursedMod:WearCloak","Dota2Spire:OctarineCore","Frozen Eye","Juzu Bracelet","TheCursedMod:CollectTribute","TheCursedMod:CursedRelics","InkBottle","Pen Nib","OrangePellets","TheCursedMod:PinkPellets","Ancient Tea Set","Panache","Dota2Spire:BattleFury","War Paint","Dota2Spire:MaskOfMadness","TheAbacus","Bottled Lightning","Mummified Hand","Dota2Spire:EyeOfSkadi","TheCursedMod:HellfireBreathing"],"campfire_rested":0,"item_purchase_floors":[3,3,3,3,3,29,29,29,29,29,37,37,37,37,37,37,46,46,46,46,46,53,53,53],"current_hp_per_floor":[90,100,110,120,130,140,150,160,170,180,195,205,215,225,235,245,285,285,295,309,313,122,113,123,117,127,137,134,144,139,149,159,169,455,461,413,423,433,425,435,445,450,460,470,480,496,506,516,526,536,631,641,662,672,667],"gold":46,"neow_bonus":"TWO_FIFTY_GOLD","is_daily":false,"chose_seed":false,"campfire_upgraded":8,"win_rate":0.0,"timestamp":1610632192,"path_taken":["M","?","$","?","M","E","R","M","T","E","?","M","M","E","R","BOSS","M","?","M","?","?","E","R","E","T","R","E","$","M","E","R","BOSS","M","?","$","M","M","R","?","E","T","E","?","$","R","M","R","BOSS","R","$","E","BOSS"],"items_purchased_type":["Relic","Card","Relic","Relic","Card","Relic","Relic","Relic","Card","Card","Relic","Relic","Relic","Relic","Relic","Card","Relic","Relic","Relic","Relic","Relic","Relic","Relic","Card"],"build_version":"2020-12-22","purchased_purges":20,"victory":true,"max_hp_per_floor":[120,130,140,150,160,170,180,190,200,210,225,235,245,255,265,275,285,295,305,315,325,335,345,355,365,375,385,395,405,415,425,435,445,455,465,475,485,495,505,515,525,535,545,555,565,581,591,601,611,621,631,641,662,672,682],"card_choices":[{"not_picked":["TheCursedMod:CircleOfFocus","TheCursedMod:FleshFromBone"],"picked":"TheCursedMod:Wield","floor":1.0},{"not_picked":["TheCursedMod:CursedAmulet","TheCursedMod:BloodBarrier"],"picked":"TheCursedMod:WearCloak","floor":5},{"not_picked":["TheCursedMod:FuryStrike","TheCursedMod:CursedShiv","TheCursedMod:Stigma"],"picked":"SKIP","floor":5},{"not_picked":["TheCursedMod:CircleOfCorruption","TheCursedMod:EmpowerCircles"],"picked":"TheCursedMod:CursedBlade","floor":6},{"not_picked":["TheCursedMod:FleshFromBone","TheCursedMod:TacticalStrike"],"picked":"TheCursedMod:CursedAmulet","floor":8},{"not_picked":["TheCursedMod:VitalStrike","TheCursedMod:ReleasedKnowledge","TheCursedMod:ReleasedStrength"],"picked":"SKIP","floor":8},{"not_picked":["TheCursedMod:ReleasedStrength","TheCursedMod:FuryStrike"],"picked":"TheCursedMod:RapidMovement","floor":10},{"not_picked":["TheCursedMod:AshesToAshes","TheCursedMod:SpreadPlague","TheCursedMod:Evocation"],"picked":"SKIP","floor":11},{"not_picked":["TheCursedMod:WearCloak","TheCursedMod:VitalStrike","TheCursedMod:Stretching"],"picked":"SKIP","floor":11},{"not_picked":["TheCursedMod:SpitefulStrike","TheCursedMod:CircleOfFlame"],"picked":"TheCursedMod:CircleOfCorruption","floor":12},{"not_picked":["TheCursedMod:CursedShiv","TheCursedMod:WearCloak","TheCursedMod:ParallelWorld"],"picked":"SKIP","floor":12},{"not_picked":["TheCursedMod:FleshFromBone","TheCursedMod:SurpriseAttack","TheCursedMod:CircleOfFocus"],"picked":"SKIP","floor":13},{"not_picked":["TheCursedMod:SmokeScreen","TheCursedMod:CircleOfFlame","TheCursedMod:SurpriseAttack"],"picked":"SKIP","floor":13},{"not_picked":["TheCursedMod:CursedShiv","TheCursedMod:SurpriseAttack"],"picked":"TheCursedMod:ManaCirculation","floor":14},{"not_picked":["TheCursedMod:DarkBarrier","TheCursedMod:StunningStrike"],"picked":"TheCursedMod:VoidForm","floor":16},{"not_picked":["TheCursedMod:CursedShiv","TheCursedMod:CursedAmulet"],"picked":"TheCursedMod:ManaBullet","floor":18},{"not_picked":["TheCursedMod:Torture","TheCursedMod:CursedMace"],"picked":"TheCursedMod:AshesToAshes+1","floor":18},{"not_picked":["TheCursedMod:Wield","TheCursedMod:ReleasedStrength+1"],"picked":"TheCursedMod:CircleOfCorruption+1","floor":20},{"not_picked":["TheCursedMod:CursedAmulet","TheCursedMod:CircleOfAmplification","TheCursedMod:RapidMovement"],"picked":"SKIP","floor":20},{"not_picked":["TheCursedMod:Wield","TheCursedMod:StingEye","TheCursedMod:SaltUponWound+1"],"picked":"SKIP","floor":21},{"not_picked":["TheCursedMod:VitalStrike","TheCursedMod:OutForBlood","TheCursedMod:CircleOfFlame"],"picked":"SKIP","floor":21},{"not_picked":["TheCursedMod:UltimatePain","TheCursedMod:Stretching"],"picked":"TheCursedMod:LuckyCharm","floor":23},{"not_picked":["TheCursedMod:CursedMace+1","TheCursedMod:Hemoplague+1"],"picked":"TheCursedMod:SurpriseAttack","floor":25},{"not_picked":["TheCursedMod:TacticalStrike","TheCursedMod:SpitefulPlan","TheCursedMod:TroublousMinions+1"],"picked":"SKIP","floor":28},{"not_picked":["TheCursedMod:TacticalStrike","TheCursedMod:Hemoplague+1"],"picked":"TheCursedMod:Wield+1","floor":30},{"not_picked":["TheCursedMod:EmpowerCircles","TheCursedMod:Grudge","TheCursedMod:CursedAmulet"],"picked":"SKIP","floor":30},{"not_picked":["TheCursedMod:SoulReap+1","TheCursedMod:Torture"],"picked":"TheCursedMod:RapidMovement","floor":31},{"not_picked":["TheCursedMod:Neurasthenia","TheCursedMod:DarkBarrier"],"picked":"TheCursedMod:CollectTribute","floor":33},{"not_picked":["TheCursedMod:CursedArmor+1","TheCursedMod:SmokeScreen","TheCursedMod:SaltUponWound"],"picked":"SKIP","floor":35},{"not_picked":["TheCursedMod:CircleOfBlood+1","TheCursedMod:CircleOfCorruption","TheCursedMod:Grudge"],"picked":"SKIP","floor":35},{"not_picked":["TheCursedMod:CircleOfFocus","TheCursedMod:RapidMovement","TheCursedMod:TroublousMinions+1"],"picked":"SKIP","floor":38},{"not_picked":["TheCursedMod:StingEye","TheCursedMod:CursedMace","TheCursedMod:Torture"],"picked":"SKIP","floor":38},{"not_picked":["TheCursedMod:HellsGateOpen","TheCursedMod:Mangle"],"picked":"TheCursedMod:CollectTribute","floor":39},{"not_picked":["TheCursedMod:CursedShiv+1","TheCursedMod:AshesToAshes","TheCursedMod:CircleOfAmplification+1"],"picked":"SKIP","floor":39},{"not_picked":["TheCursedMod:SpitefulStrike","TheCursedMod:CircleOfFlame+1","TheCursedMod:TacticalStrike+1"],"picked":"SKIP","floor":42},{"not_picked":["TheCursedMod:CursedArmor","TheCursedMod:WearCloak","TheCursedMod:CursedBlade+1"],"picked":"SKIP","floor":44},{"not_picked":["Madness","Magnetism"],"picked":"Violence","floor":45},{"not_picked":["TheCursedMod:SmokeScreen","TheCursedMod:RapidMovement"],"picked":"TheCursedMod:BlessingInDisguise","floor":48},{"not_picked":["TheCursedMod:SpitefulStrike","TheCursedMod:CursedMace+1","TheCursedMod:Mangle+1"],"picked":"SKIP","floor":48},{"not_picked":["TheCursedMod:CircleOfFlame","TheCursedMod:Torture+1","TheCursedMod:VitalStrike+1"],"picked":"SKIP","floor":54}],"player_experience":80942,"relics_obtained":[{"floor":6,"key":"TheCursedMod:Tack"},{"floor":10,"key":"Girya"},{"floor":14,"key":"Dota2Spire:EchoSabre"},{"floor":23,"key":"Ornamental Fan"},{"floor":25,"key":"Dota2Spire:ShivaGuard"},{"floor":26,"key":"Dota2Spire:LinkenSphere"},{"floor":28,"key":"Bottled Flame"},{"floor":31,"key":"MawBank"},{"floor":41,"key":"Darkstone Periapt"},{"floor":42,"key":"Anchor"},{"floor":43,"key":"Dota2Spire:Dagon"},{"floor":44,"key":"Ice Cream"},{"floor":54,"key":"Torii"}],"event_choices":[{"damage_healed":0.0,"max_hp_gain":0.0,"max_hp_loss":0.0,"gold_gain":175.0,"event_name":"Liars Game","player_choice":"AGREE","floor":2.0,"gold_loss":0.0,"damage_taken":0.0,"cards_obtained":["Doubt"]},{"damage_healed":0,"gold_gain":0,"player_choice":"Gave Potion","damage_taken":0,"relics_obtained":["Dota2Spire:PowerTreads"],"max_hp_gain":0,"max_hp_loss":0,"event_name":"WeMeetAgain","floor":4,"gold_loss":0},{"damage_healed":0,"gold_gain":0,"cards_transformed":["TheCursedMod:CursedAmulet"],"player_choice":"Transformed","damage_taken":0,"max_hp_gain":0,"max_hp_loss":0,"event_name":"Transmorgrifier","floor":19,"gold_loss":0,"cards_obtained":["TheCursedMod:CircleOfBlood"]},{"damage_healed":0,"gold_gain":1350,"player_choice":"GOLD GOLD GOLD GOLD GOLD GOLD GOLD GOLD GOLD GOLD GOLD GOLD GOLD GOLD GOLD ","damage_taken":201,"max_hp_gain":0,"max_hp_loss":0,"event_name":"Knowing Skull","floor":22,"potions_obtained":[],"gold_loss":0,"cards_obtained":[]},{"damage_healed":0,"gold_gain":0,"player_choice":"Embrace Madness","damage_taken":58,"max_hp_gain":0,"max_hp_loss":0,"event_name":"Winding Halls","floor":36,"gold_loss":0,"cards_obtained":["Madness","Madness"]},{"damage_healed":0,"gold_gain":0,"player_choice":"Memory 1","damage_taken":0,"max_hp_gain":0,"max_hp_loss":0,"event_name":"SensoryStone","floor":45,"gold_loss":0}],"is_beta":false,"boss_relics":[{"not_picked":["Philosopher\u0027s Stone","Busted Crown"],"picked":"Dota2Spire:RefresherOrb"},{"not_picked":["Velvet Choker","Runic Dome"],"picked":"TheCursedMod:FourLeafCloverCharm"}],"items_purged_floors":[3,3,3,3,3,3,3,3,3,29,29,29,29,29,29,37,37,37,37,46],"is_endless":false,"potions_floor_spawned":[1,5,11,21,25,39,42,48,54],"ascension_level":3}}