{"host":"xu0zbcebhy6w9mdv","time":1610601607,"event":{"mods":["AchievementEnabler","Act Like it!","Aspiration","BaseMod","Better Match","Better Third Choice","BetterRewards","Colored Powertips","Downfall","Duelist Mod","Friendly Minions","Gensokyo","Hallownest","Hubris","Infinite Spire","Marisa????????","Minty Spire (QoL Compilation)","Potionbrewer","Quick Restart","READ ME - Guardian Mod","READ ME - Snecko Mod","Rare Cards Sparkle","Replay The Spire","Shop Mod","StSLib","The Animator","The Blackbeard","The Bug Knight","The Cursed","The Hierophant","The Necromancer","The Runesmith","The Servant 0.9.4"],"gold_per_floor":[138,138,138,138,152,152,169,184,184,184,201,201,201,214,214,291,291,308,318,147,159,68,68,85,115,139,139,150,167,167,187,187,264,264,279,295,320,320,58,58,83,102,102,119,138,138,138,164,164,164,164,164,164,81,109,109],"floor_reached":57,"language":"ENG","playtime":10513,"items_purged":["theDuelist:CurseAging","Decay"],"score":3752,"play_id":"e12d1638-da03-453c-bf83-6cfd274ca830","local_time":"20210114002006","is_ascension_mode":true,"campfire_choices":[{"data":"theDuelist:BlizzardThunderbird","floor":6,"key":"SMITH"},{"floor":12,"key":"REST"},{"floor":15,"key":"RECALL"},{"data":"theDuelist:ClearKuriboh","floor":23,"key":"SMITH"},{"floor":27,"key":"REST"},{"data":"ReplayTheSpireMod:Chaos Vortex","floor":40,"key":"SMITH"},{"floor":49,"key":"REST"},{"data":"infinitespire:Oblivion","floor":53,"key":"SMITH"}],"circlet_count":0,"master_deck":["theDuelist:Eva","theDuelist:ClearKuriboh+1","theDuelist:RainbowKuribohBasic","theDuelist:Sparks","theDuelist:IrisEarthMother","Panacea","AscendersBane","ReplayTheSpireMod:Chaos Vortex+1","theDuelist:MudGolem","theDuelist:ObeliskTormentor","theDuelist:CastleWalls+1","theDuelist:Sparks","theDuelist:WhiteMagicalHat","theDuelist:RainbowFlower","theDuelist:DunamesDarkWitch+1","theDuelist:KamionTimelord","theDuelist:RainbowNeos","theDuelist:CastleWalls","theDuelist:HappyLover","theDuelist:BlizzardThunderbird+1","infinitespire:Oblivion+1"],"relics":["theDuelist:MillenniumPuzzle","theDuelist:CardPoolRelic","theDuelist:CardPoolBasicRelic","theDuelist:BoosterPackPoolRelic","theDuelist:CardPoolAddRelic","theDuelist:CardPoolMinusRelic","theDuelist:CardPoolSaveRelic","theDuelist:CardPoolOptionsRelic","Iron Hammer","infinitespire:SolderingIron","theDuelist:MillenniumArmor","theDuelist:GamblerChip","War Paint","PreservedInsect","Orichalcum","aspiration:PoetsPen_weak","theDuelist:ElectricToken","Toolbox","Replay:Baseball","Replay:Mystery Machine","infinitespire:Lucky Rock"],"acts_visited":["Exordium","TheCity","TheBeyond","TheEnding"],"potions_floor_usage":[29,33,33,42,50,55,56],"damage_taken":[{"damage":0,"enemies":"Small Slimes","floor":1,"turns":4},{"damage":0,"enemies":"Jaw Worm","floor":5,"turns":5},{"damage":5,"enemies":"2 Louse","floor":7,"turns":3},{"damage":6,"enemies":"Red Slaver","floor":8,"turns":5},{"damage":7,"enemies":"Large Slime","floor":11,"turns":6},{"damage":0,"enemies":"3 Louse","floor":14,"turns":4},{"damage":0,"enemies":"Hexaghost","floor":16,"turns":9},{"damage":10,"enemies":"2 Thieves","floor":18,"turns":4},{"damage":4,"enemies":"Spheric Guardian","floor":19,"turns":4},{"damage":0,"enemies":"Centurion and Healer","floor":21,"turns":3},{"damage":0,"enemies":"3 Cultists","floor":24,"turns":2},{"damage":5,"enemies":"Book of Stabbing","floor":25,"turns":5},{"damage":0,"enemies":"Snake Plant","floor":28,"turns":2},{"damage":0,"enemies":"Cultist and Chosen","floor":29,"turns":5},{"damage":0,"enemies":"Centurion and Healer","floor":31,"turns":5},{"damage":0,"enemies":"Collector","floor":33,"turns":6},{"damage":0,"enemies":"3 Darklings","floor":35,"turns":3},{"damage":0,"enemies":"Orb Walker","floor":36,"turns":2},{"damage":0,"enemies":"Mind Bloom Boss Battle","floor":37,"turns":6},{"damage":18,"enemies":"Nemesis","floor":41,"turns":5},{"damage":0,"enemies":"Transient","floor":42,"turns":5},{"damage":0,"enemies":"4 Shapes","floor":44,"turns":2},{"damage":0,"enemies":"3 Darklings","floor":45,"turns":3},{"damage":0,"enemies":"R_Hoarder","floor":48,"turns":8},{"damage":0,"enemies":"infinitespire:MassOfShapes","floor":50,"turns":6},{"damage":0,"enemies":"Awakened One","floor":51,"turns":7},{"damage":35,"enemies":"Shield and Spear","floor":55,"turns":5},{"damage":0,"enemies":"The Heart","floor":56,"turns":9}],"seed_played":"4256968518729246280","potions_obtained":[{"floor":7,"key":"FearPotion"},{"floor":8,"key":"sneckomod:MuddlingPotion"},{"floor":29,"key":"potionbrewer:AcidPotion"},{"floor":37,"key":"potionbrewer:ToxicPotion"},{"floor":41,"key":"Explosive Potion"},{"floor":44,"key":"theDuelist:MillenniumElixir"}],"is_trial":false,"path_per_floor":["M","?","?","?","M","R","M","M","T","?","M","R","?","M","R","B",null,"M","M","$","M","$","R","M","E","T","R","M","M","AVR","M","R","B",null,"M","M","?","?","$","R","E","M","T","M","M","$","?","E","R","B","B",null,"R","$","E","B",null],"character_chosen":"THE_DUELIST","items_purchased":["theDuelist:WhiteMagicalHat","theDuelist:ObeliskTormentor","theDuelist:BlizzardThunderbird","theDuelist:MudGolem","Panacea","Toolbox","theDuelist:FusionPotion"],"campfire_rested":3,"item_purchase_floors":[0,0,0,20,22,39,54],"current_hp_per_floor":[63,67,67,67,67,67,62,56,56,56,49,70,70,70,70,70,70,60,56,56,56,56,56,56,51,51,70,70,70,70,70,70,70,70,70,70,70,70,70,70,52,52,52,52,52,52,52,52,70,70,70,70,70,70,35,35],"gold":109,"neow_bonus":"","is_daily":false,"chose_seed":false,"campfire_upgraded":4,"win_rate":0.0,"timestamp":1610601606,"path_taken":["M","?","?","?","M","R","M","?","T","?","M","R","?","M","R","BOSS","M","M","$","M","$","R","M","E","T","R","M","?","AVR","M","R","BOSS","M","M","?","?","$","R","E","M","T","M","?","$","?","E","R","BOSS","BOSS","R","$","E","BOSS"],"items_purchased_type":["Card","Card","Card","Card","Card","Relic","Potion"],"build_version":"2020-12-22","purchased_purges":2,"victory":true,"max_hp_per_floor":[70,70,70,70,70,70,70,70,70,70,70,70,70,70,70,70,70,70,70,70,70,70,70,70,70,70,70,70,70,70,70,70,70,70,70,70,70,70,70,70,70,70,70,70,70,70,70,70,70,70,70,70,70,70,70,70],"card_choices":[{"not_picked":["theDuelist:BlizzardWarrior","theDuelist:OhFish","theDuelist:Biofalcon","theDuelist:RainbowNeos","theDuelist:SpiritPharaoh"],"picked":"SKIP","floor":1},{"not_picked":["theDuelist:DunamesDarkWitch","theDuelist:Eva","theDuelist:RainbowDarkDragon","theDuelist:RainbowMagician"],"picked":"theDuelist:IrisEarthMother","floor":5},{"not_picked":["theDuelist:GadgetSoldier","theDuelist:SuperancientDinobeast","theDuelist:Zombyra","theDuelist:CallMummy","theDuelist:Jinzo"],"picked":"SKIP","floor":7},{"not_picked":["theDuelist:Fissure","theDuelist:Hinotama","theDuelist:GauntletWarrior","theDuelist:LightningVortex"],"picked":"theDuelist:ClearKuriboh","floor":8},{"not_picked":["theDuelist:Cloning","theDuelist:FuryFire+1","theDuelist:LightningDarts","theDuelist:OneForOne+1","theDuelist:Wiretap"],"picked":"SKIP","floor":11},{"not_picked":["theDuelist:LightningVortex","theDuelist:DropOff","theDuelist:GolemSentry","theDuelist:Hinotama","theDuelist:EvilswarmHeliotrope"],"picked":"SKIP","floor":14},{"not_picked":["theDuelist:DunamesDarkWitch","theDuelist:HappyLover","theDuelist:RainbowDragon","theDuelist:MaleficRainbowDragon"],"picked":"theDuelist:KamionTimelord","floor":16},{"not_picked":["theDuelist:BattleguardKing","theDuelist:WormApocalypse","theDuelist:DarklordSuperbia","theDuelist:ChangeHeart","theDuelist:RainbowOverdragon"],"picked":"SKIP","floor":18},{"not_picked":["theDuelist:Biofalcon+1","theDuelist:ShadowVampire","theDuelist:FlyingSaucer","theDuelist:ShallowGrave","theDuelist:AlphaMagnet"],"picked":"SKIP","floor":19},{"not_picked":["theDuelist:WhiteHowling","theDuelist:IronDraw","theDuelist:RainbowLife","theDuelist:RainbowJar"],"picked":"theDuelist:CrystalRaigeki","floor":21},{"not_picked":["theDuelist:Lajinn","theDuelist:RainbowNeos+1","theDuelist:FiendMegacyber","theDuelist:DragonPiper","theDuelist:RainbowDragon"],"picked":"SKIP","floor":24},{"not_picked":["theDuelist:ZombieWarrior","theDuelist:YamataDragon+1","theDuelist:CurseDragon","theDuelist:RainbowDragon","theDuelist:Biofalcon"],"picked":"SKIP","floor":25},{"not_picked":["theDuelist:BlizzardWarrior","theDuelist:NeoMagic","theDuelist:DesLacooda+1","theDuelist:DunamesDarkWitch","theDuelist:FogKing"],"picked":"SKIP","floor":28},{"not_picked":["theDuelist:ArchfiendSoldier","theDuelist:CatShark","theDuelist:RainbowFlower","theDuelist:RainbowDragon","theDuelist:DarkEnergy"],"picked":"SKIP","floor":29},{"not_picked":["theDuelist:ZombieWarrior","theDuelist:GoblinZombie","theDuelist:KingYami","theDuelist:SevenColoredFish","theDuelist:Zombyra"],"picked":"SKIP","floor":31},{"not_picked":["theDuelist:RainbowFlower","theDuelist:MaleficRainbowDragon","theDuelist:IrisEarthMother","theDuelist:KamionTimelord"],"picked":"theDuelist:HappyLover","floor":33},{"not_picked":["theDuelist:RainbowFlower+1","theDuelist:RainbowNeos+1","theDuelist:DunamesDarkWitch","theDuelist:RainbowDragon"],"picked":"theDuelist:HappyLover","floor":35},{"not_picked":["theDuelist:FabledAshenveil","theDuelist:TwinHeadedFire","theDuelist:OhFish","theDuelist:BabyDragon","theDuelist:Umi"],"picked":"SKIP","floor":36},{"not_picked":["theDuelist:EarthquakeGiant","theDuelist:GaiaMidNightSun+1","theDuelist:LightningRodLord","theDuelist:MillenniumGolem+1","theDuelist:ClearKuriboh"],"picked":"SKIP","floor":41},{"not_picked":["theDuelist:AttackTheMoon","theDuelist:BlackPendant","theDuelist:GilfordLegend","theDuelist:ReleaseFromStone","theDuelist:CatapultZone+1"],"picked":"SKIP","floor":42},{"not_picked":["theDuelist:AlphaMagnet","theDuelist:KingYami+1","theDuelist:TwinHeadedFire","theDuelist:RainbowNeos+1","theDuelist:SummonedSkull+1"],"picked":"SKIP","floor":44},{"not_picked":["theDuelist:ExploderDragonwing","theDuelist:StardustDragon","theDuelist:MaleficRainbowDragon+1","theDuelist:RainbowDarkDragon+1","theDuelist:IrisEarthMother"],"picked":"SKIP","floor":45},{"not_picked":["theDuelist:GateGuardian+1","theDuelist:IceQueen"],"picked":"theDuelist:CallGrave","floor":48},{"not_picked":["theDuelist:MaskedDragon+1","theDuelist:BabyDragon+1","theDuelist:RainbowNeos+1","theDuelist:Eva+1","theDuelist:RainbowOverdragon+1"],"picked":"SKIP","floor":55}],"player_experience":615085,"relics_obtained":[{"floor":9,"key":"Iron Hammer"},{"floor":10,"key":"infinitespire:SolderingIron"},{"floor":25,"key":"War Paint"},{"floor":26,"key":"PreservedInsect"},{"floor":37,"key":"theDuelist:ElectricToken"},{"floor":41,"key":"Replay:Baseball"},{"floor":48,"key":"Replay:Mystery Machine"},{"floor":55,"key":"infinitespire:Lucky Rock"}],"event_choices":[{"damage_healed":0,"gold_gain":0,"player_choice":"Leave","duelist":true,"damage_taken":0,"max_hp_gain":0,"max_hp_loss":0,"event_name":"Egyptian Village","floor":3,"gold_loss":0},{"damage_healed":0,"gold_gain":0,"player_choice":"Ignored","damage_taken":0,"max_hp_gain":0,"max_hp_loss":0,"event_name":"Purifier","floor":4,"gold_loss":0},{"damage_healed":0,"gold_gain":0,"player_choice":"Took item - Received: Millennium Armor","duelist":true,"damage_taken":0,"max_hp_gain":0,"max_hp_loss":0,"event_name":"Millennium Items","floor":13,"gold_loss":0},{"damage_healed":0,"gold_gain":0,"player_choice":"Ignored","damage_taken":0,"max_hp_gain":0,"max_hp_loss":0,"event_name":"Ghosts","floor":32,"gold_loss":0},{"damage_healed":0,"gold_gain":0,"player_choice":"Fight","damage_taken":0,"max_hp_gain":0,"max_hp_loss":0,"event_name":"MindBloom","floor":37,"gold_loss":0},{"damage_healed":0,"gold_gain":0,"player_choice":"Cursed","damage_taken":0,"max_hp_gain":0,"max_hp_loss":0,"event_name":"Wheel of Change","floor":38,"gold_loss":0,"cards_obtained":["Decay"]},{"cards_removed":["theDuelist:Hayate"],"damage_healed":0,"gold_gain":0,"player_choice":"Removed Attack","damage_taken":0,"max_hp_gain":0,"max_hp_loss":0,"event_name":"Falling","floor":47,"gold_loss":0}],"is_beta":false,"boss_relics":[{"not_picked":["HoveringKite","Inserter"],"picked":"theDuelist:GamblerChip"},{"not_picked":["hubris:HollowSoul","Replay:Ancient Bell"],"picked":"aspiration:PoetsPen_weak"}],"items_purged_floors":[20,39],"is_endless":false,"potions_floor_spawned":[7,8,14,16,19,21,29,37,41,44],"ascension_level":20}}