{"host":"qgru5siit3fz0wh9","time":1610635691,"event":{"mods":["AchievementEnabler","BaseMod","Highlight Path","Minty Spire (QoL Compilation)"],"gold_per_floor":[112,112,72,36,50,81,81,104,128,128,172,191,191,204,204,335,335,353,353,353],"floor_reached":19,"language":"ENG","playtime":1227,"items_purged":[],"score":195,"play_id":"80cda449-2ccc-4fee-ada3-5560874b5f4a","local_time":"20210114154811","is_ascension_mode":true,"campfire_choices":[{"floor":10,"key":"REST"},{"floor":13,"key":"REST"},{"floor":15,"key":"REST"}],"circlet_count":0,"master_deck":["Eruption","Vigilance","FollowUp","Regret","InnerPeace","EmptyMind","Swivel","FollowUp","CrushJoints","ReachHeaven","Crescendo","Devotion","Wireheading","Wallop","MasterReality","CarveReality","Protect","JustLucky","Alpha","Vengeance"],"relics":["SacredBark","Bag of Preparation","Strawberry","Golden Idol","Blood Vial","FossilizedHelix","Pandora\u0027s Box"],"acts_visited":["Exordium","TheCity"],"potions_floor_usage":[6,6,11,16,16,16,19],"damage_taken":[{"damage":0,"enemies":"2 Louse","floor":1,"turns":4},{"damage":12,"enemies":"Jaw Worm","floor":5,"turns":3},{"damage":40,"enemies":"Gremlin Nob","floor":6,"turns":3},{"damage":5,"enemies":"Cultist","floor":8,"turns":2},{"damage":40,"enemies":"Lagavulin","floor":11,"turns":8},{"damage":3,"enemies":"Exordium Wildlife","floor":12,"turns":4},{"damage":2,"enemies":"2 Fungi Beasts","floor":14,"turns":4},{"damage":28,"enemies":"Hexaghost","floor":16,"turns":6},{"damage":39,"enemies":"2 Thieves","floor":18,"turns":4},{"damage":65,"enemies":"Shell Parasite","floor":19,"turns":4}],"seed_played":"-7706044909783639162","potions_obtained":[{"floor":3,"key":"ColorlessPotion"},{"floor":3,"key":"Explosive Potion"},{"floor":3,"key":"Strength Potion"},{"floor":6,"key":"SpeedPotion"},{"floor":12,"key":"BottledMiracle"},{"floor":14,"key":"SpeedPotion"},{"floor":16,"key":"Regen Potion"}],"is_trial":false,"path_per_floor":["M","?","?","$","M","E","?","M","T","R","E","M","R","M","R","B",null,"M","M"],"character_chosen":"WATCHER","items_purchased":["InnerPeace"],"campfire_rested":3,"item_purchase_floors":[4],"current_hp_per_floor":[72,72,72,72,60,27,27,22,22,43,5,4,25,25,46,20,73,34,0,0],"gold":353,"neow_bonus":"BOSS_RELIC","is_daily":false,"chose_seed":false,"campfire_upgraded":0,"win_rate":0.0,"timestamp":1610635691,"path_taken":["M","?","?","$","?","E","?","M","T","R","E","M","R","M","R","BOSS","M","M"],"items_purchased_type":["Card"],"build_version":"2020-12-22","purchased_purges":0,"victory":false,"max_hp_per_floor":[72,72,72,72,72,79,73,73,73,73,73,73,73,73,73,73,73,73,73,73],"card_choices":[{"not_picked":["BowlingBash","ClearTheMind"],"picked":"FollowUp","floor":1},{"not_picked":["WheelKick","FlurryOfBlows"],"picked":"EmptyMind","floor":5},{"not_picked":["Wireheading","EmptyFist"],"picked":"Swivel","floor":6},{"not_picked":["Protect","EmptyBody"],"picked":"FollowUp","floor":8},{"not_picked":["Swivel","FearNoEvil"],"picked":"CrushJoints","floor":11},{"not_picked":["BowlingBash","ThirdEye"],"picked":"ReachHeaven","floor":12},{"not_picked":["EmptyMind","Consecrate"],"picked":"Crescendo","floor":14},{"not_picked":["ConjureBlade","Brilliance"],"picked":"Devotion","floor":16},{"not_picked":["FlurryOfBlows","Swivel","Evaluate"],"picked":"SKIP","floor":18}],"player_experience":389945,"relics_obtained":[{"floor":6,"key":"Strawberry"},{"floor":9,"key":"Blood Vial"},{"floor":11,"key":"FossilizedHelix"}],"event_choices":[{"damage_healed":0,"gold_gain":0,"player_choice":"Box","damage_taken":0,"relics_obtained":["Bag of Preparation"],"max_hp_gain":0,"max_hp_loss":0,"event_name":"Big Fish","floor":2,"gold_loss":0,"cards_obtained":["Regret"]},{"damage_healed":0,"gold_gain":0,"player_choice":"Bought 3 Potions","damage_taken":0,"max_hp_gain":0,"max_hp_loss":0,"event_name":"The Woman in Blue","floor":3,"gold_loss":0},{"damage_healed":0,"gold_gain":0,"player_choice":"Lose Max HP","damage_taken":0,"relics_obtained":["Golden Idol"],"max_hp_gain":0,"max_hp_loss":6,"event_name":"Golden Idol","floor":7,"gold_loss":0}],"is_beta":false,"boss_relics":[{"not_picked":["Tiny House","Snecko Eye"],"picked":"Pandora\u0027s Box"}],"items_purged_floors":[],"is_endless":false,"potions_floor_spawned":[6,12,14,16],"killed_by":"Shell Parasite","ascension_level":2}}