{"host":"a4220vmwe0snk9yx","time":1610632886,"event":{"mods":["100% Spire Juice","AchievementEnabler","BaseMod","Bestiary","Better Skull","BetterRewards","CapriCore","Card Forge","Chen","Gold Saver","HololiveMod","Koishi","Marisa（霧雨　魔理沙）","Minty Spire (QoL Compilation)","Prisma Mod","Reimu（博??梦）","StSLib","SuperFastMode","The Alterego","The Animator","The Immortal","The Wild Card","Waifu the Spire","WarShipGirlsR/??少女R mod","Yakumo Yukari mod"],"gold_per_floor":[757,798,865,865,281,325,439,479,553,760,760,812,812,812,812,1280,1280,1293,896,947,516,535,589,604,651,675,688,688,688,728,774,774,868,868,906,886,886,886,960,991,991,1030,1065,1077,934,973,973,1356,1356,1372,1372,1372,1372,1436,1480,1480],"floor_reached":55,"language":"ENG","playtime":3401,"items_purged":["Strike_MRS","Defend_MRS","Strike_MRS","Strike_MRS","MasterSpark","Defend_MRS"],"score":1942,"play_id":"33d57f4f-615b-4f84-a753-db84c3523fd9","local_time":"20210114090126","is_ascension_mode":true,"campfire_choices":[{"data":"OneTimeOff","floor":11,"key":"SMITH"},{"data":"MagicChant","floor":13,"key":"SMITH"},{"data":"Defend_MRS","floor":15,"key":"SMITH"},{"floor":29,"key":"RECALL"},{"data":"Defend_MRS","floor":32,"key":"SMITH"},{"data":"Finesse","floor":41,"key":"SMITH"},{"data":"ChargingUp","floor":47,"key":"SMITH"},{"data":"GalacticHalo","floor":49,"key":"SMITH"},{"data":"PowerUp","floor":52,"key":"SMITH"}],"circlet_count":0,"master_deck":["AscendersBane","Defend_MRS+1","Defend_MRS+1","UpSweep","PowerUp+1","Robbery","GalacticHalo+1","Finesse+1","MagicChant+1","StarBarrage+1","OneTimeOff+1","Singularity","BlazingStar+1","ChargingUp+1","PowerUp","Swift Strike+1","PropBag+1","AbsoluteMagnitude+1","NonDirectionalLaser+1","Finesse+1"],"relics":["MiniHakkero","Hammer of Thor","Seething Fire","Anvil of the Gods","Molten Egg 2","Pantograph","Frozen Eye","Toy Ornithopter","Mango","Matryoshka","Juzu Bracelet","Golden Idol","Coffee Dripper","Singing Bowl","Toolbox","Blood Vial","Mastiff:ReiMu","Gremlin Horn","Oddly Smooth Stone","Nunchaku","Potion Belt","Busted Crown","Regal Pillow","MawBank","Strawberry","Vajra","HandmadeGrimoire","Old Coin","Anchor","Meat on the Bone"],"acts_visited":["Exordium","TheCity","TheBeyond","TheEnding"],"potions_floor_usage":[6,8,16,18,23,23,30,55,55,55],"damage_taken":[{"damage":4,"enemies":"2 Louse","floor":1,"turns":5},{"damage":9,"enemies":"Small Slimes","floor":2,"turns":5},{"damage":9,"enemies":"Jaw Worm","floor":3,"turns":6},{"damage":18,"enemies":"3 Sentries","floor":6,"turns":9},{"damage":1,"enemies":"Large Slime","floor":7,"turns":6},{"damage":5,"enemies":"Gremlin Nob","floor":8,"turns":5},{"damage":10,"enemies":"Lagavulin","floor":10,"turns":7},{"damage":0,"enemies":"Looter","floor":12,"turns":4},{"damage":9,"enemies":"The Guardian","floor":16,"turns":7},{"damage":9,"enemies":"2 Thieves","floor":18,"turns":3},{"damage":2,"enemies":"Spheric Guardian","floor":20,"turns":4},{"damage":19,"enemies":"Snake Plant","floor":22,"turns":3},{"damage":20,"enemies":"Book of Stabbing","floor":23,"turns":4},{"damage":5,"enemies":"Chosen and Byrds","floor":24,"turns":4},{"damage":12,"enemies":"Gremlin Leader","floor":25,"turns":4},{"damage":9,"enemies":"Centurion and Healer","floor":27,"turns":3},{"damage":5,"enemies":"Slavers","floor":30,"turns":4},{"damage":3,"enemies":"Sentry and Sphere","floor":31,"turns":3},{"damage":7,"enemies":"Collector","floor":33,"turns":5},{"damage":7,"enemies":"Orb Walker","floor":35,"turns":2},{"damage":5,"enemies":"3 Shapes","floor":39,"turns":2},{"damage":24,"enemies":"Nemesis","floor":40,"turns":3},{"damage":0,"enemies":"Giant Head","floor":42,"turns":3},{"damage":26,"enemies":"Reptomancer","floor":46,"turns":3},{"damage":0,"enemies":"Giant Head","floor":48,"turns":5},{"damage":10,"enemies":"Awakened One","floor":50,"turns":5},{"damage":89,"enemies":"Shield and Spear","floor":54,"turns":5},{"damage":64,"enemies":"The Heart","floor":55,"turns":3}],"seed_played":"4347364671050311936","potions_obtained":[{"floor":2,"key":"Weak Potion"},{"floor":3,"key":"GamblersBrew"},{"floor":10,"key":"Explosive Potion"},{"floor":12,"key":"Dexterity Potion"},{"floor":18,"key":"ZuzhouPotion:ReiMu"},{"floor":20,"key":"Strength Potion"},{"floor":22,"key":"AttackPotion"},{"floor":27,"key":"SkillPotion"},{"floor":30,"key":"LiquidBronze"},{"floor":40,"key":"BlessingOfTheForge"},{"floor":42,"key":"Energy Potion"},{"floor":54,"key":"CultistPotion"}],"is_trial":false,"path_per_floor":["M","M","M","?","$","E","M","E","T","E","R","M","R","?","R","B",null,"M","$","M","$","M","E","M","E","T","M","?","R","E","M","R","B",null,"M","?","?","?","M","E","R","E","T","?","$","E","R","E","R","B",null,"R","$","E","B"],"character_chosen":"MARISA","items_purchased":["PowerUp","Robbery","GalacticHalo","Molten Egg 2","Finesse","MagicChant","Pantograph","Frozen Eye","Singing Bowl","Toolbox","Blood Vial","Swift Strike+1","Vajra"],"campfire_rested":0,"item_purchase_floors":[0,0,0,0,0,0,5,5,19,19,21,21,45],"current_hp_per_floor":[64,55,46,39,39,21,20,34,34,24,24,24,24,24,24,45,73,69,69,67,67,52,44,43,33,33,28,28,28,30,31,31,53,82,79,85,85,85,84,64,64,68,75,75,75,53,53,57,57,74,106,106,106,21,0,0],"gold":1480,"neow_bonus":"","is_daily":false,"chose_seed":false,"campfire_upgraded":8,"win_rate":0.0,"timestamp":1610632886,"path_taken":["M","M","M","?","$","E","M","E","T","E","R","M","R","?","R","BOSS","M","$","M","$","M","E","M","E","T","M","?","R","E","M","R","BOSS","M","?","?","?","M","E","R","E","T","?","$","E","R","E","R","BOSS","R","$","E","BOSS"],"items_purchased_type":["Card","Card","Card","Relic","Card","Card","Relic","Relic","Relic","Relic","Relic","Card","Relic"],"build_version":"2020-12-22","purchased_purges":6,"victory":false,"max_hp_per_floor":[75,75,75,75,75,75,75,89,89,89,89,89,89,82,82,82,82,82,82,82,82,84,84,86,86,86,88,88,88,88,90,90,92,92,94,100,100,100,102,104,104,106,113,113,113,115,115,117,117,117,117,117,117,119,119,119],"card_choices":[{"not_picked":["DC+1","DoubleSpark+1","FairyDestructionRay+1"],"picked":"SKIP","floor":1},{"not_picked":["LuminesStrike+1","WitchOfGreed"],"picked":"StarBarrage+1","floor":2},{"not_picked":["WitchOfGreed","MeteoricShower+1","MysteriousBeam+1"],"picked":"SKIP","floor":3},{"not_picked":["Acceleration","SporeBomb"],"picked":"OneTimeOff","floor":6},{"not_picked":["SporeBomb","AsteroidBelt","MagicChant"],"picked":"SKIP","floor":7},{"not_picked":["EscapeVelocity","GasGiant"],"picked":"MilkyWay","floor":8},{"not_picked":["NonDirectionalLaser+1","WitchOfGreed"],"picked":"Singularity","floor":10},{"not_picked":["DC+1","MilkyWay","WitchOfGreed"],"picked":"SKIP","floor":12},{"not_picked":["SatelliteIllusion","TreasureHunter+1"],"picked":"BlazingStar+1","floor":16},{"not_picked":["WitchLeyline+1","WitchOfGreed"],"picked":"ChargingUp","floor":18},{"not_picked":["MilkyWay","GravityBeat+1"],"picked":"PowerUp","floor":20},{"not_picked":["UnstableBomb+1","StarlightTyphoon","AsteroidBelt"],"picked":"Singing Bowl","floor":22},{"not_picked":["BigCrunch","OrrerysSun"],"picked":"PropBag+1","floor":23},{"not_picked":["NonDirectionalLaser+1","GravityBeat+1","DoubleSpark+1"],"picked":"Singing Bowl","floor":24},{"not_picked":["DC+1","PropBag+1"],"picked":"AbsoluteMagnitude+1","floor":25},{"not_picked":["Acceleration","NonDirectionalLaser+1","IllusionStar+1"],"picked":"Singing Bowl","floor":27},{"not_picked":["MachineGunSpark+1","MillisecondPulsars"],"picked":"NonDirectionalLaser+1","floor":30},{"not_picked":["GrandCross+1","Acceleration+1","IllusionStar"],"picked":"Singing Bowl","floor":31},{"not_picked":["EscapeVelocity","TreasureHunter+1","AbsoluteMagnitude+1"],"picked":"Singing Bowl","floor":33},{"not_picked":["GalacticHalo"],"picked":"Singing Bowl","floor":35},{"not_picked":["DC"],"picked":"Singing Bowl","floor":36},{"not_picked":["AsteroidBelt"],"picked":"Singing Bowl","floor":36},{"not_picked":["BigCrunch"],"picked":"Singing Bowl","floor":36},{"not_picked":["WitchLeyline+1"],"picked":"Singing Bowl","floor":39},{"not_picked":["ShootingEcho+1"],"picked":"Singing Bowl","floor":40},{"not_picked":["GrandCross+1"],"picked":"Singing Bowl","floor":42},{"not_picked":["MysteriousBeam+1"],"picked":"Singing Bowl","floor":46},{"not_picked":["SuperPerseids+1"],"picked":"Singing Bowl","floor":48},{"not_picked":["OpenUniverse"],"picked":"Singing Bowl","floor":54}],"player_experience":905149,"relics_obtained":[{"floor":6,"key":"Toy Ornithopter"},{"floor":8,"key":"Mango"},{"floor":9,"key":"Matryoshka"},{"floor":10,"key":"Juzu Bracelet"},{"floor":23,"key":"Mastiff:ReiMu"},{"floor":25,"key":"Gremlin Horn"},{"floor":26,"key":"Oddly Smooth Stone"},{"floor":26,"key":"Nunchaku"},{"floor":30,"key":"Potion Belt"},{"floor":40,"key":"Regal Pillow"},{"floor":42,"key":"MawBank"},{"floor":43,"key":"Strawberry"},{"floor":46,"key":"HandmadeGrimoire"},{"floor":48,"key":"Old Coin"},{"floor":54,"key":"Anchor"}],"event_choices":[{"cards_removed":["Strike_MRS"],"damage_healed":0,"gold_gain":0,"player_choice":"Card Removal","damage_taken":7,"max_hp_gain":0,"max_hp_loss":0,"event_name":"Golden Wing","floor":4,"gold_loss":0},{"damage_healed":0,"gold_gain":0,"player_choice":"Lose Max HP","damage_taken":0,"relics_obtained":["Golden Idol"],"max_hp_gain":0,"max_hp_loss":7,"event_name":"Golden Idol","floor":14,"gold_loss":0},{"damage_healed":0,"gold_gain":0,"player_choice":"Ignored","damage_taken":0,"max_hp_gain":0,"max_hp_loss":0,"event_name":"Vampires","floor":28,"gold_loss":0},{"damage_healed":0,"gold_gain":0,"player_choice":"Ignored","damage_taken":0,"max_hp_gain":0,"max_hp_loss":0,"event_name":"Tomb of Lord Red Mask","floor":37,"gold_loss":0},{"cards_removed":["MilkyWay"],"damage_healed":0,"gold_gain":0,"player_choice":"Removed Skill","damage_taken":0,"max_hp_gain":0,"max_hp_loss":0,"event_name":"Falling","floor":38,"gold_loss":0},{"damage_healed":0,"gold_gain":0,"player_choice":"Copied","damage_taken":0,"max_hp_gain":0,"max_hp_loss":0,"event_name":"Duplicator","floor":44,"gold_loss":0,"cards_obtained":["Finesse"]}],"is_beta":false,"boss_relics":[{"not_picked":["Empty Cage","Philosopher\u0027s Stone"],"picked":"Coffee Dripper"},{"not_picked":["Cursed Key","Runic Dome"],"picked":"Busted Crown"}],"items_purged_floors":[0,0,0,0,5,21],"is_endless":false,"potions_floor_spawned":[2,3,10,12,18,20,22,27,30,40,42,54],"killed_by":"The Heart","ascension_level":13}}