{"host":"d85gwtocd8go8gx0","time":1610616797,"event":{"mods":["BaseMod","Highlight Path","Minty Spire (QoL Compilation)","Permanent Neow","Quick Restart"],"gold_per_floor":[119,44,61,81,81,114,131,161,161,161,192,206,232,250,250,326,326,345,360,360,360,360,394,444,444,494,529,529,549,575,595,595,667,667,680,570,495,506,31,57,57,57,83,103,156,173,5,20,20,20],"floor_reached":51,"language":"ENG","playtime":2356,"items_purged":["Berserk"],"score":1630,"play_id":"1f93a472-1980-4c94-b38b-8dd613a0e948","local_time":"20210114013317","is_ascension_mode":true,"campfire_choices":[{"floor":10.0,"key":"REST"},{"data":"Spot Weakness","floor":15.0,"key":"SMITH"},{"data":"Limit Break","floor":28.0,"key":"SMITH"},{"data":"Flex","floor":32.0,"key":"SMITH"},{"floor":41.0,"key":"REST"},{"floor":49.0,"key":"RECALL"}],"circlet_count":0,"master_deck":["AscendersBane","Bash+1","Anger","Dropkick","Reaper","Inflame","True Grit","Second Wind","Spot Weakness+1","Inflame","Clothesline","Flex+1","Sword Boomerang","Heavy Blade","Pummel","Heavy Blade","Twin Strike","Heavy Blade","Sword Boomerang+1","Twin Strike","Flex+1","J.A.X.","Limit Break+1","Sword Boomerang+1","Double Tap","Whirlwind","Flex","Parasite"],"relics":["Pandora\u0027s Box","Pocketwatch","Magic Flower","Gremlin Horn","White Beast Statue","Ornamental Fan","Runic Cube","Eternal Feather","PreservedInsect","Bag of Preparation","Incense Burner","Pantograph","Fusion Hammer","ClockworkSouvenir","HornCleat","Blue Candle","Bronze Scales","Orichalcum","Brimstone"],"acts_visited":["Exordium","TheCity","TheBeyond"],"potions_floor_usage":[50,50],"damage_taken":[{"damage":12.0,"enemies":"2 Louse","floor":1.0,"turns":3.0},{"damage":20.0,"enemies":"Small Slimes","floor":3.0,"turns":3.0},{"damage":4.0,"enemies":"Cultist","floor":4.0,"turns":3.0},{"damage":20.0,"enemies":"Lagavulin","floor":6.0,"turns":5.0},{"damage":0.0,"enemies":"Exordium Wildlife","floor":7.0,"turns":3.0},{"damage":35.0,"enemies":"3 Sentries","floor":8.0,"turns":6.0},{"damage":8.0,"enemies":"Lagavulin","floor":11.0,"turns":5.0},{"damage":0.0,"enemies":"3 Louse","floor":12.0,"turns":2.0},{"damage":20.0,"enemies":"3 Sentries","floor":13.0,"turns":3.0},{"damage":18.0,"enemies":"2 Fungi Beasts","floor":14.0,"turns":3.0},{"damage":0.0,"enemies":"Slime Boss","floor":16.0,"turns":4.0},{"damage":15.0,"enemies":"Shell Parasite","floor":18.0,"turns":3.0},{"damage":11.0,"enemies":"Spheric Guardian","floor":19.0,"turns":3.0},{"damage":44.0,"enemies":"Book of Stabbing","floor":23.0,"turns":4.0},{"damage":2.0,"enemies":"Slavers","floor":27.0,"turns":3.0},{"damage":23.0,"enemies":"Centurion and Healer","floor":29.0,"turns":4.0},{"damage":14.0,"enemies":"Book of Stabbing","floor":30.0,"turns":2.0},{"damage":21.0,"enemies":"Cultist and Chosen","floor":31.0,"turns":3.0},{"damage":17.0,"enemies":"Automaton","floor":33.0,"turns":4.0},{"damage":16.0,"enemies":"Orb Walker","floor":35.0,"turns":2.0},{"damage":21.0,"enemies":"3 Darklings","floor":38.0,"turns":3.0},{"damage":5.0,"enemies":"Giant Head","floor":40.0,"turns":4.0},{"damage":12.0,"enemies":"Sphere and 2 Shapes","floor":44.0,"turns":3.0},{"damage":4.0,"enemies":"Spire Growth","floor":46.0,"turns":3.0},{"damage":0.0,"enemies":"Writhing Mass","floor":48.0,"turns":3.0},{"damage":47,"enemies":"Donu and Deca","floor":50,"turns":3}],"seed_played":"701385078996911413","potions_obtained":[{"floor":1.0,"key":"Weak Potion"},{"floor":3.0,"key":"LiquidMemories"},{"floor":11.0,"key":"LiquidBronze"},{"floor":12.0,"key":"AttackPotion"},{"floor":13.0,"key":"BloodPotion"},{"floor":18.0,"key":"Dexterity Potion"},{"floor":27.0,"key":"GamblersBrew"},{"floor":29.0,"key":"Strength Potion"},{"floor":30.0,"key":"Block Potion"},{"floor":48.0,"key":"Strength Potion"}],"is_trial":false,"path_per_floor":["M","?","M","M","?","E","M","E","T","R","E","M","E","M","R","B",null,"M","M","?","?","?","E","?","?","T","E","R","M","E","M","R","B",null,"M","?","$","M","$","E","R","?","T","M","T","M","$","M","R","B",null],"character_chosen":"IRONCLAD","items_purchased":["ClockworkSouvenir","HornCleat","Whirlwind","Brimstone"],"campfire_rested":2,"item_purchase_floors":[39,39,39,47],"current_hp_per_floor":[63,63,55,52,52,51,51,30,30,52,64,64,65,69,69,69,74,74,63,63,63,63,19,19,19,19,17,32,75,61,40,55,70,74,58,58,58,37,37,32,69,69,69,60,60,56,56,75,75,28],"gold":20,"neow_bonus":"BOSS_RELIC","is_daily":false,"chose_seed":false,"campfire_upgraded":3,"win_rate":0.0,"timestamp":1610616797,"path_taken":["M","?","M","M","?","E","M","E","T","R","E","M","E","M","R","BOSS","M","M","?","?","?","E","?","?","T","E","R","M","E","M","R","BOSS","M","?","$","?","$","E","R","?","T","M","?","?","?","M","R","BOSS"],"items_purchased_type":["Relic","Relic","Card","Relic"],"build_version":"2020-12-22","purchased_purges":1,"victory":true,"max_hp_per_floor":[75,75,75,75,75,75,75,75,75,75,75,75,75,75,75,75,75,75,75,75,75,75,75,75,75,75,75,75,75,75,75,75,75,75,75,75,75,75,75,75,75,75,75,75,75,75,75,75,75,75],"card_choices":[{"not_picked":["Seeing Red","Perfected Strike"],"picked":"Clothesline","floor":1.0},{"not_picked":["Clothesline","Body Slam"],"picked":"Flex","floor":3.0},{"not_picked":["Wild Strike","Rupture"],"picked":"Sword Boomerang","floor":4.0},{"not_picked":["Reaper","Hemokinesis"],"picked":"Heavy Blade","floor":6.0},{"not_picked":["Combust","Iron Wave"],"picked":"Pummel","floor":7.0},{"not_picked":["Body Slam","Battle Trance"],"picked":"Heavy Blade","floor":8.0},{"not_picked":["Rampage","Disarm"],"picked":"Rupture","floor":11.0},{"not_picked":["Fire Breathing","Perfected Strike"],"picked":"Twin Strike","floor":12.0},{"not_picked":["Flame Barrier","Iron Wave"],"picked":"Heavy Blade","floor":13.0},{"not_picked":["Sentinel","Twin Strike"],"picked":"Sword Boomerang","floor":14.0},{"not_picked":["Impervious","Barricade"],"picked":"Berserk","floor":16.0},{"not_picked":["Anger","Disarm"],"picked":"Twin Strike","floor":18.0},{"not_picked":["Iron Wave","Bloodletting"],"picked":"Flex+1","floor":19.0},{"not_picked":["Havoc","Headbutt","Fire Breathing"],"picked":"SKIP","floor":23.0},{"not_picked":["Ghostly Armor","Cleave"],"picked":"Limit Break","floor":27.0},{"not_picked":["Intimidate+1","Cleave"],"picked":"Sword Boomerang+1","floor":29.0},{"not_picked":["Burning Pact+1","Havoc","Wild Strike"],"picked":"SKIP","floor":30.0},{"not_picked":["Entrench+1","Combust+1","Shockwave"],"picked":"SKIP","floor":31.0},{"not_picked":["Exhume","Bludgeon"],"picked":"Double Tap","floor":33.0},{"not_picked":["Rampage","Cleave"],"picked":"Thunderclap+1","floor":35.0},{"not_picked":["Clothesline","Pommel Strike","Havoc+1"],"picked":"SKIP","floor":38.0},{"not_picked":["Shockwave+1","Clash"],"picked":"Flex","floor":40.0},{"not_picked":["Clothesline","Disarm","Body Slam"],"picked":"SKIP","floor":44.0},{"not_picked":["Dual Wield","True Grit+1","Perfected Strike"],"picked":"SKIP","floor":46.0},{"not_picked":["Headbutt","Infernal Blade","Dark Embrace+1"],"picked":"SKIP","floor":48.0}],"player_experience":9442,"relics_obtained":[{"floor":6.0,"key":"Pocketwatch"},{"floor":8.0,"key":"Magic Flower"},{"floor":9.0,"key":"Gremlin Horn"},{"floor":11.0,"key":"White Beast Statue"},{"floor":13.0,"key":"Ornamental Fan"},{"floor":23.0,"key":"PreservedInsect"},{"floor":26.0,"key":"Bag of Preparation"},{"floor":27.0,"key":"Incense Burner"},{"floor":30.0,"key":"Pantograph"},{"floor":40.0,"key":"Blue Candle"},{"floor":43.0,"key":"Bronze Scales"},{"floor":45.0,"key":"Orichalcum"}],"event_choices":[{"cards_removed":["Anger"],"damage_healed":0.0,"max_hp_gain":0.0,"max_hp_loss":0.0,"gold_gain":0.0,"event_name":"The Cleric","player_choice":"Card Removal","floor":2.0,"gold_loss":75.0,"damage_taken":0.0},{"damage_healed":0.0,"max_hp_gain":0.0,"max_hp_loss":0.0,"gold_gain":0.0,"event_name":"Upgrade Shrine","player_choice":"Upgraded","floor":5.0,"gold_loss":0.0,"damage_taken":0.0,"cards_upgraded":["Bash"]},{"cards_removed":["Rupture"],"damage_healed":0.0,"max_hp_gain":0.0,"max_hp_loss":0.0,"gold_gain":0.0,"event_name":"Back to Basics","player_choice":"Elegance","floor":20.0,"gold_loss":0.0,"damage_taken":0.0},{"damage_healed":0.0,"max_hp_gain":0.0,"max_hp_loss":0.0,"gold_gain":0.0,"event_name":"Ghosts","player_choice":"Ignored","floor":21.0,"gold_loss":0.0,"damage_taken":0.0},{"damage_healed":0.0,"max_hp_gain":0.0,"max_hp_loss":0.0,"gold_gain":0.0,"event_name":"The Mausoleum","player_choice":"Opened","floor":22.0,"gold_loss":0.0,"damage_taken":0.0,"relics_obtained":["Eternal Feather"],"cards_obtained":["Writhe"]},{"damage_healed":0.0,"max_hp_gain":0.0,"max_hp_loss":0.0,"gold_gain":50.0,"event_name":"Nest","player_choice":"Stole From Cult","floor":24.0,"gold_loss":0.0,"damage_taken":0.0},{"damage_healed":0.0,"max_hp_gain":0.0,"max_hp_loss":0.0,"gold_gain":0.0,"event_name":"Drug Dealer","player_choice":"Obtain J.A.X.","floor":25.0,"gold_loss":0.0,"damage_taken":0.0,"cards_obtained":["J.A.X."]},{"cards_removed":["Writhe"],"damage_healed":0.0,"max_hp_gain":0.0,"max_hp_loss":0.0,"gold_gain":0.0,"event_name":"Designer","player_choice":"Upgrade and Remove","floor":36.0,"gold_loss":110.0,"damage_taken":0.0,"cards_upgraded":["Sword Boomerang"]},{"cards_removed":["Thunderclap"],"damage_healed":0.0,"max_hp_gain":0.0,"max_hp_loss":0.0,"gold_gain":0.0,"event_name":"Falling","player_choice":"Removed Attack","floor":42.0,"gold_loss":0.0,"damage_taken":0.0}],"is_beta":false,"boss_relics":[{"not_picked":["Black Star","Snecko Eye"],"picked":"Runic Cube"},{"not_picked":["Runic Pyramid","Calling Bell"],"picked":"Fusion Hammer"}],"items_purged_floors":[37],"is_endless":false,"potions_floor_spawned":[1,3,11,12,13,14,16,18,19,23,27,29,30,31,33,35,38,40,44,46,48],"ascension_level":20}}