{"host":"52lujqhsyicpcskq","time":1610599545,"event":{"mods":["BaseMod","Colored Map","DeckTracker","Minty Spire (QoL Compilation)","Permanent Neow","StSLib","SuperFastMode","everything is the same but u backflip on backflip"],"gold_per_floor":[117,137,151,165,134,159,159,174,245,245,279,279,279,279],"floor_reached":13,"language":"KOR","playtime":517,"items_purged":[],"score":155,"play_id":"dc49fd3d-7b0b-4d44-95a5-6c3c118a8d02","local_time":"20210114134545","is_ascension_mode":true,"campfire_choices":[{"floor":7,"key":"REST"},{"floor":10,"key":"REST"}],"circlet_count":0,"master_deck":["AscendersBane","Strike_G","Strike_G","Strike_G","Strike_G","Strike_G","Defend_G","Defend_G","Defend_G","Defend_G","Defend_G","Survivor","Neutralize","A Thousand Cuts","Skewer","Backflip","Crippling Poison","Dagger Spray","PiercingWail","Noxious Fumes","Malaise","Bane"],"relics":["Ring of the Snake","Boot","Pantograph","Sundial"],"acts_visited":["Exordium"],"potions_floor_usage":[3,6,8,11],"damage_taken":[{"damage":0,"enemies":"Cultist","floor":1,"turns":4},{"damage":1,"enemies":"Small Slimes","floor":2,"turns":3},{"damage":1,"enemies":"Jaw Worm","floor":3,"turns":6},{"damage":14,"enemies":"Gremlin Gang","floor":4,"turns":5},{"damage":6,"enemies":"Exordium Thugs","floor":5,"turns":5},{"damage":29,"enemies":"3 Sentries","floor":6,"turns":8},{"damage":19,"enemies":"Large Slime","floor":8,"turns":8},{"damage":24,"enemies":"Lagavulin","floor":11,"turns":8},{"damage":2,"enemies":"3 Sentries","floor":13,"turns":3}],"seed_played":"-954074048724773333","potions_obtained":[{"floor":2,"key":"LiquidMemories"},{"floor":3,"key":"Fire Potion"},{"floor":4,"key":"Energy Potion"},{"floor":8,"key":"Strength Potion"}],"is_trial":false,"path_per_floor":["M","M","M","M","M","E","R","M","T","R","E","?","E"],"character_chosen":"THE_SILENT","items_purchased":[],"campfire_rested":2,"item_purchase_floors":[],"current_hp_per_floor":[63,62,61,47,41,12,33,14,14,35,11,11,9,9],"gold":279,"neow_bonus":"ONE_RANDOM_RARE_CARD","is_daily":false,"chose_seed":false,"campfire_upgraded":0,"win_rate":0.0,"timestamp":1610599545,"path_taken":["M","M","M","M","M","E","R","M","T","R","E","?","E"],"items_purchased_type":[],"build_version":"2020-12-22","purchased_purges":0,"victory":false,"max_hp_per_floor":[70,70,70,70,70,70,70,70,70,70,70,70,70,70],"card_choices":[{"not_picked":["Quick Slash","Sucker Punch"],"picked":"Skewer","floor":1},{"not_picked":["Reflex","Underhanded Strike"],"picked":"Backflip","floor":2},{"not_picked":["Prepared","Riddle With Holes"],"picked":"Crippling Poison","floor":3},{"not_picked":["Accuracy","Cloak And Dagger"],"picked":"Dagger Spray","floor":4},{"not_picked":["Outmaneuver","Dash"],"picked":"PiercingWail","floor":5},{"not_picked":["Skewer","Outmaneuver"],"picked":"Noxious Fumes","floor":6},{"not_picked":["Backstab","Caltrops"],"picked":"Malaise","floor":8},{"not_picked":["Underhanded Strike","PiercingWail"],"picked":"Bane","floor":11}],"player_experience":705873,"relics_obtained":[{"floor":6,"key":"Boot"},{"floor":9,"key":"Pantograph"},{"floor":11,"key":"Sundial"}],"event_choices":[{"damage_healed":0,"gold_gain":0,"player_choice":"Ignored","damage_taken":0,"max_hp_gain":0,"max_hp_loss":0,"event_name":"Golden Wing","floor":12,"gold_loss":0}],"is_beta":false,"boss_relics":[],"items_purged_floors":[],"is_endless":false,"potions_floor_spawned":[2,3,4,8],"killed_by":"3 Sentries","ascension_level":12}}