{"host":"3a1ypf1irl30q4k8","time":1610643432,"event":{"mods":["AchievementEnabler","BaseMod","Bestiary","Colored Map","Minty Spire (QoL Compilation)","Relic Stats"],"gold_per_floor":[112,128,46,59,59,59,70,70,116,146,111,111,137,172,172,274,274,274,274],"floor_reached":18,"language":"ENG","playtime":1449,"items_purged":[],"score":187,"play_id":"79d5fe89-3f3e-42b2-8eba-c2b1a784f8ca","local_time":"20210114165712","is_ascension_mode":true,"campfire_choices":[{"data":"PathToVictory","floor":6.0,"key":"SMITH"},{"data":"ThirdEye","floor":8.0,"key":"SMITH"},{"floor":15,"key":"REST"}],"circlet_count":0,"master_deck":["Strike_P","Strike_P","Defend_P","Defend_P","Defend_P","Defend_P","Eruption+1","Vigilance","PathToVictory+1","ThirdEye+1","Wireheading","InnerPeace","CutThroughFate","Wish","Tantrum","TalkToTheHand","MentalFortress","LessonLearned"],"relics":["PureWater","Dream Catcher","Happy Flower","Turnip","Cursed Key"],"acts_visited":["Exordium","TheCity"],"potions_floor_usage":[],"damage_taken":[{"damage":0.0,"enemies":"2 Louse","floor":1.0,"turns":3.0},{"damage":0.0,"enemies":"Cultist","floor":2.0,"turns":3.0},{"damage":5.0,"enemies":"Small Slimes","floor":4.0,"turns":4.0},{"damage":12.0,"enemies":"Gremlin Gang","floor":7.0,"turns":4.0},{"damage":24.0,"enemies":"3 Sentries","floor":10.0,"turns":14.0},{"damage":15,"enemies":"Lagavulin","floor":13,"turns":5},{"damage":10,"enemies":"2 Fungi Beasts","floor":14,"turns":3},{"damage":38,"enemies":"Hexaghost","floor":16,"turns":10},{"damage":18,"enemies":"Spheric Guardian","floor":18,"turns":5}],"seed_played":"-1230815177913801584","potions_obtained":[{"floor":1.0,"key":"Block Potion"},{"floor":7.0,"key":"SpeedPotion"},{"floor":10,"key":"SmokeBomb"}],"is_trial":false,"path_per_floor":["M","M","$","M","?","R","M","R","T","E","?","?","E","M","R","B",null,"M"],"character_chosen":"WATCHER","items_purchased":["Wireheading"],"campfire_rested":1,"item_purchase_floors":[3],"current_hp_per_floor":[72,72,72,67,67,67,55,55,55,31,49,49,34,24,45,7,72,54,54],"gold":274,"neow_bonus":"UPGRADE_CARD","is_daily":false,"chose_seed":false,"campfire_upgraded":2,"win_rate":0.0,"timestamp":1610643432,"path_taken":["M","M","$","M","?","R","M","R","T","E","?","?","E","M","R","BOSS","M"],"items_purchased_type":["Card"],"build_version":"2020-12-22","purchased_purges":0,"victory":false,"max_hp_per_floor":[72,72,72,72,72,72,72,72,72,72,72,72,72,72,72,72,72,72,72],"relic_stats":{"Dream Catcher":1,"Happy Flower":[7],"counters":[9,51],"Turnip":[5],"Cursed Key":0,"obtain_stats":[{"Dream Catcher":9,"Happy Flower":10,"Turnip":13,"PureWater":0,"Cursed Key":17},{"Dream Catcher":4,"Happy Flower":5,"Turnip":6,"PureWater":0,"Cursed Key":8},{"Dream Catcher":14,"Happy Flower":28,"Turnip":33,"PureWater":0,"Cursed Key":46}]},"card_choices":[{"not_picked":["ForeignInfluence","BowlingBash"],"picked":"PathToVictory","floor":1.0},{"not_picked":["WaveOfTheHand","BowlingBash"],"picked":"ThirdEye","floor":2.0},{"not_picked":["JustLucky","ForeignInfluence"],"picked":"InnerPeace","floor":4.0},{"not_picked":["ForeignInfluence","Halt"],"picked":"CutThroughFate","floor":7.0},{"not_picked":["Crescendo","WindmillStrike"],"picked":"Wish","floor":10},{"not_picked":["FlurryOfBlows","BattleHymn"],"picked":"Tantrum","floor":13},{"not_picked":["EmptyBody","SashWhip"],"picked":"TalkToTheHand","floor":14},{"not_picked":["Halt","ForeignInfluence"],"picked":"MentalFortress","floor":15},{"not_picked":["Establishment","DevaForm"],"picked":"LessonLearned","floor":16}],"player_experience":1059279,"relics_obtained":[{"floor":9.0,"key":"Dream Catcher"},{"floor":10,"key":"Happy Flower"},{"floor":13,"key":"Turnip"}],"event_choices":[{"cards_removed":["Strike_P"],"damage_healed":0.0,"max_hp_gain":0.0,"max_hp_loss":0.0,"gold_gain":0.0,"event_name":"Wheel of Change","player_choice":"Card Removal","floor":5.0,"gold_loss":0.0,"damage_taken":0.0},{"damage_healed":18,"gold_gain":0,"player_choice":"Healed","damage_taken":0,"max_hp_gain":0,"max_hp_loss":0,"event_name":"The Cleric","floor":11,"gold_loss":35},{"cards_removed":["Strike_P"],"damage_healed":0,"gold_gain":0,"player_choice":"Offered Basic","damage_taken":0,"max_hp_gain":0,"max_hp_loss":0,"event_name":"Bonfire Elementals","floor":12,"gold_loss":0}],"is_beta":false,"boss_relics":[{"not_picked":["Philosopher\u0027s Stone","Calling Bell"],"picked":"Cursed Key"}],"items_purged_floors":[],"is_endless":false,"potions_floor_spawned":[1,7,10],"killed_by":"Spheric Guardian","ascension_level":2}}