{"host":"1m1p07melukt6ryq","time":1610616457,"event":{"mods":["2.2 Compatiblity","BaseMod","BetterRewards","Colored Map","Colored Powertips","Conspire","Googly Eyes","Highlight Path","Hubris","Infinite Spire","Minty Spire (QoL Compilation)","Permanent Neow","Rare Cards Sparkle","Shop Mod","StSLib","SuperFastMode"],"gold_per_floor":[113,113,38,38,38,38,51,67,67,77,107,124,124,135,135,235,235,253,178,178,178,178,206,206,79,79,79,27,45,75,92,92,192,192,203,69,89,99,79,79,114,129,177,32,42,42,58,77,77,77,77],"floor_reached":50,"language":"ENG","playtime":2000,"items_purged":["Strike_R","Defend_R","Perfected Strike"],"score":933,"play_id":"bb837cc5-71bc-471f-9750-62853c63f37d","local_time":"20210114042737","is_ascension_mode":true,"campfire_choices":[{"data":"infinitespire:OneForAll","floor":6.0,"key":"SMITH"},{"data":"conspire:Banana","floor":13.0,"key":"SMITH"},{"floor":15.0,"key":"REST"},{"floor":27.0,"key":"REST"},{"data":"infinitespire:Gouge","floor":32.0,"key":"SMITH"},{"data":"conspire:Charge","floor":40.0,"key":"SMITH"},{"data":"Immolate","floor":46.0,"key":"SMITH"},{"floor":49.0,"key":"REST"}],"circlet_count":0,"master_deck":["AscendersBane","Strike_R","Strike_R","Strike_R","Defend_R","Defend_R","Defend_R","Bash","conspire:Banana+1","Pommel Strike","infinitespire:OneForAll+1","Shrug It Off","Wild Strike","Wild Strike","Immolate+1","CurseOfTheBell","infinitespire:Gouge+1","True Grit","Pummel","conspire:HitWhereItHurts","conspire:ExplosiveBarrier","conspire:Charge+1","Battle Trance+1","hubris:SharpeningStone+1"],"relics":["Burning Blood","hubris:Towel","Ornamental Fan","Calling Bell","Pen Nib","Paper Frog","infinitespire:CursedDice","hubris:Reverence","Mercury Hourglass","Pocketwatch","hubris:GlazedTorus","Oddly Smooth Stone","conspire:SpecialSausage","Pear","Art of War"],"acts_visited":["Exordium","TheCity","TheBeyond","TheBeyond"],"potions_floor_usage":[50,50],"damage_taken":[{"damage":16.0,"enemies":"Cultist","floor":1.0,"turns":4.0},{"damage":2.0,"enemies":"2 Louse","floor":7.0,"turns":3.0},{"damage":5.0,"enemies":"Small Slimes","floor":8.0,"turns":3.0},{"damage":21.0,"enemies":"Blue Slaver","floor":10.0,"turns":3.0},{"damage":21.0,"enemies":"Gremlin Gang","floor":12.0,"turns":4.0},{"damage":12.0,"enemies":"Exordium Wildlife","floor":14.0,"turns":3.0},{"damage":42.0,"enemies":"Slime Boss","floor":16.0,"turns":10.0},{"damage":23.0,"enemies":"conspire:FuzzyDice","floor":18.0,"turns":5.0},{"damage":58.0,"enemies":"Book of Stabbing","floor":23.0,"turns":7.0},{"damage":4.0,"enemies":"3 Byrds","floor":29.0,"turns":2.0},{"damage":0.0,"enemies":"Gremlin Leader","floor":30.0,"turns":3.0},{"damage":12.0,"enemies":"Cultist and Chosen","floor":31.0,"turns":3.0},{"damage":51.0,"enemies":"Champ","floor":33.0,"turns":7.0},{"damage":13.0,"enemies":"3 Shapes","floor":35.0,"turns":4.0},{"damage":15.0,"enemies":"Orb Walker","floor":37.0,"turns":3.0},{"damage":0.0,"enemies":"Transient","floor":38.0,"turns":5.0},{"damage":21.0,"enemies":"Nemesis","floor":41.0,"turns":3.0},{"damage":14.0,"enemies":"Writhing Mass","floor":42.0,"turns":3.0},{"damage":30.0,"enemies":"Maw","floor":45.0,"turns":5.0},{"damage":11.0,"enemies":"Transient","floor":47.0,"turns":5.0},{"damage":32.0,"enemies":"Writhing Mass","floor":48.0,"turns":3.0},{"damage":96,"enemies":"Awakened One","floor":50,"turns":5}],"seed_played":"-7315442290916952334","potions_obtained":[{"floor":8.0,"key":"FearPotion"},{"floor":10.0,"key":"Block Potion"},{"floor":18.0,"key":"ColorlessPotion"},{"floor":39.0,"key":"EntropicBrew"},{"floor":41.0,"key":"PowerPotion"}],"is_trial":false,"path_per_floor":["M","?","$","?","$","R","M","M","T","M","?","M","R","M","R","B",null,"M","?","?","AVR","?","E","?","$","T","R","$","M","E","M","R","B",null,"M","$","M","M","?","R","E","M","T","$","M","R","M","M","R","B"],"character_chosen":"IRONCLAD","items_purchased":["conspire:Banana","infinitespire:OneForAll","PowerPotion","FearPotion","conspire:Charge","infinitespire:BlackPotion"],"campfire_rested":3,"item_purchase_floors":[0,3,25,28,36,44],"current_hp_per_floor":[63,63,63,63,63,63,68,70,70,56,56,42,42,38,64,30,74,59,59,59,59,59,9,9,9,9,36,36,38,44,40,40,64,95,90,90,81,89,89,89,86,80,80,80,58,58,55,31,67,0,0],"gold":77,"neow_bonus":"","is_daily":false,"chose_seed":false,"campfire_upgraded":5,"win_rate":0.0,"timestamp":1610616457,"path_taken":["M","?","$","?","$","R","M","M","T","M","?","?","R","?","R","BOSS","M","?","?","AVR","?","E","?","$","T","R","$","M","E","M","R","BOSS","M","$","M","M","?","R","E","M","T","$","?","R","M","M","R","BOSS"],"items_purchased_type":["Card","Card","Potion","Potion","Card","Potion"],"build_version":"2020-12-22","purchased_purges":3,"victory":false,"max_hp_per_floor":[81,81,81,81,81,81,82,83,83,84,84,85,85,87,87,89,89,91,91,91,91,91,93,93,93,93,93,93,93,93,95,95,97,97,99,99,99,101,101,101,113,115,115,115,117,117,119,121,121,123,123],"card_choices":[{"not_picked":["Blood for Blood","Warcry"],"picked":"Pommel Strike","floor":1.0},{"not_picked":["Havoc","conspire:Charge"],"picked":"Perfected Strike","floor":7.0},{"not_picked":["Dark Embrace","Dropkick"],"picked":"Shrug It Off","floor":8.0},{"not_picked":["Rampage","Sentinel"],"picked":"Wild Strike","floor":10.0},{"not_picked":["Infernal Blade","Battle Trance"],"picked":"Wild Strike","floor":12.0},{"not_picked":["Seeing Red","Pummel","infinitespire:OneForAll"],"picked":"SKIP","floor":14.0},{"not_picked":["conspire:Purge","conspire:HitWhereItHurts"],"picked":"Immolate","floor":16.0},{"not_picked":["Metallicize","Pommel Strike","Warcry"],"picked":"SKIP","floor":18.0},{"not_picked":["Flex","hubris:SharpeningStone+1","Wild Strike"],"picked":"SKIP","floor":23.0},{"not_picked":["Clothesline","hubris:ReadiedAction","Body Slam"],"picked":"SKIP","floor":29.0},{"not_picked":["Warcry","Flex"],"picked":"Pummel","floor":30.0},{"not_picked":["Intimidate","hubris:ReadiedAction","Cleave"],"picked":"SKIP","floor":31.0},{"not_picked":["hubris:StunningStrike","Impervious"],"picked":"conspire:HitWhereItHurts","floor":33.0},{"not_picked":["Cleave","infinitespire:OneForAll+1"],"picked":"conspire:ExplosiveBarrier","floor":35.0},{"not_picked":["Anger","Wild Strike","Headbutt+1"],"picked":"SKIP","floor":37.0},{"not_picked":["Rupture","Armaments","Clothesline"],"picked":"SKIP","floor":38.0},{"not_picked":["Impervious","Perfected Strike","Clash"],"picked":"SKIP","floor":41.0},{"not_picked":["Uppercut+1","Blood for Blood"],"picked":"Battle Trance+1","floor":42.0},{"not_picked":["Shrug It Off","Immolate"],"picked":"hubris:SharpeningStone+1","floor":45.0},{"not_picked":["Carnage+1","Iron Wave+1","Cleave+1"],"picked":"SKIP","floor":47.0},{"not_picked":["Rupture","Body Slam","Searing Blow"],"picked":"SKIP","floor":48.0}],"player_experience":403082,"relics_obtained":[{"floor":9.0,"key":"Ornamental Fan"},{"floor":17.0,"key":"Pen Nib"},{"floor":17.0,"key":"Paper Frog"},{"floor":17.0,"key":"infinitespire:CursedDice"},{"floor":23.0,"key":"Mercury Hourglass"},{"floor":26.0,"key":"hubris:GlazedTorus"},{"floor":30.0,"key":"Oddly Smooth Stone"},{"floor":41.0,"key":"Pear"},{"floor":43.0,"key":"Art of War"}],"event_choices":[{"damage_healed":0.0,"max_hp_gain":0.0,"max_hp_loss":0.0,"gold_gain":30.0,"event_name":"Dead Adventurer","player_choice":"Searched \u00272\u0027 times","floor":11.0,"gold_loss":0.0,"damage_taken":0.0},{"cards_removed":["Strike_R"],"damage_healed":0.0,"max_hp_gain":0.0,"max_hp_loss":0.0,"gold_gain":0.0,"event_name":"Beggar","player_choice":"Gave Gold","floor":19.0,"gold_loss":75.0,"damage_taken":0.0},{"damage_healed":0.0,"max_hp_gain":0.0,"max_hp_loss":0.0,"gold_gain":0.0,"event_name":"Vampires","player_choice":"Ignored","floor":20.0,"gold_loss":0.0,"damage_taken":0.0},{"damage_healed":0.0,"max_hp_gain":0.0,"max_hp_loss":0.0,"gold_gain":0.0,"event_name":"The Library","player_choice":"Read","floor":22.0,"gold_loss":0.0,"damage_taken":0.0,"cards_obtained":["True Grit"]},{"damage_healed":0.0,"max_hp_gain":0.0,"max_hp_loss":0.0,"gold_gain":0.0,"event_name":"The Mausoleum","player_choice":"Opened","floor":24.0,"gold_loss":0.0,"damage_taken":0.0,"relics_obtained":["Pocketwatch"]},{"damage_healed":0.0,"max_hp_gain":0.0,"max_hp_loss":0.0,"gold_gain":0.0,"event_name":"The Woman in Blue","player_choice":"Bought 1 Potion","floor":39.0,"gold_loss":0.0,"damage_taken":0.0}],"is_beta":false,"boss_relics":[{"not_picked":["Philosopher\u0027s Stone","hubris:VirtuousBlindfold"],"picked":"Calling Bell"},{"not_picked":["hubris:RunicObelisk","hubris:BlackHole"],"picked":"conspire:SpecialSausage"}],"items_purged_floors":[21,25,36],"is_endless":false,"potions_floor_spawned":[8,10,18,41,45,47],"killed_by":"Awakened One","ascension_level":12}}