{"host":"egwexuw5uvnxf11j","time":1610584064,"event":{"mods":["2.2 Compatiblity","Aspiration","BaseMod","Better Altar","Better Note","Better Sensory Stone","Better Third Choice","Displayed Cursed Tome","Downfall","Hermit","Key Reminder","Koishi","Marisa????????","Minty Spire (QoL Compilation)","Quick Restart","Shade Mod","Spicy Shops","StSLib","The Construct","The Cursed","The Hierophant","The Runesmith","The Senshi","The Servant 0.9.4","Transform Curses"],"gold_per_floor":[113,133,149,149,78,78,112,124,206,206,216,58,77,89,89,184,184,201,187,187,187,187,187],"floor_reached":22,"language":"ENG","playtime":871,"items_purged":[],"score":197,"play_id":"a1c923c0-b7c1-4022-b736-d9c2ef6abc5e","local_time":"20210113192744","is_ascension_mode":true,"campfire_choices":[{"data":"hermit:Brawl","floor":6,"key":"SMITH"},{"floor":10,"key":"REST"},{"floor":15,"key":"REST"}],"circlet_count":0,"master_deck":["hermit:Strike_Hermit","hermit:Strike_Hermit","hermit:Strike_Hermit","hermit:Strike_Hermit","hermit:Defend_Hermit","hermit:Defend_Hermit","hermit:Defend_Hermit","hermit:Defend_Hermit","hermit:Snapshot","hermit:Covet","hermit:NoHoldsBarred","hermit:HoleUp","hermit:Deadeye","hermit:Brawl+1","hermit:Desperado","hermit:LoneWolf","hermit:GhostlyPresence","hermit:TakeAim","hermit:Vantage","hermit:GoldenBullet","hermit:Dissolve","hermit:Misfire","Heavy Blade+1"],"relics":["hermit:Momento","Anchor","theSenshi:SailorFukuRelic","Ice Cream","keyreminder:keyreminder","hermit:Spyglass","aspiration:IroncladSkillbook","MutagenicStrength","Bloody Idol"],"acts_visited":["Exordium","TheCity"],"potions_floor_usage":[7,14,16,16,19],"damage_taken":[{"damage":0,"enemies":"Cultist","floor":1,"turns":4},{"damage":0,"enemies":"2 Louse","floor":2,"turns":2},{"damage":2,"enemies":"Jaw Worm","floor":3,"turns":3},{"damage":20,"enemies":"Gremlin Nob","floor":7,"turns":4},{"damage":9,"enemies":"Blue Slaver","floor":8,"turns":3},{"damage":0,"enemies":"2 Fungi Beasts","floor":11,"turns":1},{"damage":0,"enemies":"Exordium Wildlife","floor":13,"turns":2},{"damage":20,"enemies":"Large Slime","floor":14,"turns":7},{"damage":39,"enemies":"Hexaghost","floor":16,"turns":9},{"damage":27,"enemies":"Shell Parasite","floor":18,"turns":8},{"damage":5,"enemies":"2 Thieves","floor":19,"turns":4},{"damage":17,"enemies":"Snake Plant","floor":22,"turns":2}],"seed_played":"-2210986413818748292","potions_obtained":[{"floor":1,"key":"champ:CounterPotion"},{"floor":2,"key":"Energy Potion"},{"floor":3,"key":"Swift Potion"},{"floor":13,"key":"AttackPotion"},{"floor":18,"key":"BlessingOfTheForge"},{"floor":19,"key":"construct:ShiftPotion"}],"is_trial":false,"path_per_floor":["M","M","M","?","$","R","E","M","T","R","M","$","M","M","R","B",null,"M","M","?","?","M"],"character_chosen":"HERMIT","items_purchased":["hermit:Brawl","hermit:TakeAim"],"campfire_rested":2,"item_purchase_floors":[5,12],"current_hp_per_floor":[75,75,73,73,73,73,53,44,44,66,66,66,66,46,68,29,75,52,51,51,13,0,0],"gold":187,"neow_bonus":"RANDOM_COMMON_RELIC","is_daily":false,"chose_seed":false,"campfire_upgraded":1,"win_rate":0.0,"timestamp":1610584064,"path_taken":["M","M","?","?","$","R","E","M","T","R","M","$","?","M","R","BOSS","M","?","?","?","M"],"items_purchased_type":["Card","Card"],"build_version":"2020-12-22","purchased_purges":0,"victory":false,"max_hp_per_floor":[75,75,75,75,75,75,75,75,75,75,75,75,75,75,75,75,75,75,75,75,75,75,75],"card_choices":[{"not_picked":["hermit:LowProfile","hermit:Horror"],"picked":"hermit:NoHoldsBarred","floor":1},{"not_picked":["hermit:TrackingShot","hermit:ItchyTrigger"],"picked":"hermit:HoleUp","floor":2},{"not_picked":["hermit:ItchyTrigger","hermit:FullyLoaded"],"picked":"hermit:Deadeye","floor":3},{"not_picked":["hermit:Dive","hermit:WideOpen"],"picked":"hermit:Desperado","floor":7},{"not_picked":["hermit:Reprieve","hermit:Coalescence"],"picked":"hermit:LoneWolf","floor":8},{"not_picked":["hermit:Coalescence","hermit:CalledShot"],"picked":"hermit:GhostlyPresence","floor":11},{"not_picked":["hermit:Coalescence","hermit:Glare"],"picked":"hermit:Vantage","floor":13},{"not_picked":["hermit:LuckOfTheDraw","hermit:HoleUp"],"picked":"hermit:GoldenBullet","floor":14},{"not_picked":["hermit:HighNoon","hermit:DeadOrAlive"],"picked":"hermit:Dissolve","floor":16},{"not_picked":["hermit:SprayPray","hermit:Dive","Anger"],"picked":"hermit:Misfire","floor":18},{"not_picked":["Bloodletting","hermit:TakeCover","Cleave"],"picked":"Heavy Blade+1","floor":19}],"player_experience":2225774,"relics_obtained":[{"floor":4,"key":"theSenshi:SailorFukuRelic"},{"floor":7,"key":"Ice Cream"},{"floor":9,"key":"hermit:Spyglass"}],"event_choices":[{"damage_healed":0,"gold_gain":0,"player_choice":"Relic","damage_taken":0,"max_hp_gain":0,"max_hp_loss":0,"event_name":"Wheel of Change","floor":4,"gold_loss":0},{"damage_healed":0,"gold_gain":0,"player_choice":"Inject Mutagens","damage_taken":0,"relics_obtained":["MutagenicStrength"],"max_hp_gain":0,"max_hp_loss":0,"event_name":"Drug Dealer","floor":20,"gold_loss":0},{"damage_healed":0,"gold_gain":0,"player_choice":" Idol ","damage_taken":38,"relics_obtained":["Bloody Idol"],"max_hp_gain":51,"max_hp_loss":13,"event_name":"betterAltar:BetterAltar","floor":21,"potions_obtained":[],"relics_lost":[],"gold_loss":0}],"is_beta":false,"boss_relics":[{"not_picked":["Coffee Dripper","aspiration:MarisaSkillbook"],"picked":"aspiration:IroncladSkillbook"}],"items_purged_floors":[],"is_endless":false,"potions_floor_spawned":[1,2,3,13,18,19],"killed_by":"Snake Plant","ascension_level":1}}