{"host":"ojme7g6xlqwffsso","time":1610616877,"event":{"mods":["BaseMod","Downfall","Minty Spire (QoL Compilation)","Shop Mod","StSLib"],"gold_per_floor":[99,114,114,132,132,152,152,167,1,1,29,29,29,129,145,240,240,90,100,111,126,126,141,141,141,172,53,53,13,30,48,61,156,156,156,156,156,174,194,219,219,239,274,291,216,216,243,243,259,259,259,287,7,7,7],"floor_reached":56,"language":"ENG","playtime":3275,"items_purged":["Pain","Regret"],"score":1624,"play_id":"e5f0d3e3-bee9-4872-93e8-f0f64d619b79","local_time":"20210114183437","is_ascension_mode":true,"campfire_choices":[{"data":"hexamod:Float","floor":1.0,"key":"SMITH"},{"floor":10.0,"key":"RECALL"},{"floor":13.0,"key":"REST"},{"data":"hexamod:NecessarySacrifice","floor":18.0,"key":"SMITH"},{"floor":35,"key":"REST"},{"floor":45,"key":"REST"},{"floor":54,"key":"REST"}],"circlet_count":0,"master_deck":["hexamod:Strike","hexamod:Strike","hexamod:Strike","hexamod:Defend","hexamod:Defend","hexamod:Defend","hexamod:Defend","hexamod:Sear","hexamod:Float+1","hexamod:HauntingEcho","hexamod:ShieldOfDarkness+1","hexamod:NightmareGuise","hexamod:GhostLash","hexamod:FastForward","hexamod:FourthSeal","hexamod:StepThrough","hexamod:NecessarySacrifice+1","hexamod:FirstSeal","hexamod:TimeWarp","hexamod:FastForward","hexamod:SpectersWail+1","hexamod:TimeOfNeed","RitualDagger","hexamod:GhostShield+1","hexamod:SwordOfDarkness","hexamod:TimeWarp","hexamod:EtherealExpedition+1","hexamod:BacktrackSmack","hexamod:GhostOfSpirePast","hexamod:BacktrackSmack","hexamod:FastForward+1","hexamod:SkipABeat+1","hexamod:EmpoweredFlame","hexamod:SearingWound+1","Regret","Shame","hexamod:AdvancingGuard+1","hexamod:FastForward+1","hexamod:CatchUp+1","hexamod:RetreatToShadows+1","hexamod:SpectralAdrenaline+1"],"relics":["hexamod:SpiritBrand","Du-Vu Doll","InkBottle","downfall:ShatteredFragment","Cursed Key","downfall:HeartBlessingRed","downfall:HeartBlessingGreen","MerchantsRug","Anchor","Fusion Hammer","FossilizedHelix","TungstenRod","Bird Faced Urn","downfall:HeartBlessingBlue","Centennial Puzzle","Sundial","Ice Cream"],"acts_visited":["Exordium","TheCity","TheBeyond","TheEnding"],"potions_floor_usage":[27,30,33,40,42,43,47,50,55,55],"damage_taken":[{"damage":0.0,"enemies":"Small Slimes","floor":2.0,"turns":3.0},{"damage":1.0,"enemies":"Jaw Worm","floor":4.0,"turns":3.0},{"damage":0.0,"enemies":"Cultist","floor":6.0,"turns":3.0},{"damage":0.0,"enemies":"Red Slaver","floor":8.0,"turns":3.0},{"damage":0.0,"enemies":"downfall:FleeingMerchant","floor":9.0,"turns":4.0},{"damage":30.0,"enemies":"Gremlin Nob","floor":11.0,"turns":5.0},{"damage":8.0,"enemies":"3 Louse","floor":15.0,"turns":3.0},{"damage":31.0,"enemies":"downfall:Defect","floor":16.0,"turns":6.0},{"damage":0.0,"enemies":"Spheric Guardian","floor":19.0,"turns":4.0},{"damage":0.0,"enemies":"Chosen","floor":20.0,"turns":3.0},{"damage":4.0,"enemies":"Centurion and Healer","floor":21.0,"turns":5.0},{"damage":11.0,"enemies":"Snake Plant","floor":23.0,"turns":3.0},{"damage":20.0,"enemies":"Slavers","floor":26.0,"turns":3.0},{"damage":4,"enemies":"downfall:FleeingMerchant","floor":27,"turns":4},{"damage":0,"enemies":"downfall:FleeingMerchant","floor":29,"turns":3},{"damage":0,"enemies":"Cultist and Chosen","floor":30,"turns":3},{"damage":0,"enemies":"Shelled Parasite and Fungi","floor":31,"turns":3},{"damage":0,"enemies":"Sentry and Sphere","floor":32,"turns":4},{"damage":15,"enemies":"downfall:Silent","floor":33,"turns":6},{"damage":0,"enemies":"3 Darklings","floor":38,"turns":3},{"damage":0,"enemies":"Orb Walker","floor":39,"turns":2},{"damage":70,"enemies":"Nemesis","floor":40,"turns":5},{"damage":0,"enemies":"3 Darklings","floor":42,"turns":3},{"damage":6,"enemies":"Giant Head","floor":43,"turns":5},{"damage":0,"enemies":"Jaw Worm Horde","floor":44,"turns":4},{"damage":1,"enemies":"Nemesis","floor":47,"turns":5},{"damage":20,"enemies":"Maw","floor":49,"turns":5},{"damage":17,"enemies":"downfall:Ironclad","floor":50,"turns":5},{"damage":53,"enemies":"downfall:CharBossMerchant","floor":52,"turns":6},{"damage":89,"enemies":"downfall:NeowBoss","floor":55,"turns":24}],"seed_played":"52689325582987907","potions_obtained":[{"floor":4.0,"key":"GamblersBrew"},{"floor":11.0,"key":"CultistPotion"},{"floor":11.0,"key":"SteroidPotion"},{"floor":15.0,"key":"DuplicationPotion"},{"floor":16.0,"key":"hexamod:EctoCoolerPotion"},{"floor":16.0,"key":"Swift Potion"},{"floor":19.0,"key":"FairyPotion"},{"floor":20.0,"key":"GamblersBrew"},{"floor":21.0,"key":"DistilledChaos"},{"floor":23.0,"key":"Guardian:BlockOnCardUsePotion"},{"floor":27,"key":"DistilledChaos"},{"floor":29,"key":"GamblersBrew"},{"floor":30,"key":"hexamod:EctoCoolerPotion"},{"floor":32,"key":"Strength Potion"},{"floor":33,"key":"Strength Potion"},{"floor":40,"key":"EssenceOfSteel"},{"floor":40,"key":"Swift Potion"},{"floor":42,"key":"Swift Potion"},{"floor":43,"key":"Strength Potion"},{"floor":44,"key":"hexamod:EctoCoolerPotion"},{"floor":47,"key":"hexamod:DoubleChargePotion"},{"floor":52,"key":"Regen Potion"},{"floor":52,"key":"ColorlessPotion"}],"is_trial":false,"path_per_floor":["R","M","?","M","?","M","T","M","$","R","E","?","R","?","M","B",null,"R","M","M","M","?","M","T","?","E","$","?","$","M","M","M","B",null,"R","?","T","M","M","E","T","M","E","M","R","?","E","?","M","B",null,"E","$","R","B",null],"character_chosen":"THE_SPIRIT","items_purchased":["hexamod:FourthSeal","hexamod:StepThrough","MerchantsRug","hexamod:GhostOfSpirePast","Anchor","hexamod:BacktrackSmack","hexamod:FastForward+1","Ice Cream","hexamod:SpectralAdrenaline+1"],"campfire_rested":4,"item_purchase_floors":[9,9,27,29,29,29,29,53,53],"current_hp_per_floor":[77,77,77,76,76,76,76,76,76,76,46,25,48,48,40,9,60,60,67,74,77,71,67,67,67,54,57,57,64,71,77,77,62,73,77,83,89,89,89,26,32,41,52,63,104,104,104,104,89,83,100,64,79,105,38],"gold":7,"neow_bonus":"TEN_PERCENT_HP_BONUS","is_daily":false,"chose_seed":false,"campfire_upgraded":2,"win_rate":0.0,"timestamp":1610616877,"path_taken":["R","M","?","M","?","?","T","M","?","R","E","?","R","?","M","BOSS","R","M","M","M","?","M","T","?","E","$","?","?","M","M","M","BOSS","R","?","?","M","?","E","T","M","E","M","R","?","E","?","M","BOSS","E","$","R","BOSS"],"items_purchased_type":["Card","Card","Relic","Card","Relic","Card","Card","Relic","Card"],"build_version":"2020-12-22","purchased_purges":2,"victory":true,"max_hp_per_floor":[77,77,77,77,77,77,77,77,77,77,77,77,77,77,77,77,77,77,77,77,77,77,77,77,77,77,77,77,77,77,77,77,77,77,77,83,89,89,89,89,95,95,95,95,105,105,105,105,105,105,105,105,105,105,105],"card_choices":[{"not_picked":["hexamod:BurningTouch","hexamod:InspiringFlames"],"picked":"hexamod:HauntingEcho","floor":2.0},{"not_picked":["hexamod:SpectersWail","hexamod:ThermalTransfer"],"picked":"hexamod:ShieldOfDarkness","floor":4.0},{"not_picked":["hexamod:Firestarter","hexamod:NightmareStrike"],"picked":"hexamod:NightmareGuise","floor":6.0},{"not_picked":["hexamod:HeatCrush","hexamod:Incineration"],"picked":"hexamod:GhostLash","floor":8.0},{"not_picked":["hexamod:HeatCrush","hexamod:WildfireWeapon"],"picked":"hexamod:FastForward","floor":9.0},{"not_picked":["hexamod:HauntingEcho","hexamod:NightmareGuise"],"picked":"hexamod:NecessarySacrifice","floor":11.0},{"not_picked":["hexamod:DynamicBlow","hexamod:PhantomFireball"],"picked":"hexamod:FirstSeal","floor":15.0},{"not_picked":["hexamod:UnlimitedPower","hexamod:VolcanoVisage"],"picked":"hexamod:TimeWarp","floor":16.0},{"not_picked":["hexamod:HeatShield","hexamod:GhostShield"],"picked":"hexamod:FastForward","floor":19.0},{"not_picked":["hexamod:PhantomCloak","hexamod:Firestarter"],"picked":"hexamod:SpectersWail+1","floor":20.0},{"not_picked":["hexamod:FastForward","hexamod:HeatCrush"],"picked":"hexamod:TimeOfNeed","floor":21.0},{"not_picked":["hexamod:SuperheatedStrike+1","hexamod:NightmareGuise"],"picked":"hexamod:GhostShield+1","floor":23.0},{"not_picked":["hexamod:Toasty","hexamod:PowerFromBeyond+1"],"picked":"hexamod:SwordOfDarkness","floor":26},{"not_picked":["hexamod:AdvancingGuard+1","hexamod:Toasty"],"picked":"hexamod:TimeWarp","floor":27},{"not_picked":["hexamod:RainOfEmbers","hexamod:NightmareStrike"],"picked":"hexamod:BacktrackSmack","floor":29},{"not_picked":["hexamod:NightmareStrike+1","hexamod:DynamicBlow+1"],"picked":"hexamod:SkipABeat+1","floor":30},{"not_picked":["hexamod:GhostShield+1","hexamod:RainOfEmbers+1","hexamod:HeatMetal"],"picked":"SKIP","floor":31},{"not_picked":["hexamod:FlamesFromBeyond+1","hexamod:GhostShield+1"],"picked":"hexamod:EmpoweredFlame","floor":32},{"not_picked":["hexamod:GhostflameInferno+1","hexamod:ApocalypseNow+1"],"picked":"hexamod:SearingWound+1","floor":33},{"not_picked":["hexamod:Firestarter","hexamod:RainOfEmbers+1","hexamod:GhostLash"],"picked":"SKIP","floor":38},{"not_picked":["hexamod:Firestarter+1","hexamod:ThermalTransfer+1","hexamod:GhostShield+1"],"picked":"SKIP","floor":39},{"not_picked":["hexamod:NightmareGuise+1","hexamod:CrushingStance","hexamod:RainOfEmbers"],"picked":"SKIP","floor":40},{"not_picked":["hexamod:Hexaguard+1","hexamod:NightmareGuise+1"],"picked":"hexamod:AdvancingGuard+1","floor":42},{"not_picked":["hexamod:FlamesFromBeyond+1","hexamod:HeatCrush+1","hexamod:RainOfEmbers+1"],"picked":"SKIP","floor":43},{"not_picked":["hexamod:GhostShield+1","hexamod:NightmareGuise+1","hexamod:ShieldOfDarkness+1"],"picked":"SKIP","floor":44},{"not_picked":["hexamod:RecurringNightmare+1","hexamod:NightmareStrike+1"],"picked":"hexamod:FastForward+1","floor":47},{"not_picked":["hexamod:StepThrough+1","hexamod:Firestarter"],"picked":"hexamod:CatchUp+1","floor":49},{"not_picked":["hexamod:RainOfEmbers","hexamod:SoulSteal+1"],"picked":"hexamod:RetreatToShadows+1","floor":52}],"player_experience":846444,"relics_obtained":[{"floor":7.0,"key":"Du-Vu Doll"},{"floor":11.0,"key":"InkBottle"},{"floor":24.0,"key":"Darkstone Periapt"},{"floor":26,"key":"Toxic Egg 2"},{"floor":36,"key":"FossilizedHelix"},{"floor":37,"key":"TungstenRod"},{"floor":40,"key":"Bird Faced Urn"},{"floor":43,"key":"MealTicket"},{"floor":47,"key":"Centennial Puzzle"},{"floor":52,"key":"Sundial"}],"event_choices":[{"damage_healed":0.0,"max_hp_gain":0.0,"max_hp_loss":0.0,"gold_gain":0.0,"event_name":"Upgrade Shrine","player_choice":"Upgraded","floor":5.0,"gold_loss":0.0,"damage_taken":0.0,"cards_upgraded":["hexamod:ShieldOfDarkness"]},{"damage_healed":0,"gold_gain":0,"player_choice":"Read","damage_taken":0,"max_hp_gain":0,"max_hp_loss":0,"event_name":"The Library","floor":28,"gold_loss":0,"cards_obtained":["hexamod:EtherealExpedition"]}],"is_beta":false,"boss_relics":[{"not_picked":["Velvet Choker","SlaversCollar"],"picked":"Cursed Key"},{"not_picked":["Snecko Eye","hexamod:IceCube"],"picked":"Fusion Hammer"}],"items_purged_floors":[29,53],"is_endless":false,"potions_floor_spawned":[4,11,15,16,23,30,32,33,40,42,44,52],"ascension_level":5}}