{"host":"f5j24h4v02eswt80","time":1610608153,"event":{"mods":["AchievementEnabler","BaseMod","Colored Map","Colored Powertips","Highlight Path","Minty Spire (QoL Compilation)","Relic Stats"],"gold_per_floor":[18,34,52,72,88,113,130,130,176,196,196,196,226,226,226,321,321,333,114,127,139,156,189,205,205,205,222,253,272,305,305,305,410,410,427,444,61,80,96,130,147,173,199,199,57,83,98,148,148,148,148,148,71,99,99,99],"floor_reached":55,"language":"ENG","playtime":6457,"items_purged":["Strike_R"],"score":969,"play_id":"5ed5ddc4-3e6f-4673-a2d7-c68bdc81ab23","local_time":"20210114000913","is_ascension_mode":true,"campfire_choices":[{"data":"Blood for Blood","floor":8.0,"key":"SMITH"},{"data":"Fiend Fire","floor":11.0,"key":"SMITH"},{"floor":15.0,"key":"REST"},{"data":"Feed","floor":25.0,"key":"SMITH"},{"floor":32.0,"key":"REST"},{"floor":44,"key":"RECALL"},{"data":"Feel No Pain","floor":49,"key":"SMITH"},{"data":"Flame Barrier","floor":52,"key":"SMITH"}],"circlet_count":0,"master_deck":["Strike_R","Strike_R","Strike_R","Strike_R","Defend_R","Defend_R","Defend_R","Defend_R","Bash+1","Blood for Blood+1","Pummel","Spot Weakness","Fiend Fire+1","Dark Embrace","Shrug It Off","Headbutt","Inflame","Ghostly Armor","Feed+1","Havoc","Uppercut+1","Battle Trance","Flame Barrier+1","Corruption","Battle Trance+1","Shrug It Off+1","Exhume+1","Feel No Pain+1","Power Through+1","True Grit+1","Barricade","Disarm+1","Flex+1","Limit Break+1","Impervious+1","Heavy Blade+1","Sentinel+1"],"relics":["Burning Blood","TungstenRod","Happy Flower","Boot","Gambling Chip","Philosopher\u0027s Stone","Bronze Scales","Eternal Feather","Toxic Egg 2","MealTicket","Strawberry","Enchiridion","Velvet Choker","FossilizedHelix","Ice Cream","Du-Vu Doll","CaptainsWheel","Magic Flower","Calipers"],"acts_visited":["Exordium","TheCity","TheBeyond","TheEnding"],"potions_floor_usage":[41,55,55,55],"damage_taken":[{"damage":0.0,"enemies":"Cultist","floor":1.0,"turns":3.0},{"damage":4.0,"enemies":"Small Slimes","floor":2.0,"turns":3.0},{"damage":7.0,"enemies":"Jaw Worm","floor":3.0,"turns":4.0},{"damage":5.0,"enemies":"Looter","floor":4.0,"turns":4.0},{"damage":23.0,"enemies":"Gremlin Gang","floor":5.0,"turns":5.0},{"damage":26.0,"enemies":"Gremlin Nob","floor":6.0,"turns":4.0},{"damage":11.0,"enemies":"3 Louse","floor":7.0,"turns":3.0},{"damage":11.0,"enemies":"Lots of Slimes","floor":10.0,"turns":4.0},{"damage":12.0,"enemies":"Lagavulin","floor":13.0,"turns":5.0},{"damage":23.0,"enemies":"The Guardian","floor":16.0,"turns":5.0},{"damage":4.0,"enemies":"Chosen","floor":18.0,"turns":5.0},{"damage":18.0,"enemies":"2 Thieves","floor":20.0,"turns":3.0},{"damage":1.0,"enemies":"Snake Plant","floor":21.0,"turns":4.0},{"damage":0.0,"enemies":"Cultist and Chosen","floor":22.0,"turns":4.0},{"damage":48.0,"enemies":"Slavers","floor":23.0,"turns":5.0},{"damage":3.0,"enemies":"Snecko","floor":24.0,"turns":3.0},{"damage":11.0,"enemies":"Snake Plant","floor":27.0,"turns":3.0},{"damage":12.0,"enemies":"Book of Stabbing","floor":28.0,"turns":5.0},{"damage":15.0,"enemies":"Centurion and Healer","floor":29.0,"turns":5.0},{"damage":30.0,"enemies":"Gremlin Leader","floor":30.0,"turns":5.0},{"damage":61.0,"enemies":"Automaton","floor":33.0,"turns":8.0},{"damage":21.0,"enemies":"3 Shapes","floor":35.0,"turns":4.0},{"damage":0.0,"enemies":"Orb Walker","floor":36.0,"turns":2.0},{"damage":34.0,"enemies":"4 Shapes","floor":38.0,"turns":5.0},{"damage":5,"enemies":"Sphere and 2 Shapes","floor":39,"turns":4},{"damage":45,"enemies":"Giant Head","floor":40,"turns":11},{"damage":0,"enemies":"3 Darklings","floor":41,"turns":7},{"damage":8,"enemies":"Reptomancer","floor":42,"turns":6},{"damage":0,"enemies":"Giant Head","floor":46,"turns":10},{"damage":0,"enemies":"Maw","floor":47,"turns":8},{"damage":0,"enemies":"Mind Bloom Boss Battle","floor":48,"turns":6},{"damage":35,"enemies":"Time Eater","floor":50,"turns":8},{"damage":43,"enemies":"Shield and Spear","floor":54,"turns":6},{"damage":65,"enemies":"The Heart","floor":55,"turns":6}],"seed_played":"-7764578511811878157","potions_obtained":[{"floor":1.0,"key":"SpeedPotion"},{"floor":2.0,"key":"Ancient Potion"},{"floor":7.0,"key":"Fire Potion"},{"floor":13.0,"key":"ColorlessPotion"},{"floor":16.0,"key":"DuplicationPotion"},{"floor":18.0,"key":"BlessingOfTheForge"},{"floor":21.0,"key":"Dexterity Potion"},{"floor":27.0,"key":"Regen Potion"},{"floor":28.0,"key":"Strength Potion"},{"floor":33.0,"key":"Regen Potion"},{"floor":38.0,"key":"CultistPotion"},{"floor":40,"key":"Dexterity Potion"},{"floor":41,"key":"Strength Potion"},{"floor":46,"key":"AttackPotion"},{"floor":54,"key":"Strength Potion"}],"is_trial":false,"path_per_floor":["M","M","M","M","M","E","M","R","T","M","R","?","E","?","R","B",null,"M","$","M","M","M","E","M","R","T","M","E","M","E","?","R","B",null,"M","M","$","M","M","E","M","E","T","R","$","E","M","?","R","B",null,"R","$","E","B"],"character_chosen":"IRONCLAD","items_purchased":["Bronze Scales","FossilizedHelix","Feel No Pain","Limit Break+1","Sentinel+1"],"campfire_rested":2,"item_purchase_floors":[19,37,37,45,53],"current_hp_per_floor":[80,80,79,80,63,43,38,38,38,33,33,33,27,27,51,34,80,80,80,71,76,85,43,46,58,58,53,51,42,37,25,69,14,97,82,88,97,69,70,31,52,50,50,68,83,89,95,97,97,71,97,97,97,63,0,0],"gold":99,"neow_bonus":"ONE_RARE_RELIC","is_daily":false,"chose_seed":false,"campfire_upgraded":5,"win_rate":0.0,"timestamp":1610608153,"path_taken":["M","M","M","?","M","E","M","R","T","?","R","?","E","?","R","BOSS","M","$","M","M","M","E","M","R","T","M","E","M","E","?","R","BOSS","M","M","$","M","M","E","M","E","T","R","$","E","M","?","R","BOSS","R","$","E","BOSS"],"items_purchased_type":["Relic","Relic","Card","Card","Card"],"build_version":"2020-12-22","purchased_purges":1,"victory":false,"max_hp_per_floor":[80,80,80,80,80,80,80,80,80,80,80,80,80,80,80,80,80,80,80,83,83,86,86,86,86,86,86,90,90,97,97,97,97,97,97,97,97,97,97,97,97,97,97,97,97,97,97,97,97,97,97,97,97,97,97,97],"relic_stats":{"Happy Flower":[50],"counters":[34,173],"Gambling Chip":[79],"Bronze Scales":[448],"Magic Flower":[6],"Eternal Feather":45,"MealTicket":24,"Boot":[17],"obtain_stats":[{"Ice Cream":40,"Calipers":54,"Happy Flower":6,"Enchiridion":31,"Velvet Choker":34,"Magic Flower":48,"Eternal Feather":23,"Boot":9,"Burning Blood":0,"Du-Vu Doll":42,"CaptainsWheel":46,"Gambling Chip":13,"Bronze Scales":19,"Strawberry":30,"Philosopher\u0027s Stone":17,"MealTicket":28,"Toxic Egg 2":26,"TungstenRod":0,"FossilizedHelix":37},{"Ice Cream":26,"Calipers":33,"Happy Flower":6,"Enchiridion":20,"Velvet Choker":21,"Magic Flower":31,"Eternal Feather":15,"Boot":7,"Burning Blood":0,"Du-Vu Doll":28,"CaptainsWheel":29,"Gambling Chip":9,"Bronze Scales":11,"Strawberry":20,"Philosopher\u0027s Stone":10,"MealTicket":18,"Toxic Egg 2":16,"TungstenRod":0,"FossilizedHelix":23},{"Ice Cream":116,"Calipers":167,"Happy Flower":23,"Enchiridion":82,"Velvet Choker":90,"Magic Flower":153,"Eternal Feather":61,"Boot":26,"Burning Blood":0,"Du-Vu Doll":129,"CaptainsWheel":139,"Gambling Chip":35,"Bronze Scales":45,"Strawberry":82,"Philosopher\u0027s Stone":40,"MealTicket":72,"Toxic Egg 2":64,"TungstenRod":0,"FossilizedHelix":96}],"Burning Blood":190,"TungstenRod":108},"card_choices":[{"not_picked":["Bloodletting","Perfected Strike"],"picked":"Blood for Blood","floor":1.0},{"not_picked":["Pommel Strike","Havoc"],"picked":"Pummel","floor":2.0},{"not_picked":["Iron Wave","Warcry"],"picked":"Spot Weakness","floor":3.0},{"not_picked":["Flex","Cleave"],"picked":"Fiend Fire","floor":4.0},{"not_picked":["Heavy Blade","Twin Strike"],"picked":"Dark Embrace","floor":5.0},{"not_picked":["Reckless Charge","Headbutt"],"picked":"Shrug It Off","floor":6.0},{"not_picked":["Shrug It Off","Blood for Blood"],"picked":"Headbutt","floor":7.0},{"not_picked":["Twin Strike","Power Through"],"picked":"Inflame","floor":10.0},{"not_picked":["Bludgeon","Rage"],"picked":"Ghostly Armor","floor":13.0},{"not_picked":["Impervious","Bludgeon"],"picked":"Feed","floor":16.0},{"not_picked":["Power Through","Clothesline"],"picked":"Havoc","floor":18.0},{"not_picked":["Wild Strike+1","Hemokinesis"],"picked":"Uppercut+1","floor":20.0},{"not_picked":["Wild Strike+1","Clash+1"],"picked":"Battle Trance","floor":21.0},{"not_picked":["Carnage","Anger"],"picked":"Flame Barrier","floor":22.0},{"not_picked":["Pommel Strike+1","Burning Pact+1"],"picked":"Corruption","floor":23.0},{"not_picked":["Power Through","Flex","Rampage+1"],"picked":"SKIP","floor":24.0},{"not_picked":["Armaments+1","Dark Embrace","Iron Wave"],"picked":"SKIP","floor":27.0},{"not_picked":["Havoc+1","Wild Strike"],"picked":"Battle Trance+1","floor":28.0},{"not_picked":["Armaments+1","Pommel Strike"],"picked":"Shrug It Off+1","floor":29.0},{"not_picked":["Rampage","Thunderclap","Twin Strike+1"],"picked":"SKIP","floor":30.0},{"not_picked":["Reaper","Fiend Fire"],"picked":"Exhume+1","floor":33.0},{"not_picked":["Iron Wave+1","Wild Strike","Anger"],"picked":"SKIP","floor":35.0},{"not_picked":["Sword Boomerang+1","Headbutt","Thunderclap"],"picked":"SKIP","floor":36.0},{"not_picked":["Combust","Evolve+1"],"picked":"Power Through+1","floor":38.0},{"not_picked":["Reaper","Sword Boomerang+1"],"picked":"True Grit+1","floor":39},{"not_picked":["Clash+1","Feel No Pain+1"],"picked":"Barricade","floor":40},{"not_picked":["Combust+1","Clothesline"],"picked":"Disarm+1","floor":41},{"not_picked":["Rampage+1","Second Wind+1"],"picked":"Flex+1","floor":42},{"not_picked":["Dual Wield+1","True Grit+1"],"picked":"Impervious+1","floor":46},{"not_picked":["Anger+1","Havoc+1"],"picked":"Heavy Blade+1","floor":47},{"not_picked":["Rage+1","Rampage+1","Thunderclap+1"],"picked":"SKIP","floor":54}],"player_experience":78296,"relics_obtained":[{"floor":6.0,"key":"Happy Flower"},{"floor":9.0,"key":"Boot"},{"floor":13.0,"key":"Gambling Chip"},{"floor":23.0,"key":"Eternal Feather"},{"floor":26.0,"key":"Toxic Egg 2"},{"floor":28.0,"key":"MealTicket"},{"floor":30.0,"key":"Strawberry"},{"floor":31.0,"key":"Enchiridion"},{"floor":40,"key":"Ice Cream"},{"floor":42,"key":"Du-Vu Doll"},{"floor":46,"key":"CaptainsWheel"},{"floor":48,"key":"Magic Flower"},{"floor":54,"key":"Calipers"}],"event_choices":[{"damage_healed":0.0,"max_hp_gain":0.0,"max_hp_loss":0.0,"gold_gain":0.0,"event_name":"Liars Game","player_choice":"Ignored","floor":12.0,"gold_loss":0.0,"damage_taken":0.0},{"damage_healed":0.0,"max_hp_gain":0.0,"max_hp_loss":0.0,"gold_gain":0.0,"event_name":"Living Wall","player_choice":"Grow","floor":14.0,"gold_loss":0.0,"damage_taken":0.0,"cards_upgraded":["Bash"]},{"damage_healed":0.0,"max_hp_gain":0.0,"max_hp_loss":0.0,"gold_gain":0.0,"event_name":"Cursed Tome","player_choice":"Obtained Book","floor":31.0,"gold_loss":0.0,"damage_taken":16.0},{"damage_healed":0,"gold_gain":0,"player_choice":"Fight","damage_taken":0,"max_hp_gain":0,"max_hp_loss":0,"event_name":"MindBloom","floor":48,"gold_loss":0}],"is_beta":false,"boss_relics":[{"not_picked":["Empty Cage","Coffee Dripper"],"picked":"Philosopher\u0027s Stone"},{"not_picked":["Black Blood","Runic Pyramid"],"picked":"Velvet Choker"}],"items_purged_floors":[19],"is_endless":false,"potions_floor_spawned":[1,2,7,13,16,18,21,27,28,33,38,40,41,46,54],"killed_by":"The Heart","ascension_level":2}}