{"host":"7jl4uf745pjtflnx","time":1610656983,"event":{"mods":["BaseMod","BetterRewards","Hubris","Minty Spire (QoL Compilation)","Replay The Spire","StSLib","SuperFastMode","The Construct"],"gold_per_floor":[110,123,139,7,26,26,42,71,71,85,85,85,27,61,61,132,132,147,147,62,62,62,62,62,62,95,111,111,140,60,76,99,115,115,93,93,111,111,131,14,28,58,72,106,196,122,165,190,256,268,280,292,304,316,99,131,131],"floor_reached":58,"language":"ENG","playtime":6070,"items_purged":["Strike_G","Strike_G","Strike_G","Strike_G+1"],"score":2888,"play_id":"4f8c90c8-b0ae-45a0-a93c-bf59aa713633","local_time":"20210114154303","is_ascension_mode":true,"campfire_choices":[{"floor":6,"key":"REST"},{"floor":15,"key":"RECALL"},{"data":"Footwork","floor":34,"key":"SMITH"},{"data":"Apotheosis","floor":51,"key":"SMITH"},{"floor":54,"key":"DIG"}],"circlet_count":0,"master_deck":["AscendersBane","Strike_G+2","Defend_G","Defend_G","Defend_G+1","Defend_G","Defend_G","Survivor","Neutralize","Backflip","Good Instincts","PiercingWail","Replay:Poison Smokescreen","Poisoned Stab","Deadly Poison","Poisoned Strike","Noxious Fumes+1","Crippling Poison","Replay:Poison Smokescreen","Cloak And Dagger","Dodge and Roll","Dagger Spray","Leg Sweep","Dodge and Roll","Corpse Explosion","Blade Dance","Caltrops","A Thousand Cuts+1","Noxious Fumes","Envenom","Infinite Blades","Footwork+1","Backflip","Apotheosis+1","Adrenaline","Fluid Movement","ReplayTheSpireMod:Speed Training","Crippling Poison+1","Footwork","Deflect+1"],"relics":["Guide Book","PreservedInsect","Replay:Wax Seal","FossilizedHelix","Turnip","TwistedFunnel","hubris:CuriousFeather","Omamori","Sizzling Blood","hubris:Icosahedron","Replay:Rubber Ducky","Replay:Multitool","Runic Pyramid","Enchiridion","Peace Pipe","Iron Hammer","construct:FoamFinger","Lizard Tail","hubris:Backtick","Mummified Hand","Pantograph","MawBank","hubris:Reverence","Simple Rune","hubris:Spice"],"acts_visited":["Exordium","TheCity","TheBeyond","TheEnding"],"potions_floor_usage":[16,26,26,29,35,49,49,52,57],"damage_taken":[{"damage":0,"enemies":"Small Slimes","floor":1,"turns":3},{"damage":0,"enemies":"2 Louse","floor":2,"turns":2},{"damage":0,"enemies":"Cultist","floor":3,"turns":3},{"damage":0,"enemies":"Gremlin Gang","floor":5,"turns":2},{"damage":0,"enemies":"Looter","floor":7,"turns":3},{"damage":10,"enemies":"Gremlin Nob","floor":8,"turns":4},{"damage":0,"enemies":"2 Fungi Beasts","floor":10,"turns":2},{"damage":0,"enemies":"Lagavulin","floor":14,"turns":4},{"damage":4,"enemies":"Slime Boss","floor":16,"turns":11},{"damage":18,"enemies":"2 Thieves","floor":18,"turns":4},{"damage":0,"enemies":"Gremlin Leader","floor":26,"turns":5},{"damage":0,"enemies":"Spheric Guardian","floor":27,"turns":3},{"damage":10,"enemies":"Book of Stabbing","floor":29,"turns":5},{"damage":0,"enemies":"Chosen and Byrds","floor":31,"turns":5},{"damage":0,"enemies":"Snecko","floor":33,"turns":4},{"damage":5,"enemies":"Automaton","floor":35,"turns":11},{"damage":0,"enemies":"Orb Walker","floor":37,"turns":3},{"damage":6,"enemies":"3 Darklings","floor":39,"turns":5},{"damage":0,"enemies":"Writhing Mass","floor":41,"turns":5},{"damage":8,"enemies":"Giant Head","floor":42,"turns":8},{"damage":0,"enemies":"Maw","floor":43,"turns":7},{"damage":0,"enemies":"Reptomancer","floor":44,"turns":5},{"damage":0,"enemies":"Transient","floor":46,"turns":6},{"damage":0,"enemies":"Nemesis","floor":47,"turns":5},{"damage":0,"enemies":"4 Shapes","floor":48,"turns":4},{"damage":0,"enemies":"2 Orb Walkers","floor":49,"turns":3},{"damage":26,"enemies":"hubris:GrandSnecko","floor":52,"turns":10},{"damage":0,"enemies":"Shield and Spear","floor":56,"turns":4},{"damage":24,"enemies":"The Heart","floor":57,"turns":11}],"seed_played":"2227938912830392648","potions_obtained":[{"floor":1,"key":"Regen Potion"},{"floor":5,"key":"LifebloodPotion"},{"floor":7,"key":"DuplicationPotion"},{"floor":16,"key":"SteroidPotion"},{"floor":18,"key":"Dexterity Potion"},{"floor":27,"key":"FearPotion"},{"floor":33,"key":"Fire Potion"},{"floor":38,"key":"BlessingOfTheForge"},{"floor":38,"key":"LifebloodPotion"},{"floor":41,"key":"construct:ShiftPotion"},{"floor":44,"key":"Strength Potion"},{"floor":49,"key":"EntropicBrew"},{"floor":56,"key":"SpeedPotion"}],"is_trial":false,"path_per_floor":["M","M","M","$","M","R","M","E","T","M","?","?","$","E","R","B",null,"M","?","?","?","?","R","PTL","PTL","E","M","T","E","$","M","$","M","R","B",null,"M","?","M","$","M","E","M","E","T","M","E","M","?","?","R","B",null,"R","$","E","B",null],"character_chosen":"THE_SILENT","items_purchased":["Guide Book","PreservedInsect","Replay:Wax Seal","Backflip","Good Instincts","PiercingWail","FossilizedHelix","Turnip","Replay:Poison Smokescreen","Poisoned Stab","Deadly Poison","Poisoned Strike","Noxious Fumes+1","TwistedFunnel","hubris:CuriousFeather","Cloak And Dagger","Dodge and Roll","Dagger Spray","Replay:Rubber Ducky","Caltrops","Infinite Blades","Footwork","Apotheosis","Footwork"],"campfire_rested":1,"item_purchase_floors":[0,0,0,0,0,0,0,0,0,0,0,0,0,0,0,4,4,4,13,13,30,32,40,55],"current_hp_per_floor":[17,17,17,17,17,36,36,26,26,26,30,30,30,34,34,49,65,51,30,30,30,10,32,32,32,36,40,40,34,34,38,38,42,42,41,67,71,71,69,69,73,69,73,75,75,75,75,75,83,80,80,58,75,83,83,80,60],"gold":131,"neow_bonus":"","is_daily":false,"chose_seed":false,"campfire_upgraded":2,"win_rate":0.0,"timestamp":1610656983,"path_taken":["M","M","M","$","M","R","M","E","T","M","?","?","$","E","R","BOSS","M","?","?","?","?","R","PTL","PTL","E","M","T","E","$","M","?","M","R","BOSS","M","?","M","$","?","E","M","E","T","?","E","M","?","?","R","BOSS","R","$","E","BOSS"],"items_purchased_type":["Relic","Relic","Relic","Card","Card","Card","Relic","Relic","Card","Card","Card","Card","Card","Relic","Relic","Card","Card","Card","Relic","Card","Card","Card","Card","Card"],"build_version":"2020-12-22","purchased_purges":4,"victory":true,"max_hp_per_floor":[66,66,66,66,66,66,66,66,66,66,70,70,70,70,70,70,70,70,70,70,70,75,75,75,75,75,75,75,75,75,75,75,75,75,75,75,75,75,75,75,75,75,75,75,75,75,75,75,83,80,80,80,80,88,88,80,80],"card_choices":[{"not_picked":["Setup","Dodge and Roll"],"picked":"Crippling Poison","floor":1},{"not_picked":["Reflex","Poisoned Stab"],"picked":"Replay:Poison Smokescreen","floor":2},{"not_picked":["Toxin Wave","ReplayTheSpireMod:Scrap Shanks","Underhanded Strike"],"picked":"SKIP","floor":3},{"not_picked":["Deadly Poison","Skewer"],"picked":"Leg Sweep","floor":5},{"not_picked":["Dagger Throw","Quick Slash"],"picked":"Dodge and Roll","floor":7},{"not_picked":["All Out Attack","Dagger Spray"],"picked":"Corpse Explosion","floor":8},{"not_picked":["Flying Knee","Sucker Punch"],"picked":"Blade Dance","floor":10},{"not_picked":["Dagger Throw","Distraction","Blade Dance"],"picked":"SKIP","floor":14},{"not_picked":["Envenom","Burst"],"picked":"A Thousand Cuts","floor":16},{"not_picked":["Calculated Gamble","Bane","Deadly Poison"],"picked":"SKIP","floor":18},{"not_picked":["Reflex","Sucker Punch+1","Masterful Stab"],"picked":"SKIP","floor":26},{"not_picked":["Replay:Poison Smokescreen","ReplayTheSpireMod:The Works"],"picked":"Noxious Fumes","floor":27},{"not_picked":["Choke+1","Deadly Poison"],"picked":"Envenom","floor":29},{"not_picked":["Underhanded Strike","Deadly Poison","Sucker Punch"],"picked":"SKIP","floor":31},{"not_picked":["hubris:SlightOfHand","Quick Slash","Storm of Steel"],"picked":"SKIP","floor":33},{"not_picked":["hubris:Counter","hubris:SlightOfHand","Bane+1"],"picked":"SKIP","floor":37},{"not_picked":["Blade Dance","Terror"],"picked":"Backflip","floor":39},{"not_picked":["Prepared","Sucker Punch+1","Well Laid Plans"],"picked":"SKIP","floor":41},{"not_picked":["Quick Slash","Blade Dance+1"],"picked":"Adrenaline","floor":42},{"not_picked":["Poisoned Stab+1","Backflip","Dagger Spray"],"picked":"SKIP","floor":43},{"not_picked":["Dagger Throw","hubris:SlightOfHand","Sucker Punch"],"picked":"SKIP","floor":44},{"not_picked":["Sucker Punch","Choke+1"],"picked":"Fluid Movement","floor":46},{"not_picked":["Poisoned Stab+1","Flechettes+1"],"picked":"ReplayTheSpireMod:Speed Training","floor":47},{"not_picked":["Dash","Toxin Wave","Sneak Up"],"picked":"SKIP","floor":48},{"not_picked":["Leg Sweep","Draining Mist+1"],"picked":"Crippling Poison+1","floor":49},{"not_picked":["Infinite Blades","Poison Darts"],"picked":"Deflect+1","floor":56}],"player_experience":706494,"relics_obtained":[{"floor":8,"key":"Omamori"},{"floor":14,"key":"Replay:Multitool"},{"floor":19,"key":"Enchiridion"},{"floor":26,"key":"Iron Hammer"},{"floor":28,"key":"construct:FoamFinger"},{"floor":29,"key":"Lizard Tail"},{"floor":42,"key":"Pantograph"},{"floor":44,"key":"MawBank"},{"floor":45,"key":"hubris:Reverence"},{"floor":47,"key":"Simple Rune"},{"floor":49,"key":"hubris:Spice"},{"floor":54,"key":"hubris:Spice"},{"floor":56,"key":"hubris:Spice"}],"event_choices":[{"damage_healed":0,"gold_gain":0,"player_choice":"Obtained Book","damage_taken":21,"max_hp_gain":0,"max_hp_loss":0,"event_name":"Cursed Tome","floor":19,"gold_loss":0},{"damage_healed":0,"gold_gain":0,"player_choice":"Obtained Relic","damage_taken":0,"relics_obtained":["Peace Pipe"],"max_hp_gain":0,"max_hp_loss":0,"event_name":"Addict","floor":20,"gold_loss":85},{"damage_healed":0,"gold_gain":0,"player_choice":"Ignored","damage_taken":0,"max_hp_gain":0,"max_hp_loss":0,"event_name":"Ghosts","floor":21,"gold_loss":0},{"damage_healed":0,"gold_gain":0,"player_choice":"Shed Blood","damage_taken":25,"max_hp_gain":5,"max_hp_loss":0,"event_name":"Forgotten Altar","floor":22,"gold_loss":0},{"damage_healed":0,"gold_gain":0,"player_choice":"Got Potions","damage_taken":0,"max_hp_gain":0,"max_hp_loss":0,"event_name":"Lab","floor":38,"gold_loss":0},{"damage_healed":0,"gold_gain":0,"player_choice":"Fight","damage_taken":0,"max_hp_gain":0,"max_hp_loss":0,"event_name":"Mysterious Sphere","floor":49,"gold_loss":0},{"cards_removed":["Parasite"],"damage_healed":0,"gold_gain":0,"player_choice":"Purged","damage_taken":0,"max_hp_gain":0,"max_hp_loss":0,"event_name":"Purifier","floor":50,"gold_loss":0}],"is_beta":false,"boss_relics":[{"not_picked":["ReplayTheSpireMod:DimensionalGlitch","Snecko Scales"],"picked":"Runic Pyramid"},{"not_picked":["hubris:HollowSoul","hubris:Stopwatch"],"picked":"hubris:Backtick"}],"items_purged_floors":[0,0,0,55],"is_endless":false,"potions_floor_spawned":[1,5,7,8,16,18,27,33,41,42,43,44,49,56],"ascension_level":17}}