{"host":"Planeswalker","time":1610608882,"event":{"mods":["Act Like it!","Astrologer","BaseMod","Downfall","Friendly Minions","GifTheSpireLib","Halation","Hermit","Hubris","Jorbs\u0027s Wanderer Trilogy","Minty Spire (QoL Compilation)","Replay The Spire","SOS???????","Shop Mod","Somnambulant","StSLib","The Bladedancer","The Cursed","The Elementalist","The Hierophant","The Jungle","The Mystic","The Necromancer"],"gold_per_floor":[114,120,120,135,310,38,48,70,70,77,84,84,117,163,163,145,145],"floor_reached":16,"language":"ENG","playtime":915,"items_purged":[],"score":121,"play_id":"dc4dc620-5b7e-47d8-92de-c666e9c4a398","local_time":"20210114002122","is_ascension_mode":false,"campfire_choices":[{"floor":12,"key":"REST"},{"floor":15,"key":"REST"}],"circlet_count":0,"master_deck":["hierophant:Strike_Hierophant","hierophant:Strike_Hierophant","hierophant:Strike_Hierophant","hierophant:Punish","hierophant:Defend_Hierophant","hierophant:Defend_Hierophant","hierophant:Defend_Hierophant","hierophant:Defend_Hierophant","hierophant:ChurchCoffers","hierophant:Doomsaying","hierophant:Doubloon","hierophant:Remorse","Normality","hierophant:RepressedViolence","Doubt","hierophant:Batter","hierophant:Blessing","hierophant:HammerAndAnvil","hierophant:SealAway","ReplayTheSpireMod:Splinters","hierophant:Patience","hierophant:HolyVerse","hierophant:Doubloon","hierophant:RustyCrate","hierophant:Doubloon","hierophant:Doubloon","hierophant:MirrorShield"],"relics":["hierophant:PropheticMaskRelic","Ring of Fangs","Ring of Searing","hubris:BundleOfHerbs","hubris:Metronome"],"acts_visited":["Exordium"],"potions_floor_usage":[2,7,11,16],"damage_taken":[{"damage":0,"enemies":"2 Louse","floor":1,"turns":2},{"damage":0,"enemies":"Jaw Worm","floor":2,"turns":3},{"damage":32,"enemies":"Small Slimes","floor":4,"turns":3},{"damage":19,"enemies":"3 Louse","floor":7,"turns":4},{"damage":30,"enemies":"Red Slaver","floor":10,"turns":6},{"damage":0,"enemies":"Large Slime","floor":11,"turns":5},{"damage":38,"enemies":"Lots of Slimes","floor":13,"turns":4},{"damage":35,"enemies":"Blue Slaver","floor":14,"turns":6},{"damage":40,"enemies":"The Guardian","floor":16,"turns":7}],"seed_played":"1167572039717921949","potions_obtained":[{"floor":1,"key":"Block Potion"},{"floor":2,"key":"Guardian:BlockOnCardUsePotion"},{"floor":4,"key":"Explosive Potion"},{"floor":11,"key":"Milkshake"}],"is_trial":false,"path_per_floor":["M","M","?","M","?","$","M","?","T","M","M","R","M","M","R","B"],"character_chosen":"HIEROPHANT","items_purchased":["hierophant:Batter","hierophant:Blessing","hierophant:HammerAndAnvil"],"campfire_rested":2,"item_purchase_floors":[6,6,6],"current_hp_per_floor":[75,75,75,43,43,43,31,31,31,8,15,37,30,2,24,0,0],"gold":145,"neow_bonus":"RANDOM_EVENT","is_daily":false,"chose_seed":false,"campfire_upgraded":0,"win_rate":0.0,"timestamp":1610608882,"path_taken":["M","M","?","M","?","?","M","?","T","M","M","R","M","M","R","BOSS"],"items_purchased_type":["Card","Card","Card"],"build_version":"2020-11-17","purchased_purges":0,"victory":false,"max_hp_per_floor":[75,75,75,75,75,75,75,75,75,75,75,75,75,75,75,75,75],"card_choices":[{"not_picked":["hierophant:Empathy","hierophant:OrnateBuckler"],"picked":"hierophant:Doomsaying","floor":1},{"not_picked":["hierophant:Embezzle","hierophant:Upheaval"],"picked":"hierophant:Remorse","floor":2},{"not_picked":["hierophant:FlamingChariot","hierophant:DisplayOfPower"],"picked":"hierophant:RepressedViolence","floor":4},{"not_picked":["hierophant:Purify","hierophant:DisplayOfPower"],"picked":"hierophant:SealAway","floor":7},{"not_picked":["hierophant:Community","hierophant:Doubloon"],"picked":"hierophant:Patience","floor":8},{"not_picked":["hierophant:Generosity","hierophant:FlamingChariot"],"picked":"hierophant:HolyVerse","floor":10},{"not_picked":["hierophant:FieryStrike","hierophant:AuricBeam"],"picked":"hierophant:Doubloon","floor":11},{"not_picked":["hierophant:MorningPrayer","hierophant:Remorse"],"picked":"hierophant:RustyCrate","floor":13},{"not_picked":["hierophant:OrnateBuckler","hierophant:ThreeLashes"],"picked":"hierophant:MirrorShield","floor":14}],"player_experience":27807,"relics_obtained":[{"floor":3,"key":"Ring of Fangs"},{"floor":3,"key":"Ring of Searing"},{"floor":8,"key":"hubris:BundleOfHerbs"},{"floor":9,"key":"hubris:Metronome"}],"event_choices":[{"damage_healed":0,"gold_gain":175,"player_choice":"AGREE","damage_taken":0,"max_hp_gain":0,"max_hp_loss":0,"event_name":"Liars Game","floor":5,"gold_loss":0,"cards_obtained":["Doubt"]}],"is_beta":true,"boss_relics":[],"items_purged_floors":[],"is_endless":false,"potions_floor_spawned":[1,2,4,11],"killed_by":"The Guardian","ascension_level":0}}