{"host":"7gewg82ormp6yt4e","time":1610628366,"event":{"mods":["BaseMod","Block Reminder","Colored Map","Colored Powertips","DeckTracker","Highlight Path","Minty Spire (QoL Compilation)","Relic Stats","StSLib","ojb\u0027s Info Mod"],"gold_per_floor":[109,121,7,7,26,26,55,55,55,70,70,87,103,28,28,107,107,117,6,26,26,37,37,71,71,142,154,97,97,147,147,147,221,221,237,217,234,234,234,266,266,281,306,340,357,385,385,63,63,63,63,63,63,6,31,31],"floor_reached":57,"language":"JPN","playtime":6124,"items_purged":["Pain"],"score":2816,"play_id":"3e3da3f9-45ef-4f34-b6f3-a44ac375b740","local_time":"20210114214606","is_ascension_mode":true,"campfire_choices":[{"data":"Defragment","floor":6,"key":"SMITH"},{"data":"Defragment","floor":8,"key":"SMITH"},{"floor":15,"key":"REST"},{"data":"Seek","floor":23,"key":"SMITH"},{"floor":29,"key":"REST"},{"data":"Biased Cognition","floor":32,"key":"SMITH"},{"floor":41,"key":"RECALL"},{"data":"Seek","floor":47,"key":"SMITH"},{"data":"Capacitor","floor":49,"key":"SMITH"},{"data":"Turbo","floor":53,"key":"SMITH"}],"circlet_count":0,"master_deck":["AscendersBane","Zap","Dualcast","Buffer","Conserve Battery+1","Compile Driver","Lockon","Defragment+1","Ball Lightning","Defragment+1","Seek+1","Hyperbeam","Ball Lightning","Biased Cognition+1","Glacier","Fission+1","Turbo+1","Auto Shields","Loop","All For One","Compile Driver","Cold Snap","Core Surge","Force Field","Barrage","Coolheaded","Seek+1","Self Repair","Coolheaded+1","Capacitor+1","Steam Power+1","Core Surge","Biased Cognition+1","Echo Form"],"relics":["Cracked Core","Girya","Question Card","WarpedTongs","Pandora\u0027s Box","War Paint","Runic Pyramid","Boot","Regal Pillow","PreservedInsect","Sundial","DollysMirror","Pantograph"],"acts_visited":["Exordium","TheCity","TheBeyond","TheEnding"],"potions_floor_usage":[7,12,16,24,33,50,56],"damage_taken":[{"damage":2,"enemies":"Jaw Worm","floor":1,"turns":4},{"damage":3,"enemies":"Small Slimes","floor":2,"turns":3},{"damage":5,"enemies":"Cultist","floor":5,"turns":4},{"damage":0,"enemies":"Gremlin Nob","floor":7,"turns":4},{"damage":4,"enemies":"Looter","floor":10,"turns":3},{"damage":10,"enemies":"Lots of Slimes","floor":12,"turns":3},{"damage":12,"enemies":"Exordium Wildlife","floor":13,"turns":2},{"damage":29,"enemies":"Hexaghost","floor":16,"turns":7},{"damage":21,"enemies":"Shell Parasite","floor":18,"turns":4},{"damage":0,"enemies":"Chosen","floor":20,"turns":5},{"damage":0,"enemies":"Centurion and Healer","floor":22,"turns":7},{"damage":15,"enemies":"Slavers","floor":24,"turns":12},{"damage":3,"enemies":"Shelled Parasite and Fungi","floor":27,"turns":5},{"damage":18,"enemies":"Automaton","floor":33,"turns":12},{"damage":6,"enemies":"3 Darklings","floor":35,"turns":6},{"damage":15,"enemies":"Orb Walker","floor":37,"turns":3},{"damage":9,"enemies":"Reptomancer","floor":40,"turns":10},{"damage":0,"enemies":"Writhing Mass","floor":42,"turns":5},{"damage":0,"enemies":"Nemesis","floor":44,"turns":6},{"damage":3,"enemies":"4 Shapes","floor":45,"turns":7},{"damage":16,"enemies":"Reptomancer","floor":46,"turns":11},{"damage":27,"enemies":"Awakened One","floor":50,"turns":18},{"damage":0,"enemies":"Donu and Deca","floor":51,"turns":11},{"damage":11,"enemies":"Shield and Spear","floor":55,"turns":9},{"damage":76,"enemies":"The Heart","floor":56,"turns":10}],"seed_played":"3137473102558485030","potions_obtained":[{"floor":1,"key":"Swift Potion"},{"floor":5,"key":"DuplicationPotion"},{"floor":7,"key":"Fire Potion"},{"floor":10,"key":"BlessingOfTheForge"},{"floor":20,"key":"Swift Potion"},{"floor":27,"key":"AttackPotion"},{"floor":36,"key":"SneckoOil"},{"floor":40,"key":"Fire Potion"},{"floor":44,"key":"Swift Potion"}],"is_trial":false,"path_per_floor":["M","M","$","?","M","R","E","R","T","M","?","M","M","$","R","B",null,"M","$","M","?","M","R","E","?","T","M","$","R","?","?","R","B",null,"M","?","M","?","?","E","R","M","T","E","M","E","R","$","R","B","B",null,"R","$","E","B",null],"character_chosen":"DEFECT","items_purchased":["Lockon","Defragment","FairyPotion","Coolheaded","Core Surge","DollysMirror","PowerPotion"],"campfire_rested":2,"item_purchase_floors":[3,3,19,28,48,48,54],"current_hp_per_floor":[62,59,59,59,54,54,54,54,54,50,50,40,28,28,49,20,58,37,37,37,37,37,37,22,22,22,19,19,40,40,40,40,22,59,53,53,45,45,45,43,43,53,53,63,67,58,58,58,58,41,48,62,62,62,58,18],"gold":31,"neow_bonus":"ONE_RANDOM_RARE_CARD","is_daily":false,"chose_seed":false,"campfire_upgraded":7,"win_rate":0.0,"timestamp":1610628366,"path_taken":["M","M","$","?","M","R","E","R","T","M","?","M","M","$","R","BOSS","M","$","M","?","M","R","E","?","T","?","$","R","?","?","R","BOSS","M","?","?","?","?","E","R","M","T","E","M","E","R","$","R","BOSS","BOSS","R","$","E","BOSS"],"items_purchased_type":["Card","Card","Potion","Card","Card","Relic","Potion"],"build_version":"2020-12-22","purchased_purges":1,"victory":true,"max_hp_per_floor":[71,71,71,71,71,71,71,71,71,71,71,71,71,71,71,71,71,71,71,71,71,71,71,71,71,71,71,71,71,71,71,71,71,71,71,71,71,67,67,67,67,67,67,67,67,67,67,67,67,67,67,67,67,67,67,67],"relic_stats":{"Regal Pillow":0,"counters":[25,171],"Sundial":[6],"Pantograph":9,"Pandora\u0027s Box":["Glacier","Fission","Turbo","Auto Shields","Loop","Hello World","All For One","Compile Driver"],"PreservedInsect":139,"War Paint":["Conserve Battery","Fission"],"Question Card":18,"Boot":[79],"obtain_stats":[{"Girya":7,"Regal Pillow":43,"PreservedInsect":44,"War Paint":24,"Question Card":9,"Boot":40,"WarpedTongs":11,"Sundial":46,"DollysMirror":48,"Pantograph":55,"Pandora\u0027s Box":17,"Cracked Core":0,"Runic Pyramid":34},{"Girya":4,"Regal Pillow":18,"PreservedInsect":19,"War Paint":12,"Question Card":4,"Boot":17,"WarpedTongs":5,"Sundial":21,"DollysMirror":21,"Pantograph":24,"Pandora\u0027s Box":8,"Cracked Core":0,"Runic Pyramid":14},{"Girya":15,"Regal Pillow":99,"PreservedInsect":105,"War Paint":58,"Question Card":15,"Boot":94,"WarpedTongs":18,"Sundial":123,"DollysMirror":123,"Pantograph":161,"Pandora\u0027s Box":30,"Cracked Core":0,"Runic Pyramid":75}],"WarpedTongs":[151]},"card_choices":[{"not_picked":["Beam Cell","Coolheaded"],"picked":"Conserve Battery","floor":1},{"not_picked":["Redo","Turbo"],"picked":"Compile Driver","floor":2},{"not_picked":["Redo","Tempest"],"picked":"Ball Lightning","floor":5},{"not_picked":["Conserve Battery","Gash"],"picked":"Defragment","floor":7},{"not_picked":["BootSequence","Ball Lightning","Consume"],"picked":"Seek","floor":10},{"not_picked":["Stack","Steam","Leap"],"picked":"Hyperbeam","floor":12},{"not_picked":["Steam Power","Leap","Go for the Eyes"],"picked":"Ball Lightning","floor":13},{"not_picked":["Meteor Strike","Seek","Core Surge"],"picked":"Biased Cognition","floor":16},{"not_picked":["Go for the Eyes","Stack","Fusion"],"picked":"Cold Snap","floor":18},{"not_picked":["Recycle","Compile Driver","Coolheaded"],"picked":"Core Surge","floor":20},{"not_picked":["Redo","Cold Snap","Barrage","Sunder"],"picked":"SKIP","floor":22},{"not_picked":["Aggregate","Streamline","Chill+1"],"picked":"Force Field","floor":24},{"not_picked":["Ball Lightning","White Noise","Compile Driver","Gash"],"picked":"SKIP","floor":27},{"not_picked":["Electrodynamics","Multi-Cast","Thunder Strike"],"picked":"Seek","floor":33},{"not_picked":["Fusion","Beam Cell+1","Leap"],"picked":"Self Repair","floor":35},{"not_picked":["Streamline+1","Gash","Stack","Beam Cell+1"],"picked":"SKIP","floor":37},{"not_picked":["Redo+1","Rainbow","Machine Learning","Chill"],"picked":"SKIP","floor":40},{"not_picked":["Hologram","Sweeping Beam","Gash"],"picked":"Coolheaded+1","floor":42},{"not_picked":["Steam+1","Machine Learning","Ball Lightning"],"picked":"Capacitor","floor":44},{"not_picked":["Leap","Coolheaded","Streamline+1","Aggregate"],"picked":"SKIP","floor":45},{"not_picked":["Redo","Leap","Self Repair"],"picked":"Steam Power+1","floor":46},{"not_picked":["Aggregate","Lockon+1","Skim"],"picked":"Echo Form","floor":55}],"player_experience":2568160,"relics_obtained":[{"floor":7,"key":"Girya"},{"floor":9,"key":"Question Card"},{"floor":24,"key":"War Paint"},{"floor":40,"key":"Boot"},{"floor":43,"key":"Regal Pillow"},{"floor":44,"key":"PreservedInsect"},{"floor":46,"key":"Sundial"},{"floor":55,"key":"Pantograph"}],"event_choices":[{"damage_healed":0,"gold_gain":0,"player_choice":"Ignored","damage_taken":0,"max_hp_gain":0,"max_hp_loss":0,"event_name":"Shining Light","floor":4,"gold_loss":0},{"damage_healed":0,"gold_gain":0,"player_choice":"Rummage","damage_taken":0,"relics_obtained":["WarpedTongs"],"max_hp_gain":0,"max_hp_loss":0,"event_name":"Accursed Blacksmith","floor":11,"gold_loss":0,"cards_obtained":["Pain"]},{"damage_healed":0,"gold_gain":0,"player_choice":"Ignored","damage_taken":0,"max_hp_gain":0,"max_hp_loss":0,"event_name":"Cursed Tome","floor":21,"gold_loss":0},{"damage_healed":0,"gold_gain":0,"cards_transformed":["Hello World"],"player_choice":"Transformed","damage_taken":0,"max_hp_gain":0,"max_hp_loss":0,"event_name":"Transmorgrifier","floor":25,"gold_loss":0,"cards_obtained":["Barrage"]},{"damage_healed":0,"gold_gain":50,"player_choice":"Stole From Cult","damage_taken":0,"max_hp_gain":0,"max_hp_loss":0,"event_name":"Nest","floor":30,"gold_loss":0},{"damage_healed":0,"gold_gain":0,"player_choice":"Ignored","damage_taken":0,"max_hp_gain":0,"max_hp_loss":0,"event_name":"Ghosts","floor":31,"gold_loss":0},{"damage_healed":0,"gold_gain":0,"player_choice":"Bought 1 Potion","damage_taken":0,"max_hp_gain":0,"max_hp_loss":0,"event_name":"The Woman in Blue","floor":36,"gold_loss":0},{"damage_healed":0,"gold_gain":0,"player_choice":"Max HP","damage_taken":0,"max_hp_gain":0,"max_hp_loss":4,"event_name":"Winding Halls","floor":38,"gold_loss":0},{"damage_healed":0,"gold_gain":0,"player_choice":"Ignored","damage_taken":0,"max_hp_gain":0,"max_hp_loss":0,"event_name":"Tomb of Lord Red Mask","floor":39,"gold_loss":0}],"is_beta":false,"boss_relics":[{"not_picked":["Ectoplasm","Calling Bell"],"picked":"Pandora\u0027s Box"},{"not_picked":["Nuclear Battery","Cursed Key"],"picked":"Runic Pyramid"}],"items_purged_floors":[14],"is_endless":false,"potions_floor_spawned":[1,5,7,10,20,27,40,42,44],"ascension_level":20}}