{"host":"Á¤±Û¸µ","time":1610646405,"event":{"mods":["AchievementEnabler","BaseMod","Colored Map","DeckTracker","Highlight Path","Keyboard Shortcuts","Minty Spire (QoL Compilation)","Permanent Neow","Quick Restart","Rare Cards Sparkle","everything is the same but u backflip on backflip"],"gold_per_floor":[109,123,0,11,28,28,57,57,57,57,57,57,76,38,38,112,112,129,58,58,58,58,83,148,175,225,550,566,276,379,442,442,515,515,532,582,907,919,618,647,647,714,714,547,615,615,629,641,641,641,641,641,159,190,190],"floor_reached":56,"language":"KOR","playtime":1956,"items_purged":["Strike_P","Defend_P","Defend_P+1","LessonLearned+1","Strike_P+1","Defend_P+1"],"score":2332,"play_id":"fea16041-2f43-421a-b7e9-ca81d3e08cc2","local_time":"20210115024645","is_ascension_mode":true,"campfire_choices":[{"data":"Eruption","floor":6.0,"key":"SMITH"},{"floor":8.0,"key":"REST"},{"data":"Halt","floor":10.0,"key":"SMITH"},{"floor":15.0,"key":"RECALL"},{"floor":32.0,"key":"REST"},{"data":"RitualDagger","floor":41,"key":"SMITH"},{"floor":46,"key":"REST"},{"floor":49,"key":"REST"},{"floor":52,"key":"REST"}],"circlet_count":0,"master_deck":["AscendersBane","Strike_P+1","Defend_P+1","Eruption+1","Vigilance+1","WheelKick+1","MentalFortress+1","Halt+1","RitualDagger+1","ConjureBlade+1","MentalFortress+1"],"relics":["PureWater","Membership Card","Strawberry","Potion Belt","VioletLotus","TeardropLocket","SsserpentHead","Bag of Preparation","InkBottle","Akabeko","TheAbacus","White Beast Statue","Boot","Runic Pyramid","Toy Ornithopter","Meat on the Bone","Frozen Egg 2","Lantern","Sundial","Sling","GoldenEye","Kunai"],"acts_visited":["Exordium","TheCity","TheBeyond","TheEnding"],"potions_floor_usage":[40,42,45],"damage_taken":[{"damage":8.0,"enemies":"2 Louse","floor":1.0,"turns":4.0},{"damage":8.0,"enemies":"Small Slimes","floor":2.0,"turns":3.0},{"damage":12.0,"enemies":"Cultist","floor":4.0,"turns":6.0},{"damage":0.0,"enemies":"Large Slime","floor":5.0,"turns":4.0},{"damage":0.0,"enemies":"3 Sentries","floor":7.0,"turns":4.0},{"damage":0.0,"enemies":"3 Louse","floor":13.0,"turns":3.0},{"damage":0.0,"enemies":"Hexaghost","floor":16.0,"turns":2.0},{"damage":6.0,"enemies":"3 Byrds","floor":18.0,"turns":5.0},{"damage":10.0,"enemies":"Slavers","floor":23.0,"turns":7.0},{"damage":6.0,"enemies":"Chosen","floor":24.0,"turns":3.0},{"damage":0.0,"enemies":"Gremlin Leader","floor":25.0,"turns":2.0},{"damage":0.0,"enemies":"Snake Plant","floor":28.0,"turns":2.0},{"damage":0.0,"enemies":"Sentry and Sphere","floor":31.0,"turns":2.0},{"damage":15.0,"enemies":"Champ","floor":33.0,"turns":7.0},{"damage":7,"enemies":"3 Shapes","floor":35,"turns":2},{"damage":3,"enemies":"Orb Walker","floor":38,"turns":2},{"damage":0,"enemies":"Reptomancer","floor":40,"turns":3},{"damage":0,"enemies":"Maw","floor":42,"turns":4},{"damage":0,"enemies":"3 Darklings","floor":45,"turns":3},{"damage":0,"enemies":"Jaw Worm Horde","floor":47,"turns":1},{"damage":0,"enemies":"4 Shapes","floor":48,"turns":1},{"damage":0,"enemies":"Awakened One","floor":50,"turns":2},{"damage":0,"enemies":"Shield and Spear","floor":54,"turns":1},{"damage":64,"enemies":"The Heart","floor":55,"turns":3}],"seed_played":"-3051162128229278915","potions_obtained":[{"floor":1.0,"key":"BlessingOfTheForge"},{"floor":2.0,"key":"Explosive Potion"},{"floor":5.0,"key":"Block Potion"},{"floor":13.0,"key":"BlessingOfTheForge"},{"floor":18.0,"key":"LiquidBronze"},{"floor":28.0,"key":"DuplicationPotion"},{"floor":31.0,"key":"Swift Potion"},{"floor":33.0,"key":"BlessingOfTheForge"},{"floor":35,"key":"Dexterity Potion"},{"floor":38,"key":"Block Potion"},{"floor":40,"key":"CultistPotion"},{"floor":42,"key":"PowerPotion"},{"floor":45,"key":"SpeedPotion"},{"floor":48,"key":"Ancient Potion"},{"floor":54,"key":"Block Potion"}],"is_trial":false,"path_per_floor":["M","M","$","M","M","R","E","R","T","R","?","?","M","$","R","B",null,"M","$","?","?","?","E","M","E","T","?","M","$","T","M","R","B",null,"M","?","?","M","$","E","R","M","T","$","M","R","M","M","R","B",null,"R","$","E","B",null],"character_chosen":"WATCHER","items_purchased":["Membership Card","MentalFortress","TheAbacus","White Beast Statue","Toy Ornithopter","Meat on the Bone","Lantern","Sundial","Sling","GoldenEye"],"campfire_rested":5,"item_purchase_floors":[3,19,29,29,39,39,44,53,53,53],"current_hp_per_floor":[53,45,45,33,33,33,40,60,60,60,60,60,60,60,60,60,67,61,61,61,55,55,45,39,39,39,39,39,39,39,39,59,44,63,56,56,56,53,53,58,58,63,63,63,68,69,69,69,69,69,69,69,69,69,17],"gold":190,"neow_bonus":"THREE_RARE_CARDS","is_daily":false,"chose_seed":false,"campfire_upgraded":3,"win_rate":0.0,"timestamp":1610646405,"path_taken":["M","M","$","M","M","R","E","R","T","R","?","?","?","$","R","BOSS","M","$","?","?","?","E","?","E","T","?","M","$","?","?","R","BOSS","M","?","?","M","$","E","R","?","T","$","?","R","M","M","R","BOSS","R","$","E","BOSS"],"items_purchased_type":["Relic","Card","Relic","Relic","Relic","Relic","Relic","Relic","Relic","Relic"],"build_version":"2020-12-18","purchased_purges":6,"victory":true,"max_hp_per_floor":[62,62,62,62,62,62,69,69,69,69,69,69,69,69,69,69,69,69,69,69,69,69,69,69,69,69,69,69,69,69,69,69,69,69,69,69,69,69,69,69,69,69,69,69,69,69,69,69,69,69,69,69,69,69,69],"card_choices":[{"not_picked":["Omniscience","DevaForm"],"picked":"LessonLearned","floor":0.0},{"not_picked":["WreathOfFlame","Weave"],"picked":"Halt","floor":1.0},{"not_picked":["Consecrate","Conclude"],"picked":"WheelKick","floor":2.0},{"not_picked":["SashWhip","BowlingBash","Swivel"],"picked":"SKIP","floor":4.0},{"not_picked":["FlyingSleeves","EmptyFist","Prostrate"],"picked":"SKIP","floor":5.0},{"not_picked":["Prostrate","Evaluate","PathToVictory"],"picked":"SKIP","floor":7.0},{"not_picked":["FlyingSleeves","WreathOfFlame","Halt"],"picked":"SKIP","floor":13.0},{"not_picked":["Halt","FlyingSleeves","WaveOfTheHand"],"picked":"SKIP","floor":18.0},{"not_picked":["EmptyBody","CutThroughFate"],"picked":"ConjureBlade","floor":23.0},{"not_picked":["FlurryOfBlows","DeceiveReality+1","Consecrate+1"],"picked":"SKIP","floor":24.0},{"not_picked":["CarveReality","Perseverance","WaveOfTheHand"],"picked":"SKIP","floor":25.0},{"not_picked":["CarveReality","Evaluate","FlurryOfBlows"],"picked":"SKIP","floor":28.0},{"not_picked":["ForeignInfluence","FlurryOfBlows","Weave"],"picked":"SKIP","floor":31.0},{"not_picked":["InnerPeace","JustLucky+1","FollowUp+1"],"picked":"SKIP","floor":35},{"not_picked":["WindmillStrike","JustLucky","SashWhip"],"picked":"SKIP","floor":38},{"not_picked":["Prostrate","EmptyBody","ThirdEye+1"],"picked":"SKIP","floor":40},{"not_picked":["WheelKick","Conclude","Collect"],"picked":"SKIP","floor":42},{"not_picked":["Wish","CrushJoints+1","Evaluate+1"],"picked":"SKIP","floor":45},{"not_picked":["Crescendo","PathToVictory+1","EmptyBody"],"picked":"SKIP","floor":47},{"not_picked":["FlurryOfBlows+1","SashWhip"],"picked":"MentalFortress+1","floor":48},{"not_picked":["Conclude+1","TalkToTheHand+1","CarveReality"],"picked":"SKIP","floor":54}],"player_experience":330686,"relics_obtained":[{"floor":7.0,"key":"Strawberry"},{"floor":9.0,"key":"Potion Belt"},{"floor":23.0,"key":"Bag of Preparation"},{"floor":25.0,"key":"InkBottle"},{"floor":26.0,"key":"Akabeko"},{"floor":30.0,"key":"Boot"},{"floor":40,"key":"Frozen Egg 2"},{"floor":54,"key":"Kunai"}],"event_choices":[{"damage_healed":0.0,"max_hp_gain":0.0,"max_hp_loss":0.0,"gold_gain":0.0,"event_name":"The Cleric","player_choice":"Leave","floor":11.0,"gold_loss":0.0,"damage_taken":0.0},{"cards_removed":["Strike_P"],"damage_healed":0.0,"max_hp_gain":0.0,"max_hp_loss":0.0,"gold_gain":0.0,"event_name":"Purifier","player_choice":"Purged","floor":12.0,"gold_loss":0.0,"damage_taken":0.0},{"damage_healed":0.0,"max_hp_gain":0.0,"max_hp_loss":0.0,"gold_gain":0.0,"event_name":"Addict","player_choice":"Stole Relic","floor":20.0,"gold_loss":0.0,"damage_taken":0.0,"relics_obtained":["TeardropLocket"],"cards_obtained":["Shame"]},{"damage_healed":0.0,"max_hp_gain":0.0,"max_hp_loss":0.0,"gold_gain":0.0,"event_name":"Nest","player_choice":"Joined the Cult","floor":21.0,"gold_loss":0.0,"damage_taken":6.0,"cards_obtained":["RitualDagger"]},{"damage_healed":0.0,"max_hp_gain":0.0,"max_hp_loss":0.0,"gold_gain":0.0,"event_name":"FaceTrader","player_choice":"Trade","floor":22.0,"gold_loss":0.0,"damage_taken":0.0,"relics_obtained":["SsserpentHead"]},{"damage_healed":0.0,"max_hp_gain":0.0,"max_hp_loss":0.0,"gold_gain":275.0,"event_name":"Golden Shrine","player_choice":"Desecrate","floor":27.0,"gold_loss":0.0,"damage_taken":0.0,"cards_obtained":["Regret"]},{"damage_healed":0,"gold_gain":0,"player_choice":"Ignored","damage_taken":0,"max_hp_gain":0,"max_hp_loss":0,"event_name":"Tomb of Lord Red Mask","floor":36,"gold_loss":0},{"damage_healed":0,"gold_gain":275,"player_choice":"Desecrate","damage_taken":0,"max_hp_gain":0,"max_hp_loss":0,"event_name":"Golden Shrine","floor":37,"gold_loss":0,"cards_obtained":["Regret"]}],"is_beta":true,"boss_relics":[{"not_picked":["Ectoplasm","Velvet Choker"],"picked":"VioletLotus"},{"not_picked":["Coffee Dripper","Runic Dome"],"picked":"Runic Pyramid"}],"items_purged_floors":[14,19,29,39,44,53],"is_endless":false,"potions_floor_spawned":[1,2,5,13,18,28,31,33,35,38,40,42,45,47,48,54],"ascension_level":16}}