{"host":"ufl0k2so27eic2iy","time":1610629186,"event":{"mods":["BaseMod","Minty Spire (QoL Compilation)","StSLib","The Animator"],"gold_per_floor":[139,157,33,47,47,47,47,82,137,137,237,15,45,78,90,201,213,248,315,327,18,18,18,18,18],"floor_reached":24,"language":"ENG","playtime":879,"items_purged":["animator:Strike","animator:Strike","Regret"],"score":350,"play_id":"fd07befb-3aea-43d0-a7ef-5008adbb523d","local_time":"20210114125946","is_ascension_mode":true,"campfire_choices":[{"data":"animator:LuciaKonohana","floor":6.0,"key":"SMITH"},{"data":"animator:ChihayaOhtori","floor":10.0,"key":"SMITH"},{"floor":15.0,"key":"REST"},{"floor":23,"key":"REST"}],"circlet_count":0,"master_deck":["AscendersBane","animator:Strike_Rewrite","animator:Defend_Rewrite+1","animator:Defend","animator:Defend","animator:Defend","animator:YoshinoHaruhiko","animator:ShizuruNakatsu","animator:Fredrika","animator:LuciaKonohana+1","animator:UneriGinkaku","animator:Shimako+1","animator:ChihayaOhtori+1","animator:HighElfArcher","animator:Emonzaemon","animator:Shichika","animator:SougenEsaka","animator:Kagari","animator:PinaCoLada","animator:Benimaru","animator:Sebas","animator:SougenEsaka"],"relics":["animator:LivingPicture","animator:TheMissingPiece","Golden Idol","animator:PurpleTeddyBear","War Paint","MawBank","Cursed Key","Red Mask","Peace Pipe","Toy Ornithopter"],"acts_visited":["Exordium","TheCity"],"potions_floor_usage":[16,19],"damage_taken":[{"damage":0.0,"enemies":"2 Louse","floor":1.0,"turns":4.0},{"damage":0.0,"enemies":"Jaw Worm","floor":2.0,"turns":3.0},{"damage":0.0,"enemies":"Cultist","floor":4.0,"turns":4.0},{"damage":19.0,"enemies":"Gremlin Nob","floor":8.0,"turns":4.0},{"damage":4.0,"enemies":"Large Slime","floor":13.0,"turns":6.0},{"damage":17.0,"enemies":"3 Sentries","floor":14.0,"turns":9.0},{"damage":17,"enemies":"Slime Boss","floor":16,"turns":11},{"damage":11,"enemies":"2 Thieves","floor":18,"turns":4},{"damage":22,"enemies":"Masked Bandits","floor":19,"turns":5},{"damage":0,"enemies":"Gremlin Leader","floor":24,"turns":1}],"seed_played":"6587641867095465743","potions_obtained":[{"floor":1.0,"key":"Dexterity Potion"},{"floor":4.0,"key":"Weak Potion"},{"floor":8.0,"key":"DuplicationPotion"},{"floor":18,"key":"EssenceOfSteel"},{"floor":19,"key":"LiquidMemories"}],"is_trial":false,"path_per_floor":["M","M","$","M","?","R","?","E","T","R","?","$","M","E","R","B",null,"M","?","T","$","?","R","E"],"character_chosen":"THE_ANIMATOR","items_purchased":["animator:Shimako","animator:Emonzaemon","animator:Shichika","Toy Ornithopter","animator:SougenEsaka"],"campfire_rested":2,"item_purchase_floors":[3,12,12,21,21],"current_hp_per_floor":[54,54,54,55,55,55,48,29,29,29,29,29,25,9,25,8,44,33,11,11,11,11,27,27,27],"gold":18,"neow_bonus":"THREE_CARDS","is_daily":false,"chose_seed":true,"campfire_upgraded":2,"win_rate":0.0,"timestamp":1610629186,"path_taken":["M","M","$","M","?","R","?","E","T","R","?","$","?","E","R","BOSS","M","?","?","$","?","R","E"],"items_purchased_type":["Card","Card","Card","Relic","Card"],"build_version":"2020-12-22","purchased_purges":3,"victory":false,"max_hp_per_floor":[60,60,60,61,55,55,55,55,55,55,55,55,55,56,56,56,56,56,56,56,56,56,56,56,56],"card_choices":[{"not_picked":["animator:Midou","animator:Tyuule"],"picked":"animator:Fredrika","floor":0.0},{"not_picked":["animator:Vesta","animator:Konayuki"],"picked":"animator:LuciaKonohana","floor":1.0},{"not_picked":["animator:Tyuule","animator:ShizuruNakatsu"],"picked":"animator:UneriGinkaku","floor":2.0},{"not_picked":["animator:Konayuki","animator:ToukaNishikujou"],"picked":"animator:ChihayaOhtori","floor":4.0},{"not_picked":["animator:LizardPriest","animator:CowGirl"],"picked":"animator:HighElfArcher","floor":8.0},{"not_picked":["animator:Kagari","animator:Gillette"],"picked":"animator:SougenEsaka","floor":13.0},{"not_picked":["animator:AcuraShin","animator:YoshinoHaruhiko"],"picked":"animator:Kagari","floor":14.0},{"not_picked":["animator:HigakiRinne","animator:KotoriKanbe"],"picked":"animator:PinaCoLada","floor":16},{"not_picked":["animator:Viivi","animator:Demiurge+1"],"picked":"animator:Benimaru","floor":18},{"not_picked":["animator:YoshinoHaruhiko","animator:Entoma"],"picked":"animator:Sebas","floor":19}],"player_experience":2444740,"relics_obtained":[{"floor":8.0,"key":"animator:PurpleTeddyBear"},{"floor":9.0,"key":"War Paint"},{"floor":14.0,"key":"MawBank"},{"floor":19,"key":"Red Mask"},{"floor":20,"key":"Peace Pipe"}],"event_choices":[{"damage_healed":0.0,"max_hp_gain":0.0,"max_hp_loss":6.0,"gold_gain":0.0,"event_name":"Golden Idol","player_choice":"Lose Max HP","floor":5.0,"gold_loss":0.0,"damage_taken":0.0,"relics_obtained":["Golden Idol"]},{"cards_removed":["animator:Strike"],"damage_healed":0.0,"max_hp_gain":0.0,"max_hp_loss":0.0,"gold_gain":0.0,"event_name":"Golden Wing","player_choice":"Card Removal","floor":7.0,"gold_loss":0.0,"damage_taken":7.0},{"damage_healed":0.0,"max_hp_gain":0.0,"max_hp_loss":0.0,"gold_gain":100.0,"event_name":"Wheel of Change","player_choice":"Gold","floor":11.0,"gold_loss":0.0,"damage_taken":0.0},{"damage_healed":0,"gold_gain":0,"player_choice":"Fought Bandits","damage_taken":0,"max_hp_gain":0,"max_hp_loss":0,"event_name":"Masked Bandits","floor":19,"gold_loss":0}],"is_beta":false,"boss_relics":[{"not_picked":["Empty Cage","Coffee Dripper"],"picked":"Cursed Key"}],"items_purged_floors":[3,12,21],"is_endless":false,"potions_floor_spawned":[1,4,8,14,18,19],"killed_by":"Gremlin Leader","ascension_level":15}}