{"host":"jf9sa0j18a3cnoxw","time":1610601278,"event":{"mods":["Act Like it!","Bartender","BaseMod","Minty Spire (QoL Compilation)","Relic Stats","Replay The Spire","StSLib","The Bug Knight","The Saiyan"],"gold_per_floor":[119,119,143,24,42,83,83,102,125,143,143,143],"floor_reached":11,"language":"ENG","playtime":735,"items_purged":[],"score":75,"play_id":"f1259d5c-1f06-4068-a1dc-282ce59e2660","local_time":"20210114001438","is_ascension_mode":false,"campfire_choices":[{"floor":7,"key":"REST"}],"circlet_count":0,"master_deck":["Strike_Bartender","Strike_Bartender","Strike_Bartender","Strike_Bartender","Defend_Bartender","Defend_Bartender","Defend_Bartender","Defend_Bartender","Somersault","Pony_Shot","Dragonkick","Fight_Dirty","ThreeSidedStar","Coeurl_Form","On_The_Rocks","Mirage","Fading_Blow"],"relics":["Sneakers","NeowsBlessing","Golden Idol","Art of War","Vajra"],"acts_visited":["Exordium"],"potions_floor_usage":[6,8],"damage_taken":[{"damage":0,"enemies":"Small Slimes","floor":1,"turns":1},{"damage":0,"enemies":"Jaw Worm","floor":3,"turns":1},{"damage":0,"enemies":"Cultist","floor":5,"turns":1},{"damage":28,"enemies":"HollowMod:MossKnight","floor":6,"turns":5},{"damage":29,"enemies":"Gremlin Gang","floor":8,"turns":4},{"damage":16,"enemies":"2 Fungi Beasts","floor":10,"turns":3},{"damage":10,"enemies":"Lagavulin","floor":11,"turns":3}],"seed_played":"-5248250609710479858","potions_obtained":[{"floor":3,"key":"Reflective Coating"},{"floor":6,"key":"Energy Potion"}],"is_trial":false,"path_per_floor":["M","?","M","$","M","E","R","M","T","M","E"],"character_chosen":"BARTENDER","items_purchased":["Fight_Dirty","ThreeSidedStar"],"campfire_rested":1,"item_purchase_floors":[4,4],"current_hp_per_floor":[70,53,53,53,53,25,46,17,17,1,0,0],"gold":143,"neow_bonus":"THREE_ENEMY_KILL","is_daily":false,"chose_seed":false,"campfire_upgraded":0,"win_rate":0.0,"timestamp":1610601278,"path_taken":["M","?","M","$","M","E","R","M","T","M","E"],"items_purchased_type":["Card","Card"],"build_version":"2020-12-22","purchased_purges":0,"victory":false,"max_hp_per_floor":[70,70,70,70,70,70,70,70,70,70,70,70],"relic_stats":{"counters":[7,18],"Golden Idol":25,"Art of War":[1],"obtain_stats":[{"Sneakers":0,"NeowsBlessing":0,"Golden Idol":2,"Vajra":9,"Art of War":6},{"Sneakers":0,"NeowsBlessing":0,"Golden Idol":1,"Vajra":5,"Art of War":4},{"Sneakers":0,"NeowsBlessing":0,"Golden Idol":1,"Vajra":12,"Art of War":8}]},"card_choices":[{"not_picked":["Ripple","Alacrity"],"picked":"Pony_Shot","floor":1},{"not_picked":["Feint","Form_Shift"],"picked":"Dragonkick","floor":3},{"not_picked":["Stick_and_Move","With_A_Twist"],"picked":"Coeurl_Form","floor":5},{"not_picked":["Scoop","Scowl"],"picked":"On_The_Rocks","floor":6},{"not_picked":["Bloodbath_Bartender","Center_Self"],"picked":"Mirage","floor":8},{"not_picked":["Power_Up_Punch","Stick_and_Move"],"picked":"Fading_Blow","floor":10}],"player_experience":115779,"relics_obtained":[{"floor":6,"key":"Art of War"},{"floor":9,"key":"Vajra"}],"event_choices":[{"damage_healed":0,"gold_gain":0,"player_choice":"Take Damage","damage_taken":17,"relics_obtained":["Golden Idol"],"max_hp_gain":0,"max_hp_loss":0,"event_name":"Golden Idol","floor":2,"gold_loss":0}],"is_beta":false,"boss_relics":[],"items_purged_floors":[],"is_endless":false,"potions_floor_spawned":[3,6],"killed_by":"Lagavulin","ascension_level":0}}