{"host":"Qube","time":1610595674,"event":{"mods":["AchievementEnabler","BaseMod","Colored Map","Colored Powertips","Minty Spire (QoL Compilation)","Quick Restart","Random Character Button","StSLib"],"gold_per_floor":[114,132,132,150,170,170,204,204,227,252,252,2,15,34,34,34,34],"floor_reached":16,"language":"ENG","playtime":486,"items_purged":[],"score":224,"play_id":"68958d0e-cd94-44e5-8ff0-be8883ccf549","local_time":"20210113194114","is_ascension_mode":true,"campfire_choices":[{"floor":6.0,"key":"REST"},{"floor":8.0,"key":"REST"},{"floor":15,"key":"REST"}],"circlet_count":0,"master_deck":["AscendersBane","Strike_R","Strike_R+1","Strike_R","Strike_R","Strike_R","Defend_R","Defend_R","Defend_R","Defend_R","Bash","Cleave+1","Power Through","Perfected Strike","Fire Breathing","Body Slam","Power Through","Injury","Corruption","Wild Strike","True Grit"],"relics":["Burning Blood","Happy Flower","Dream Catcher","Art of War","Golden Idol","Membership Card","Blood Vial"],"acts_visited":["Exordium"],"potions_floor_usage":[14],"damage_taken":[{"damage":11.0,"enemies":"Jaw Worm","floor":1.0,"turns":5.0},{"damage":24.0,"enemies":"Small Slimes","floor":2.0,"turns":3.0},{"damage":0.0,"enemies":"2 Louse","floor":4.0,"turns":1.0},{"damage":11.0,"enemies":"Looter","floor":5.0,"turns":2.0},{"damage":40.0,"enemies":"Lagavulin","floor":7.0,"turns":7.0},{"damage":25.0,"enemies":"3 Sentries","floor":10.0,"turns":5.0},{"damage":0.0,"enemies":"3 Louse","floor":13.0,"turns":3.0},{"damage":13,"enemies":"Red Slaver","floor":14,"turns":4},{"damage":36,"enemies":"The Guardian","floor":16,"turns":7}],"seed_played":"2480038223293286256","potions_obtained":[{"floor":2.0,"key":"SmokeBomb"},{"floor":4.0,"key":"SkillPotion"},{"floor":7.0,"key":"FairyPotion"},{"floor":10.0,"key":"SkillPotion"}],"is_trial":false,"path_per_floor":["M","M","?","M","M","R","E","R","T","E","?","$","M","M","R","B"],"character_chosen":"IRONCLAD","items_purchased":["Membership Card","Blood Vial"],"campfire_rested":3,"item_purchase_floors":[12,12],"current_hp_per_floor":[70,52,27,33,28,52,18,42,42,23,23,23,31,26,50,16,16],"gold":34,"neow_bonus":"TEN_PERCENT_HP_BONUS","is_daily":false,"chose_seed":false,"campfire_upgraded":0,"win_rate":0.0,"timestamp":1610595674,"path_taken":["M","M","?","M","M","R","E","R","T","E","?","?","M","?","R","BOSS"],"items_purchased_type":["Relic","Relic"],"build_version":"2020-12-18","purchased_purges":0,"victory":false,"max_hp_per_floor":[82,82,82,82,82,82,82,82,82,82,82,82,82,82,82,82,82],"card_choices":[{"not_picked":["Heavy Blade","Flex"],"picked":"Cleave","floor":1.0},{"not_picked":["Disarm","Body Slam"],"picked":"Power Through","floor":2.0},{"not_picked":["Clothesline","Sword Boomerang"],"picked":"Perfected Strike","floor":4.0},{"not_picked":["Flex","Sword Boomerang"],"picked":"Fire Breathing","floor":5.0},{"not_picked":["Rupture","Thunderclap"],"picked":"Body Slam","floor":7.0},{"not_picked":["Burning Pact","Combust"],"picked":"Power Through","floor":10.0},{"not_picked":["Warcry","Sentinel"],"picked":"Corruption","floor":13.0},{"not_picked":["Pommel Strike","Body Slam"],"picked":"Wild Strike","floor":14},{"not_picked":["Anger","Blood for Blood"],"picked":"True Grit","floor":15}],"player_experience":898596,"relics_obtained":[{"floor":7.0,"key":"Happy Flower"},{"floor":9.0,"key":"Dream Catcher"},{"floor":10.0,"key":"Art of War"}],"event_choices":[{"damage_healed":0.0,"max_hp_gain":0.0,"max_hp_loss":0.0,"gold_gain":0.0,"event_name":"Shining Light","player_choice":"Entered Light","floor":3.0,"gold_loss":0.0,"damage_taken":25.0,"cards_upgraded":["Strike_R","Cleave"]},{"damage_healed":0.0,"max_hp_gain":0.0,"max_hp_loss":0.0,"gold_gain":0.0,"event_name":"Golden Idol","player_choice":"Take Wound","floor":11.0,"gold_loss":0.0,"damage_taken":0.0,"relics_obtained":["Golden Idol"],"cards_obtained":["Injury"]}],"is_beta":true,"boss_relics":[],"items_purged_floors":[],"is_endless":false,"potions_floor_spawned":[2,4,7,10,13],"killed_by":"The Guardian","ascension_level":20}}