{"host":"qg654vxoo1kzp6cj","time":1610596735,"event":{"mods":["100% Spire Juice","2.2 Compatiblity","Act Like it!","Aspiration","BaseMod","Better Altar","Better Skull","Better Third Choice","Better Vampires","Conspire","Dio Mod","Displayed Cursed Tome","Dota2Spire","Downfall","Elementarium","Gensokyo","GifTheSpireLib","Good Game Mod","Hallownest","Hermit","Hubris","Ironclad Rager","Jedi Mod","KinomotoSakuraMod(????)","Melee Mod","Menagerie","Minty Spire (QoL Compilation)","MostiFishMod","Pale of the Ancients","Permanent Neow","Poor People Problems","Replay The Spire","Retaliation","Robot Space Explorer","Shade Mod","Spicy Shops","Spikes Relics","StSLib","Strawberry Spire","Stuff the Spire","The Alterego","The Animator","The Blackbeard","The Bug Knight","The Death Knight","The Druid","The Forsaken","The Kombatant","The Marked","The Runesmith","The Senshi","The Wild Card","TheHero","TheVelvet","Trackpad","Waifu the Spire","Wandering Minibosses","WarShipGirlsR/????R mod","vexMod"],"gold_per_floor":[111,111,111,111,123,153,169,189,239,252,47,47,74,92,92,190,190,202,202,82,0,0,33,33,59,59,76,94,94,109,137,137,239,119,137,137,17,34,34,34,64,64,89,106,106,132,132,132,163,183,183,183,202,82,102,128,128,146,146,146,146,146],"floor_reached":72,"language":"ENG","playtime":5509,"items_purged":[],"score":1634,"play_id":"77ef7a08-cf7d-4e09-9897-62e043c2f0b1","local_time":"20210113225855","is_ascension_mode":false,"campfire_choices":[{"floor":12,"key":"REST"},{"data":"Moonworks:RagingMadness","floor":15,"key":"SMITH"},{"floor":24,"key":"RECALL"},{"data":"Moonworks:CrystalBarrier","floor":29,"key":"SMITH"},{"data":"Moonworks:x16BigRocket","floor":32,"key":"SMITH"},{"data":"Moonworks:MetallicMonocoque","floor":40,"key":"SMITH"},{"data":"Moonworks:Ambush","floor":42,"key":"SMITH"},{"data":"Moonworks:x16BigRocket+1","floor":45,"key":"SMITH"}],"circlet_count":0,"master_deck":["Moonworks:Strike","Moonworks:Strike","Moonworks:Strike","Moonworks:Strike","Moonworks:Defend","Moonworks:Defend","Moonworks:Defend+1","Moonworks:Defend","Moonworks:Ambush+1","Moonworks:LongDistanceShot","strawberrySpire:Gammacceleration","Moonworks:CloudOfSeagulls","StuffTheSpire:BrainWave","Moonworks:RocketCannon","Moonworks:SakisCookie","Moonworks:DeployBits","Moonworks:Assault","Moonworks:LulusLuckyEgg","Moonworks:SakisCookie","Moonworks:ReflectiveShell","Moonworks:DeployBits","Moonworks:TreasureThief+1","Moonworks:EvilSpyWorkPreparation","Moonworks:ForcedRevival","Moonworks:x16BigRocket+2","Gensokyo:ShootingStar","Moonworks:MetallicMonocoque+1","Moonworks:CastOff","Moonworks:EvilSpyWorkPreparation+1","Moonworks:Dash","Moonworks:SakisCookie+1","Moonworks:ShieldCounter","Moonworks:BigBangBell","Moonworks:Assault+1","Moonworks:SelfDestruct","Moonworks:JonathanRush","Moonworks:JonathanRush+1","Moonworks:EvilSpyWorkPreparation+1"],"relics":["Moonworks:SBBomb","Moonworks:Homemark","DaveBox","REME:ComplimentaryCards","DianDianMeat","SynthV:TestCard","ImprovedEquipment","HollowMod:PaleOreRelic","FossilizedHelix","BlackRope","Busted Crown","Gensokyo:RedStar","Bottled Tornado","MiniBlackHole","StuffTheSpire:Rhapsscallions","Kunai","Regal Pillow","strawberrySpire:ThornyGelberry","aspiration:HummingbirdHeart","hubris:TenFootPole","strawberrySpire:MawJerky","trackpad:BottledTsunami","paleoftheancients:Timepiece","paleoftheancients:KeyRelic","CultistMask","paleoftheancients:BlurryLens","aspiration:ArtOfWarUpgrade","paleoftheancients:SoulOfTheShrineMaiden","Pear"],"acts_visited":["Exordium","Gensokyo:Gensokyo","Gensokyo:Gensokyoer","Gensokyo:Gensokyoest"],"potions_floor_usage":[13,16,16,23,25,25,31,31,41,29,34],"damage_taken":[{"damage":0,"enemies":"Gensokyo:3_Fairies","floor":1,"turns":4},{"damage":11,"enemies":"Gensokyo:Gryphon","floor":5,"turns":4},{"damage":2,"enemies":"Gensokyo:Cirno","floor":6,"turns":4},{"damage":3,"enemies":"Gensokyo:Python","floor":7,"turns":2},{"damage":10,"enemies":"Gensokyo:VengefulSpirit","floor":8,"turns":4},{"damage":3,"enemies":"Gensokyo:Kitsune","floor":10,"turns":2},{"damage":0,"enemies":"Gensokyo:Mamizou","floor":13,"turns":6},{"damage":6,"enemies":"Gensokyo:CorruptedTreant","floor":14,"turns":4},{"damage":30,"enemies":"Gensokyo:Yukari","floor":16,"turns":10},{"damage":24,"enemies":"Gensokyo:3_Dogs","floor":18,"turns":5},{"damage":24,"enemies":"Gensokyo:Reisen","floor":23,"turns":5},{"damage":18,"enemies":"Gensokyo:Tenshi","floor":25,"turns":4},{"damage":2,"enemies":"Gensokyo:CosmicMonolith","floor":27,"turns":5},{"damage":0,"enemies":"Gensokyo:Swordslinger","floor":28,"turns":4},{"damage":0,"enemies":"Gensokyo:Monolith_and_Dog","floor":30,"turns":5},{"damage":0,"enemies":"Gensokyo:Reisen","floor":31,"turns":4},{"damage":53,"enemies":"Gensokyo:Kaguya","floor":33,"turns":11},{"damage":11,"enemies":"Gensokyo:AncientGuardian","floor":35,"turns":6},{"damage":0,"enemies":"Gensokyo:3_Bats","floor":38,"turns":4},{"damage":10,"enemies":"Gensokyo:Doremy","floor":41,"turns":6},{"damage":0,"enemies":"Gensokyo:Sharpion","floor":44,"turns":5},{"damage":0,"enemies":"Gensokyo:Marisa","floor":46,"turns":6},{"damage":0,"enemies":"Gensokyo:Doremy","floor":49,"turns":6},{"damage":0,"enemies":"Gensokyo:AtlasGolem","floor":50,"turns":6},{"damage":242,"enemies":"Gensokyo:Shinki","floor":52,"turns":12},{"damage":453,"enemies":"Gensokyo:Shinki","floor":53,"turns":18},{"damage":358,"enemies":"Gensokyo:Shinki","floor":54,"turns":13},{"damage":0,"enemies":"paleoftheancients:BASlime1","floor":55,"turns":1},{"damage":240,"enemies":"paleoftheancients:BASlime1","floor":58,"turns":16},{"damage":319,"enemies":"paleoftheancients:N","floor":6,"turns":11}],"seed_played":"-7390979956544678223","potions_obtained":[{"floor":6,"key":"Strength Potion"},{"floor":13,"key":"Strength Potion"},{"floor":14,"key":"Venom Potion"},{"floor":16,"key":"Milkshake"},{"floor":18,"key":"SteroidPotion"},{"floor":23,"key":"DeathKnight:RimePotion"},{"floor":25,"key":"ColorlessPotion"},{"floor":28,"key":"jedi:StrikingPotion"},{"floor":35,"key":"DistilledChaos"},{"floor":46,"key":"Adrenaline Potion"},{"floor":53,"key":"Adrenaline Potion"}],"is_trial":false,"path_per_floor":["M","?","T","?","M","E","M","M","T","M","$","R","E","M","R","B",null,"M","?","?","?","T","E","R","E","T","M","M","R","M","E","R","B",null,"M","?","COS","M","?","R","E","R","T","M","R","E","PTL","PTL","E","M","R","B","M","M","M","T","R","M","R","T","?","B",null],"character_chosen":"THE_STARBREAKER","items_purchased":["FossilizedHelix"],"campfire_rested":1,"item_purchase_floors":[11],"current_hp_per_floor":[63,63,63,66,59,62,65,64,64,69,69,96,105,109,109,90,126,114,114,114,114,114,105,105,107,107,120,136,136,153,176,176,224,272,287,287,287,311,334,334,352,352,352,387,387,413,413,413,444,472,472,495,298,524,554,554,554,468,468,478,478,382],"gold":146,"neow_bonus":"RANDOM_COMMON_RELIC","is_daily":false,"chose_seed":false,"campfire_upgraded":6,"win_rate":0.0,"timestamp":1610596735,"path_taken":["M","?","?","?","M","E","M","M","T","M","$","R","E","M","R","BOSS","M","?","?","?","?","E","R","E","T","M","M","R","M","E","R","BOSS","M","?","COS","M","?","R","E","R","T","M","R","E","PTL","PTL","E","?","R","BOSS","M","M","?","T","R","M","R","T","?","BOSS"],"items_purchased_type":["Relic"],"build_version":"2020-12-22","purchased_purges":0,"victory":true,"max_hp_per_floor":[63,63,63,66,70,75,81,88,88,96,96,96,105,115,115,126,126,138,138,138,138,138,151,151,167,167,182,198,198,215,233,233,272,272,293,293,293,315,338,338,362,362,362,387,387,413,413,413,444,472,472,495,524,524,554,554,554,585,585,595,595,595],"card_choices":[{"not_picked":["Moonworks:BigBangBell","Moonworks:DeployBits"],"picked":"Moonworks:CloudOfSeagulls","floor":1},{"not_picked":["StuffTheSpire:Innocence","StuffTheSpire:CelestialWarden"],"picked":"StuffTheSpire:BrainWave","floor":4},{"not_picked":["Moonworks:NicePresent","Moonworks:JonathanRush","Moonworks:MixPhenomenon","Moonworks:DeployBits"],"picked":"Moonworks:RocketCannon","floor":5},{"not_picked":["Moonworks:ImOnFire","Moonworks:CompletionReward","Moonworks:Bloodlust","Moonworks:CloudOfSeagulls"],"picked":"Moonworks:SakisCookie","floor":6},{"not_picked":["Moonworks:BigMagnum","Moonworks:Bloodlust","Moonworks:IntelligenceOfficer","Moonworks:CloudOfSeagulls"],"picked":"Moonworks:SakisCookie","floor":7},{"not_picked":["Moonworks:ImOnFire","Moonworks:UnluckyCharm","Moonworks:SakisCookie","Moonworks:NicePresent"],"picked":"Moonworks:DeployBits","floor":8},{"not_picked":["Moonworks:IndiscriminateFireSupport","Moonworks:CloudOfSeagulls","Moonworks:NicePresent","Moonworks:ExtendedPhotonRifle"],"picked":"Moonworks:Assault","floor":10},{"not_picked":["Moonworks:NicePresent","Moonworks:CloudOfSeagulls","Moonworks:DeployBits","Moonworks:MiracleWalker"],"picked":"Moonworks:LulusLuckyEgg","floor":13},{"not_picked":["Moonworks:FinalSurgery","Moonworks:UnluckyCharm","Moonworks:BigMagnum","Moonworks:Blazing"],"picked":"Moonworks:RagingMadness","floor":14},{"not_picked":["Moonworks:SinkOrSwim","Moonworks:FinalBattle","Moonworks:HolyNight","Moonworks:EvilMastermind"],"picked":"Moonworks:CrystalBarrier","floor":16},{"not_picked":["Moonworks:BigMagnum+1","Moonworks:DeployBits+1"],"picked":"Moonworks:SakisCookie","floor":18},{"not_picked":["Moonworks:ScrambledEve","Moonworks:ImmovableObject+1"],"picked":"Moonworks:ReflectiveShell","floor":23},{"not_picked":["Moonworks:MiracleRedBeanIceCream","Moonworks:RedAndBlue"],"picked":"Moonworks:DeployBits","floor":25},{"not_picked":["Moonworks:ImmovableObject","Moonworks:Bloodlust"],"picked":"Moonworks:TreasureThief+1","floor":27},{"not_picked":["Moonworks:BackdoorTrade","Moonworks:ReproductionOfRecords"],"picked":"Moonworks:EvilSpyWorkPreparation","floor":28},{"not_picked":["Moonworks:LuckyCharm","Moonworks:NicePresent"],"picked":"Moonworks:ForcedRevival","floor":30},{"not_picked":["Moonworks:LulusLuckyEgg+1","Moonworks:CloudOfSeagulls+1"],"picked":"Moonworks:x16BigRocket","floor":31},{"not_picked":[],"picked":"Gensokyo:ShootingStar","floor":33},{"not_picked":["Moonworks:HolyNight","Moonworks:ReflectiveShell"],"picked":"Moonworks:MetallicMonocoque","floor":33},{"not_picked":["Moonworks:LulusLuckyEgg","Moonworks:ImOnFire+1"],"picked":"Moonworks:CastOff","floor":35},{"not_picked":["Moonworks:FullSpeedAlicianrone+1","Moonworks:IndiscriminateFireSupport"],"picked":"Moonworks:EvilSpyWorkPreparation","floor":38},{"not_picked":[],"picked":"Moonworks:Dash","floor":39},{"not_picked":["Moonworks:BigMagnum","Moonworks:SweetBattle"],"picked":"Moonworks:SakisCookie+1","floor":41},{"not_picked":["Moonworks:DeployBits+1","Moonworks:WindyEnchantment+1"],"picked":"Moonworks:ShieldCounter","floor":44},{"not_picked":["Moonworks:Dash+1","Moonworks:BigMagnum"],"picked":"Moonworks:BigBangBell","floor":46},{"not_picked":["Moonworks:OutOfAmmo","Moonworks:ImOnFire+1"],"picked":"Moonworks:Assault+1","floor":49},{"not_picked":["Moonworks:CloudOfSeagulls+1","Moonworks:Assault+1"],"picked":"Moonworks:SelfDestruct","floor":50},{"not_picked":["Moonworks:DeployBits","Moonworks:MiracleWalker+1"],"picked":"Moonworks:JonathanRush","floor":53},{"not_picked":["Moonworks:BigMagnum+1","Moonworks:ReflectiveShell"],"picked":"Moonworks:JonathanRush+1","floor":55},{"not_picked":["Moonworks:SakisCookie+1","Moonworks:DeployBits+1"],"picked":"Moonworks:EvilSpyWorkPreparation+1","floor":58}],"player_experience":952419,"relics_obtained":[{"floor":1,"key":"SynthV:TestCard"},{"floor":6,"key":"ImprovedEquipment"},{"floor":9,"key":"HollowMod:PaleOreRelic"},{"floor":13,"key":"BlackRope"},{"floor":22,"key":"Bottled Tornado"},{"floor":23,"key":"MiniBlackHole"},{"floor":25,"key":"StuffTheSpire:Rhapsscallions"},{"floor":26,"key":"Kunai"},{"floor":31,"key":"Regal Pillow"},{"floor":41,"key":"aspiration:HummingbirdHeart"},{"floor":43,"key":"hubris:TenFootPole"},{"floor":46,"key":"strawberrySpire:MawJerky"},{"floor":49,"key":"trackpad:BottledTsunami"},{"floor":55,"key":"paleoftheancients:BlurryLens"},{"floor":56,"key":"Art of War"},{"floor":58,"key":"paleoftheancients:SoulOfTheShrineMaiden"},{"floor":60,"key":"Pear"}],"event_choices":[],"is_beta":false,"boss_relics":[{"not_picked":["strawberrySpire:JuiceKeg","ReplayTheSpireMod:DimensionalGlitch"],"picked":"Busted Crown"},{"not_picked":["vexMod:BigBerry","Abe\u0027s Treasure"],"picked":"Moonworks:SBBomb"}],"items_purged_floors":[],"is_endless":false,"potions_floor_spawned":[6,13,14,16,18,23,25,28,35,46,53],"ascension_level":0}}