{"host":"pcbz64t4k17ey4z1","time":1610654385,"event":{"mods":["2.2 Compatiblity","AchievementEnabler","Act Like it!","Aspiration","BaseMod","Beaked The Cultist","Better Match","Better Third Choice","BetterRewards","Card Forge","Colored Map","Colored Powertips","Conspire","Disable Question Mark Monsters","Fireblade Mod","Friendly Minions","Gensokyo","GifTheSpireLib","Glutton Mod","Googly Eyes","Gremlin Mod","Hermit","Hubris","Infinite Spire","Koishi","Marisa????????","Minty Spire (QoL Compilation)","Permanent Neow","Potionbrewer","Quick Restart","Random Character Button","Rare Cards Sparkle","Relic Filter","Replay The Spire","Robot Space Explorer","Shade Mod","Shop Mod","Spicy Shops","StSLib","Stuff the Spire","SuperFastMode","The Cursed","The Druid","The Gatherer","The Hierophant","The IronCluck","The Jungle","The Marked","The Runesmith","Virulent Crown","Waifu the Spire","Wandering Minibosses","vexMod"],"gold_per_floor":[109,122,135,148,163,191,207,236,281,281,34,51,69,94,94,168,168,178,196,206,217,49,75,75,109,109,109,125,141,141,155,155,226,226,237,254,266,279,189,189,189,219,287,302,314,329,521,581,581,581,581,581,104,144,144],"floor_reached":56,"language":"ENG","playtime":3320,"items_purged":["NonDirectionalLaser"],"score":2567,"play_id":"177c4b06-fff7-4e1c-ab3b-8c2b010a8160","local_time":"20210114195945","is_ascension_mode":true,"campfire_choices":[{"floor":10,"key":"REST"},{"data":"EnergyFlow","floor":15,"key":"SMITH"},{"data":"OortCloud","floor":24,"key":"SMITH"},{"data":"EscapeVelocity","floor":27,"key":"SMITH"},{"data":"MillisecondPulsars","floor":27,"key":"SMITH"},{"data":"AsteroidBelt","floor":32,"key":"SMITH"},{"data":"GalacticHalo","floor":32,"key":"SMITH"},{"data":"GalacticHalo","floor":40,"key":"SMITH"},{"data":"MachineGunSpark","floor":40,"key":"SMITH"},{"floor":49,"key":"RECALL"},{"data":"SprinkleStarSeal","floor":52,"key":"SMITH"},{"data":"MachineGunSpark","floor":52,"key":"SMITH"}],"circlet_count":0,"master_deck":["AscendersBane","Defend_MRS+1","Defend_MRS+1","Defend_MRS+1","MasterSpark+1","UpSweep+1","StarBarrage+1","ChargeUpSpray+1","MagicAbsorber+1","OrrerysSun+1","EnergyFlow+1","PowerUp+1","SuperNova+1","SuperPerseids+1","MillisecondPulsars+1","SuperPerseids+1","GalacticHalo+1","GasGiant+1","OortCloud+1","EscapeVelocity+1","GalacticHalo+1","AsteroidBelt+1","CollectingQuirk+1","AsteroidBelt+1","MachineGunSpark+1","Parasite","Parasite","MachineGunSpark+1","Parasite","SprinkleStarSeal+1","MachineGunSpark+1","WitchLeyline","GasGiant"],"relics":["MiniHakkero","Hammer of Thor","Seething Fire","Anvil of the Gods","Vajra","Chemical X","Omamori","Question Card","Bird Faced Urn","StuffTheSpire:Gunfinga","Sling","Gremlin Horn","StuffTheSpire:SapphireSignet","Blue Doll","Medical Kit","MealTicket","potionbrewer:AlchemistFlask","Akabeko","Lantern","Tiny Chest","hubris:VirtuousBlindfold","ReplayTheSpireMod:CursedCoin","War Paint","Pen Nib","Replay:Arrowhead","Bottled Flame","TheAbacus","Calling Bell","aspiration:EmptySkull","StuffTheSpire:RubySignet","TungstenRod","potionbrewer:BhaskarasWheel","wanderingMiniBosses:OtherGremlinHorn","ShroomBag","vexMod:EndlessSickness","infinitespire:Lucky Rock","infinitespire:EvilPickle","Snack Pack","Lee\u0027s Waffle","StuffTheSpire:Mouthbags","infinitespire:FocusingShard","Oddly Smooth Stone"],"acts_visited":["Exordium","TheCity","TheBeyond","TheEnding"],"potions_floor_usage":[6,6,12,16,20,23,23,25,29,33,38,46,50,55],"damage_taken":[{"damage":0,"enemies":"infinitespire:Voidling","floor":1,"turns":2},{"damage":0,"enemies":"2 Louse","floor":2,"turns":1},{"damage":0,"enemies":"Cultist","floor":3,"turns":2},{"damage":0,"enemies":"Exordium Wildlife","floor":4,"turns":2},{"damage":6,"enemies":"2 Fungi Beasts","floor":5,"turns":2},{"damage":14,"enemies":"Lagavulin","floor":6,"turns":5},{"damage":15,"enemies":"Looter","floor":7,"turns":5},{"damage":10,"enemies":"Gremlin Nob","floor":8,"turns":3},{"damage":0,"enemies":"Exordium Thugs","floor":12,"turns":2},{"damage":0,"enemies":"conspire:2 RoseBushes","floor":13,"turns":4},{"damage":0,"enemies":"Lagavulin","floor":14,"turns":4},{"damage":6,"enemies":"Hexaghost","floor":16,"turns":7},{"damage":6,"enemies":"2 Thieves","floor":18,"turns":3},{"damage":0,"enemies":"Shell Parasite","floor":19,"turns":2},{"damage":18,"enemies":"Snecko","floor":20,"turns":3},{"damage":0,"enemies":"conspire:HollyBat","floor":21,"turns":5},{"damage":2,"enemies":"Book of Stabbing","floor":23,"turns":2},{"damage":2,"enemies":"Gremlin Leader","floor":25,"turns":3},{"damage":2,"enemies":"Shelled Parasite and Fungi","floor":28,"turns":3},{"damage":53,"enemies":"Cultist and Chosen","floor":29,"turns":7},{"damage":0,"enemies":"conspire:HollyBat","floor":31,"turns":5},{"damage":6,"enemies":"Pondfish","floor":33,"turns":6},{"damage":22,"enemies":"3 Shapes","floor":35,"turns":5},{"damage":8,"enemies":"3 Darklings","floor":36,"turns":3},{"damage":0,"enemies":"Jaw Worm Horde","floor":37,"turns":3},{"damage":5,"enemies":"Spire Growth","floor":38,"turns":3},{"damage":0,"enemies":"Reptomancer","floor":42,"turns":2},{"damage":4,"enemies":"Writhing Mass","floor":44,"turns":3},{"damage":0,"enemies":"Maw","floor":45,"turns":3},{"damage":3,"enemies":"Transient","floor":46,"turns":5},{"damage":0,"enemies":"beaked:SuperParasite","floor":48,"turns":2},{"damage":16,"enemies":"Replay:Hell Engine","floor":50,"turns":4},{"damage":15,"enemies":"Shield and Spear","floor":54,"turns":4},{"damage":26,"enemies":"The Heart","floor":55,"turns":7}],"seed_played":"4979103053912132281","potions_obtained":[{"floor":2,"key":"Swift Potion"},{"floor":3,"key":"Strength Potion"},{"floor":5,"key":"Explosive Potion"},{"floor":8,"key":"Weak Potion"},{"floor":12,"key":"SpeedPotion"},{"floor":16,"key":"Milkshake"},{"floor":19,"key":"Fire Potion"},{"floor":23,"key":"ColorlessPotion"},{"floor":28,"key":"potionbrewer:QuicksilverPotion"},{"floor":31,"key":"potionbrewer:CleansingPotion"},{"floor":37,"key":"Block Potion"},{"floor":38,"key":"Weak Potion"},{"floor":45,"key":"potionbrewer:CleansingPotion"},{"floor":46,"key":"Weak Potion"}],"is_trial":false,"path_per_floor":["M","M","M","M","M","E","M","E","T","R","$","M","M","E","R","B",null,"M","M","M","M","$","E","R","E","T","R","M","M","AVR","M","R","B",null,"M","M","M","M","?","R","AVR","E","T","M","M","M","?","E","R","B",null,"R","$","E","B",null],"character_chosen":"MARISA","items_purchased":["Vajra","Chemical X","Omamori","StarBarrage","Question Card","StuffTheSpire:Gunfinga","Sling","Gremlin Horn","StuffTheSpire:SapphireSignet","Blue Doll","Medical Kit","Lantern","SuperNova+1","ReplayTheSpireMod:CursedCoin","War Paint","Fruit Juice","OortCloud","Lee\u0027s Waffle","StuffTheSpire:Mouthbags","infinitespire:FocusingShard","WitchLeyline"],"campfire_rested":1,"item_purchase_floors":[0,0,0,0,0,0,0,0,0,0,0,11,11,22,22,22,22,53,53,53,53],"current_hp_per_floor":[63,63,63,65,61,51,42,36,36,57,70,70,70,70,70,66,69,69,70,54,58,70,75,75,75,75,75,75,34,34,42,42,50,69,63,67,75,75,75,75,75,75,75,73,75,75,75,75,75,73,75,75,82,77,74],"gold":144,"neow_bonus":"","is_daily":false,"chose_seed":false,"campfire_upgraded":10,"win_rate":0.0,"timestamp":1610654385,"path_taken":["M","?","M","M","M","E","M","E","T","R","$","M","M","E","R","BOSS","M","M","M","M","$","E","R","E","T","R","M","M","AVR","M","R","BOSS","M","M","M","M","?","R","AVR","E","T","M","?","M","?","E","R","BOSS","R","$","E","BOSS"],"items_purchased_type":["Relic","Relic","Relic","Card","Relic","Relic","Relic","Relic","Relic","Relic","Relic","Relic","Card","Relic","Relic","Potion","Card","Relic","Relic","Relic","Card"],"build_version":"2020-12-22","purchased_purges":1,"victory":true,"max_hp_per_floor":[70,70,70,70,70,70,70,70,70,70,70,70,70,70,70,70,70,70,70,70,70,70,75,75,75,75,75,75,75,75,75,75,75,75,75,75,75,75,75,75,75,75,75,75,75,75,75,75,75,75,75,75,82,82,82],"card_choices":[{"not_picked":["WitchLeyline","OpenUniverse","LuminesStrike"],"picked":"NonDirectionalLaser","floor":1},{"not_picked":["NonDirectionalLaser","AsteroidBelt","GalacticHalo"],"picked":"ChargeUpSpray","floor":2},{"not_picked":["6A","EscapeVelocity","Acceleration"],"picked":"MagicAbsorber","floor":3},{"not_picked":["OneTimeOff","EarthLightRay","DarkMatter"],"picked":"OrrerysSun","floor":4},{"not_picked":["6A","PowerUp","Robbery"],"picked":"EnergyFlow","floor":5},{"not_picked":["GasGiant","PowerUp","MilkyWay"],"picked":"MachineGunSpark","floor":6},{"not_picked":["GrandCross","PulseMagic","DoubleSpark"],"picked":"PowerUp","floor":7},{"not_picked":["OpenUniverse","6A","BinaryStars","GravityBeat"],"picked":"SKIP","floor":8},{"not_picked":["LuminesStrike","OpenUniverse","PulseMagic","PowerUp"],"picked":"SKIP","floor":12},{"not_picked":["DoubleSpark","WitchOfGreed","AsteroidBelt","BinaryStars"],"picked":"SKIP","floor":13},{"not_picked":["LuminesStrike","ShootingEcho","DragonMeteor"],"picked":"SuperPerseids","floor":14},{"not_picked":["AbsoluteMagnitude","ManaRampage","SatelliteIllusion"],"picked":"MillisecondPulsars","floor":16},{"not_picked":["6A","GrandCross","DoubleSpark"],"picked":"SuperPerseids+1","floor":18},{"not_picked":["DoubleSpark","EventHorizon","Occultation","StarlightTyphoon"],"picked":"SKIP","floor":19},{"not_picked":["ShootingEcho+1","PulseMagic","Acceleration"],"picked":"GalacticHalo","floor":20},{"not_picked":["PowerUp","WitchLeyline","MagicChant"],"picked":"GasGiant","floor":21},{"not_picked":["GrandCross","Acceleration","MysteriousBeam"],"picked":"EscapeVelocity","floor":23},{"not_picked":["GravityBeat","FairyDestructionRay","UnstableBomb","NonDirectionalLaser"],"picked":"SKIP","floor":25},{"not_picked":["AlicesGift","GrandCross","NonDirectionalLaser","BlazeAway"],"picked":"SKIP","floor":28},{"not_picked":["DarkSpark","UnstableBomb+1","PulseMagic"],"picked":"GalacticHalo","floor":29},{"not_picked":["DoubleSpark+1","BigCrunch","StarBarrage"],"picked":"AsteroidBelt","floor":31},{"not_picked":["ManaRampage","TreasureHunter","BinaryStars"],"picked":"CollectingQuirk","floor":33},{"not_picked":["GrandCross","EventHorizon","ShootingEcho","UnstableBomb"],"picked":"SKIP","floor":35},{"not_picked":["LuminesStrike","MeteoricShower","PropBag","PowerUp+1"],"picked":"SKIP","floor":36},{"not_picked":["MysteriousBeam","WitchOfGreed","DoubleSpark"],"picked":"AsteroidBelt","floor":37},{"not_picked":["LuminesStrike","SuperNova","OrrerysSun+1"],"picked":"MachineGunSpark","floor":38},{"not_picked":["IllusionStar+1","MillisecondPulsars","OneTimeOff+1"],"picked":"MachineGunSpark","floor":42},{"not_picked":["OneTimeOff","IllusionStar","SuperPerseids","NonDirectionalLaser"],"picked":"SKIP","floor":44},{"not_picked":["EventHorizon","AsteroidBelt","AlicesGift+1","WitchOfGreed"],"picked":"SKIP","floor":45},{"not_picked":["GravityBeat","GrandCross","PowerUp","AsteroidBelt"],"picked":"SKIP","floor":46},{"not_picked":["DC","GrandCross+1","OneTimeOff"],"picked":"SprinkleStarSeal","floor":47},{"not_picked":["JA","MilkyWay","ShootingEcho+1","AlicesGift+1"],"picked":"SKIP","floor":48},{"not_picked":["PulseMagic","WitchOfGreed","LuminesStrike"],"picked":"GasGiant","floor":54}],"player_experience":3340065,"relics_obtained":[{"floor":6,"key":"MealTicket"},{"floor":8,"key":"potionbrewer:AlchemistFlask"},{"floor":9,"key":"Akabeko"},{"floor":14,"key":"Tiny Chest"},{"floor":23,"key":"Pen Nib"},{"floor":25,"key":"Replay:Arrowhead"},{"floor":26,"key":"Bottled Flame"},{"floor":30,"key":"aspiration:EmptySkull"},{"floor":30,"key":"StuffTheSpire:RubySignet"},{"floor":30,"key":"TungstenRod"},{"floor":35,"key":"wanderingMiniBosses:OtherGremlinHorn"},{"floor":42,"key":"infinitespire:Lucky Rock"},{"floor":48,"key":"Snack Pack"},{"floor":54,"key":"Oddly Smooth Stone"}],"event_choices":[{"cards_removed":["Defend_MRS"],"damage_healed":0,"gold_gain":0,"player_choice":"Upgrade and Remove","damage_taken":0,"max_hp_gain":0,"max_hp_loss":0,"event_name":"Designer","floor":39,"gold_loss":90,"cards_upgraded":["AsteroidBelt"]}],"is_beta":false,"boss_relics":[{"not_picked":["SlaversCollar","conspire:SpecialSausage"],"picked":"hubris:VirtuousBlindfold"},{"not_picked":["ExperimentalFamiliar","beaked:SacredDeck"],"picked":"potionbrewer:BhaskarasWheel"}],"items_purged_floors":[30],"is_endless":false,"potions_floor_spawned":[2,3,5,8,12,16,19,23,28,31,37,38,45,46],"ascension_level":14}}