{"host":"sxnl403xm2xmiyj1","time":1610618764,"event":{"mods":["AchievementEnabler","BaseMod","Colored Map","Keyboard Shortcuts","Minty Spire (QoL Compilation)","Quick Restart","StSLib","SuperFastMode"],"gold_per_floor":[118,14,29,29,44,44,71,71,125,150,167,167,177,188,188,266,266,242,242,55,65,83,83,83],"floor_reached":23,"language":"KOR","playtime":658,"items_purged":[],"score":396,"play_id":"4577f5d1-de9d-46cf-a8fb-2236b3b2890b","local_time":"20210114190604","is_ascension_mode":true,"campfire_choices":[{"data":"Chaos","floor":6.0,"key":"SMITH"},{"data":"Coolheaded","floor":8.0,"key":"SMITH"},{"data":"Static Discharge","floor":12.0,"key":"SMITH"},{"data":"Go for the Eyes","floor":15.0,"key":"SMITH"}],"circlet_count":0,"master_deck":["AscendersBane","Strike_B","Strike_B","Strike_B+1","Defend_B","Defend_B","Defend_B","Defend_B","Zap+1","Dualcast","Cold Snap","Barrage+1","Coolheaded+1","Chaos+1","Go for the Eyes+1","Chill","Stack","Static Discharge+1","Undo","Storm","Seek","Coolheaded","Barrage","Capacitor","Compile Driver","Coolheaded","Static Discharge","Barrage"],"relics":["Cracked Core","Blood Vial","Centennial Puzzle","Whetstone","Inserter"],"acts_visited":["Exordium","TheCity"],"potions_floor_usage":[22],"damage_taken":[{"damage":1.0,"enemies":"Cultist","floor":1.0,"turns":3.0},{"damage":5.0,"enemies":"2 Louse","floor":3.0,"turns":3.0},{"damage":5.0,"enemies":"Jaw Worm","floor":5.0,"turns":3.0},{"damage":40.0,"enemies":"3 Sentries","floor":7.0,"turns":9.0},{"damage":18.0,"enemies":"Lagavulin","floor":10.0,"turns":5.0},{"damage":0.0,"enemies":"Gremlin Gang","floor":11.0,"turns":5.0},{"damage":0.0,"enemies":"3 Louse","floor":13.0,"turns":3.0},{"damage":1.0,"enemies":"Looter","floor":14.0,"turns":2.0},{"damage":15.0,"enemies":"The Guardian","floor":16.0,"turns":16.0},{"damage":19,"enemies":"2 Thieves","floor":18,"turns":5},{"damage":17,"enemies":"Spheric Guardian","floor":21,"turns":5},{"damage":16,"enemies":"Snake Plant","floor":22,"turns":3},{"damage":0,"enemies":"Slavers","floor":23,"turns":1}],"seed_played":"6207078717232563635","potions_obtained":[{"floor":5.0,"key":"Regen Potion"},{"floor":11.0,"key":"FearPotion"},{"floor":13.0,"key":"Energy Potion"},{"floor":18,"key":"Energy Potion"}],"is_trial":false,"path_per_floor":["M","$","M","?","M","R","E","R","T","E","M","R","M","M","R","B",null,"M","?","$","M","M","E"],"character_chosen":"DEFECT","items_purchased":["Barrage","Coolheaded","Capacitor","Compile Driver","Coolheaded"],"campfire_rested":0,"item_purchase_floors":[2,2,20,20,20],"current_hp_per_floor":[63,63,58,58,53,53,28,28,28,12,14,14,16,17,17,4,54,37,37,37,22,8,10,10],"gold":83,"neow_bonus":"UPGRADE_CARD","is_daily":false,"chose_seed":false,"campfire_upgraded":4,"win_rate":0.0,"timestamp":1610618764,"path_taken":["M","?","M","?","M","R","E","R","T","E","M","R","M","?","R","BOSS","M","?","$","?","M","E"],"items_purchased_type":["Card","Card","Card","Card","Card"],"build_version":"2020-12-22","purchased_purges":0,"victory":false,"max_hp_per_floor":[71,71,71,71,71,71,71,71,71,71,71,71,71,71,71,71,71,71,71,71,71,71,71,71],"card_choices":[{"not_picked":["Hologram","Leap"],"picked":"Cold Snap","floor":1.0},{"not_picked":["Darkness","Streamline"],"picked":"Chaos","floor":3.0},{"not_picked":["Beam Cell","Gash"],"picked":"Chill","floor":5.0},{"not_picked":["Beam Cell","Recycle","Go for the Eyes"],"picked":"SKIP","floor":7.0},{"not_picked":["Tempest","Sweeping Beam"],"picked":"Stack","floor":10.0},{"not_picked":["Rebound","Stack"],"picked":"Static Discharge","floor":11.0},{"not_picked":["Rebound","Turbo"],"picked":"Undo","floor":13.0},{"not_picked":["All For One","Ball Lightning"],"picked":"Storm","floor":14.0},{"not_picked":["Hyperbeam","Meteor Strike"],"picked":"Seek","floor":16.0},{"not_picked":["Streamline","Go for the Eyes+1"],"picked":"Coolheaded","floor":18},{"not_picked":["Go for the Eyes","Fusion"],"picked":"Static Discharge","floor":21},{"not_picked":["Gash","Stack"],"picked":"Barrage","floor":22}],"player_experience":164602,"relics_obtained":[{"floor":7.0,"key":"Blood Vial"},{"floor":9.0,"key":"Centennial Puzzle"},{"floor":10.0,"key":"Whetstone"}],"event_choices":[{"damage_healed":0.0,"max_hp_gain":0.0,"max_hp_loss":0.0,"gold_gain":0.0,"cards_transformed":["Strike_B"],"event_name":"Transmorgrifier","player_choice":"Transformed","floor":4.0,"gold_loss":0.0,"damage_taken":0.0,"cards_obtained":["Go for the Eyes"]},{"damage_healed":0,"gold_gain":0,"player_choice":"1 cards matched","damage_taken":0,"max_hp_gain":0,"max_hp_loss":0,"event_name":"Match and Keep!","floor":19,"gold_loss":0,"cards_obtained":["Barrage"]}],"is_beta":false,"boss_relics":[{"not_picked":["Pandora\u0027s Box","Cursed Key"],"picked":"Inserter"}],"items_purged_floors":[],"is_endless":false,"potions_floor_spawned":[5,11,13,18],"killed_by":"Slavers","ascension_level":19}}