{"host":"x21cvmfdo17nyhii","time":1610607707,"event":{"mods":["AchievementEnabler","BaseMod","Colored Map","Colored Powertips","DeckTracker","Highlight Path","Minty Spire (QoL Compilation)","Quick Restart","Rare Cards Sparkle","SuperFastMode"],"gold_per_floor":[112,37,37,37,37,69,69,87,138,157,168,168,243,160,160,261,261,271,91,91,108,108,108],"floor_reached":22,"language":"ENG","playtime":3880,"items_purged":["Strike_B","Aggregate"],"score":248,"play_id":"636a1e47-d749-4377-8b21-15fc17013da8","local_time":"20210113230147","is_ascension_mode":true,"campfire_choices":[{"data":"Hologram","floor":7,"key":"SMITH"},{"floor":15,"key":"REST"}],"circlet_count":0,"master_deck":["Strike_B","Strike_B","Defend_B","Defend_B","Defend_B","Zap","Dualcast","Rebound","Hologram+1","Coolheaded","Rebound","Deep Breath","Fission","Turbo+1","Loop","Hologram"],"relics":["Cracked Core","NeowsBlessing","Bird Faced Urn","PreservedInsect","Runic Pyramid"],"acts_visited":["Exordium","TheCity"],"potions_floor_usage":[16,16,21],"damage_taken":[{"damage":0,"enemies":"2 Louse","floor":1,"turns":1},{"damage":0,"enemies":"3 Sentries","floor":6,"turns":1},{"damage":0,"enemies":"Small Slimes","floor":8,"turns":1},{"damage":7,"enemies":"Jaw Worm","floor":10,"turns":3},{"damage":32,"enemies":"Exordium Wildlife","floor":11,"turns":6},{"damage":32,"enemies":"The Guardian","floor":16,"turns":14},{"damage":52,"enemies":"Spheric Guardian","floor":18,"turns":7},{"damage":19,"enemies":"3 Byrds","floor":21,"turns":5}],"seed_played":"9146064769211156453","potions_obtained":[{"floor":6,"key":"FocusPotion"},{"floor":11,"key":"Swift Potion"},{"floor":16,"key":"SpeedPotion"}],"is_trial":false,"path_per_floor":["M","$","?","?","?","E","R","M","T","M","M","?","?","$","R","B",null,"M","$","?","M","$"],"character_chosen":"DEFECT","items_purchased":["Deep Breath","Loop"],"campfire_rested":1,"item_purchase_floors":[14,19],"current_hp_per_floor":[75,75,75,68,68,68,68,68,68,61,29,29,18,18,40,8,75,23,23,23,6,6,6],"gold":108,"neow_bonus":"THREE_ENEMY_KILL","is_daily":false,"chose_seed":false,"campfire_upgraded":1,"win_rate":0.0,"timestamp":1610607707,"path_taken":["M","$","?","?","?","E","R","M","T","?","M","?","?","$","R","BOSS","M","$","?","M","$"],"items_purchased_type":["Card","Card"],"build_version":"2020-12-22","purchased_purges":2,"victory":false,"max_hp_per_floor":[75,75,75,75,75,75,75,75,75,75,75,75,75,75,75,75,75,75,75,75,75,75,75],"card_choices":[{"not_picked":["Darkness","Consume"],"picked":"Rebound","floor":1},{"not_picked":["Cold Snap","Doom and Gloom"],"picked":"Hologram","floor":6},{"not_picked":["Coolheaded","Cold Snap","Sunder"],"picked":"SKIP","floor":8},{"not_picked":["Gash","Steam"],"picked":"Coolheaded","floor":10},{"not_picked":["Sweeping Beam","Cold Snap"],"picked":"Rebound","floor":11},{"not_picked":["Multi-Cast","Reboot"],"picked":"Fission","floor":16},{"not_picked":["Stack","Barrage"],"picked":"Turbo+1","floor":18},{"not_picked":["Fusion","Go for the Eyes+1"],"picked":"Hologram","floor":21}],"player_experience":362582,"relics_obtained":[{"floor":6,"key":"Bird Faced Urn"},{"floor":9,"key":"PreservedInsect"}],"event_choices":[{"damage_healed":0,"gold_gain":0,"player_choice":"Ignored","damage_taken":0,"max_hp_gain":0,"max_hp_loss":0,"event_name":"Liars Game","floor":3,"gold_loss":0},{"cards_removed":["Defend_B"],"damage_healed":0,"gold_gain":0,"player_choice":"Card Removal","damage_taken":7,"max_hp_gain":0,"max_hp_loss":0,"event_name":"Golden Wing","floor":4,"gold_loss":0},{"damage_healed":0,"gold_gain":0,"player_choice":"Leave","damage_taken":0,"max_hp_gain":0,"max_hp_loss":0,"event_name":"The Cleric","floor":5,"gold_loss":0},{"damage_healed":0,"gold_gain":0,"cards_transformed":["Strike_B"],"player_choice":"Change","damage_taken":0,"max_hp_gain":0,"max_hp_loss":0,"event_name":"Living Wall","floor":12,"gold_loss":0,"cards_obtained":["Aggregate"]},{"damage_healed":0,"gold_gain":75,"player_choice":"Gather Gold","damage_taken":11,"max_hp_gain":0,"max_hp_loss":0,"event_name":"World of Goop","floor":13,"gold_loss":0},{"damage_healed":0,"gold_gain":0,"player_choice":"Ignored","damage_taken":0,"max_hp_gain":0,"max_hp_loss":0,"event_name":"The Mausoleum","floor":20,"gold_loss":0}],"is_beta":false,"boss_relics":[{"not_picked":["SlaversCollar","Calling Bell"],"picked":"Runic Pyramid"}],"items_purged_floors":[2,19],"is_endless":false,"potions_floor_spawned":[6,11,16],"ascension_level":4}}