{"host":"0rxdudjy6rylha1k","time":1610653606,"event":{"mods":["Aspiration","BaseMod","Colored Map","Colored Powertips","Downfall","Highlight Path","Hubris","Minty Spire (QoL Compilation)","StSLib"],"gold_per_floor":[0,11,11,11,23,8,8,8,26,46,46,83,113,113,131,230,230,230,255,255,255,278,278,278,278,291,67,67,17,17,37,54,54,54,54],"floor_reached":33,"language":"ENG","playtime":1689,"items_purged":[],"score":245,"play_id":"6b8d6784-9158-42ea-be6e-2b3f69a9d321","local_time":"20210114124646","is_ascension_mode":false,"campfire_choices":[{"floor":1,"key":"RECALL"},{"data":"hexamod:Float","floor":8,"key":"SMITH"},{"data":"hexamod:ExtraCrispy","floor":11,"key":"SMITH"},{"data":"hexamod:WildfireWeapon","floor":18,"key":"SMITH"},{"data":"Poisoned Stab","floor":23,"key":"SMITH"},{"data":"hexamod:SpectersWail","floor":25,"key":"SMITH"},{"data":"Poisoned Stab","floor":30,"key":"SMITH"}],"circlet_count":0,"master_deck":["hexamod:Strike","hexamod:Defend","hexamod:Defend","hexamod:Defend","hexamod:Defend","hexamod:Sear","hexamod:Float+1","hexamod:Firestarter","Masterful Stab","Poisoned Stab+1","Heel Hook","hexamod:SecondSeal","hexamod:ExtraCrispy+1","hexamod:SpectersWail+1","hexamod:PhantomFireball","hexamod:WildfireWeapon+1","hexamod:HeatMetal","hexamod:Hexaguard+1","Poisoned Stab+1","hexamod:FourthSeal","Thunderclap+1"],"relics":["hexamod:SpiritBrand","Ginger","Mercury Hourglass","aspiration:Lifesprig","Odd Mushroom","hubris:ScarierMask","PrismaticShard","Blood Vial","aspiration:RitualStick"],"acts_visited":["Exordium","TheCity"],"potions_floor_usage":[12,12,16,16,31,33],"damage_taken":[{"damage":1,"enemies":"Jaw Worm","floor":2,"turns":3},{"damage":0,"enemies":"2 Louse","floor":5,"turns":2},{"damage":0,"enemies":"downfall:FleeingMerchant","floor":6,"turns":4},{"damage":0,"enemies":"Small Slimes","floor":9,"turns":3},{"damage":2,"enemies":"Blue Slaver","floor":10,"turns":3},{"damage":14,"enemies":"Gremlin Nob","floor":12,"turns":3},{"damage":2,"enemies":"The Mushroom Lair","floor":13,"turns":3},{"damage":3,"enemies":"Exordium Wildlife","floor":15,"turns":3},{"damage":29,"enemies":"downfall:Defect","floor":16,"turns":5},{"damage":0,"enemies":"Chosen","floor":19,"turns":4},{"damage":0,"enemies":"3 Byrds","floor":22,"turns":4},{"damage":5,"enemies":"Snake Plant","floor":26,"turns":3},{"damage":0,"enemies":"downfall:FleeingMerchant","floor":27,"turns":4},{"damage":0,"enemies":"Chosen and Byrds","floor":31,"turns":4},{"damage":8,"enemies":"Centurion and Healer","floor":32,"turns":3},{"damage":70,"enemies":"downfall:Silent","floor":33,"turns":8}],"seed_played":"4250647695617058029","potions_obtained":[{"floor":5,"key":"champ:CounterPotion"},{"floor":10,"key":"hexamod:EctoCoolerPotion"},{"floor":12,"key":"SkillPotion"},{"floor":15,"key":"hexamod:InfernoChargePotion"},{"floor":26,"key":"Energy Potion"},{"floor":31,"key":"hexamod:InfernoChargePotion"},{"floor":32,"key":"PowerPotion"},{"floor":32,"key":"FearPotion"}],"is_trial":false,"path_per_floor":["R","M","?","?","M","$","T","R","M","M","R","E","?","?","M","B",null,"R","M","?","?","M","R","T","R","M","$","?","?","R","M","M","B"],"character_chosen":"THE_SPIRIT","items_purchased":["Blood Vial","hexamod:FourthSeal"],"campfire_rested":0,"item_purchase_floors":[27,27],"current_hp_per_floor":[70,69,69,74,74,74,74,74,74,72,72,58,56,56,53,24,75,75,75,67,75,75,75,75,75,70,70,55,75,75,75,67,0,0,0],"gold":54,"neow_bonus":"ONE_RARE_RELIC","is_daily":false,"chose_seed":false,"campfire_upgraded":6,"win_rate":0.0,"timestamp":1610653606,"path_taken":["R","M","?","?","M","$","T","R","?","M","R","E","?","?","M","BOSS","R","M","?","?","?","R","T","R","M","$","?","?","R","M","M","BOSS"],"items_purchased_type":["Relic","Card"],"build_version":"2020-12-22","purchased_purges":0,"victory":false,"max_hp_per_floor":[70,70,70,75,75,75,75,75,75,75,75,75,75,75,75,75,75,75,75,75,75,75,75,75,75,75,75,75,75,75,75,75,75,75,75],"card_choices":[{"not_picked":["hexamod:SpectersWail","hexamod:NecessarySacrifice"],"picked":"hexamod:Firestarter","floor":2},{"not_picked":["hexamod:GhostShield","hexamod:GhostLash","hexamod:Again"],"picked":"SKIP","floor":5},{"not_picked":["hexamod:Again","hexamod:EmpoweringStance"],"picked":"hexamod:SecondSeal","floor":6},{"not_picked":["hexamod:InspiringFlames","hexamod:SwordOfDarkness"],"picked":"hexamod:ExtraCrispy","floor":9},{"not_picked":["hexamod:SpectralSpark","hexamod:BacktrackSmack"],"picked":"hexamod:SpectersWail","floor":10},{"not_picked":["hexamod:FastForward","hexamod:NightmareGuise","hexamod:SpectralAdrenaline"],"picked":"SKIP","floor":12},{"not_picked":["hexamod:InspiringFlames","hexamod:GhostOfSpireFuture"],"picked":"hexamod:PhantomFireball","floor":13},{"not_picked":["hexamod:RecurringNightmare","hexamod:Again","hexamod:HauntingEcho"],"picked":"SKIP","floor":15},{"not_picked":["hexamod:TimeOfNeed","hexamod:GhostflameInferno"],"picked":"hexamod:WildfireWeapon","floor":16},{"not_picked":["hexamod:SoulSteal","hexamod:PhantomFireball"],"picked":"hexamod:HeatMetal","floor":19},{"not_picked":["hexamod:NightmareStrike","hexamod:RainOfEmbers"],"picked":"hexamod:Hexaguard+1","floor":20},{"not_picked":["Hello World+1","Vengeance","Gash"],"picked":"SKIP","floor":22},{"not_picked":["EmptyFist","hexamod:NightmareGuise"],"picked":"Poisoned Stab","floor":26},{"not_picked":["Dodge and Roll","Guardian:GemFire","Clash"],"picked":"SKIP","floor":27},{"not_picked":["Body Slam","Gash"],"picked":"Thunderclap+1","floor":31},{"not_picked":["Prepared","Guardian:Gem_Purple","EmptyFist+1"],"picked":"SKIP","floor":32}],"player_experience":2488727,"relics_obtained":[{"floor":7,"key":"Mercury Hourglass"},{"floor":12,"key":"aspiration:Lifesprig"},{"floor":13,"key":"Odd Mushroom"},{"floor":20,"key":"PrismaticShard"}],"event_choices":[{"damage_healed":0,"gold_gain":0,"player_choice":"Donut","damage_taken":0,"max_hp_gain":5,"max_hp_loss":0,"event_name":"Big Fish","floor":4,"gold_loss":0},{"damage_healed":0,"gold_gain":0,"player_choice":"Fought Mushrooms","damage_taken":0,"max_hp_gain":0,"max_hp_loss":0,"event_name":"Mushrooms","floor":13,"gold_loss":0},{"damage_healed":8,"gold_gain":0,"player_choice":"Full Heal","damage_taken":0,"max_hp_gain":0,"max_hp_loss":0,"event_name":"Wheel of Change","floor":21,"gold_loss":0}],"is_beta":false,"boss_relics":[{"not_picked":["hubris:GrandSneckoEye","Sozu"],"picked":"hubris:ScarierMask"}],"items_purged_floors":[],"is_endless":false,"potions_floor_spawned":[5,10,12,15,26,31,32],"killed_by":"downfall:Silent","ascension_level":0}}