{"host":"p9t7qd83igtcp2bh","time":1610597811,"event":{"mods":["2.2 Compatiblity","AchievementEnabler","BaseMod","Colored Map","Colored Powertips","Custom Start","DeckTracker","Keyboard Shortcuts","Minty Spire (QoL Compilation)","Permanent Neow","StSLib","SuperFastMode","everything is the same but u backflip on backflip"],"gold_per_floor":[111,127,127,127,146,179,235,235,282,295,323,16,16,42,42,119,119,138,138,63,76,91,91,125,125,125,74,86,127,143,157,157,238,238,264,36,0,0,12,37,37,63,63,116,128,25,42,88,88,88],"floor_reached":51,"language":"KOR","playtime":1354,"items_purged":["Strike_P"],"score":1405,"play_id":"6458abdf-9bb2-440d-9ac9-f823d13a2023","local_time":"20210114131651","is_ascension_mode":true,"campfire_choices":[{"data":"SandsOfTime","floor":13.0,"key":"SMITH"},{"data":"CrushJoints","floor":15.0,"key":"SMITH"},{"data":"Devotion","floor":23.0,"key":"SMITH"},{"data":"SashWhip","floor":25.0,"key":"SMITH"},{"floor":32.0,"key":"REST"},{"data":"Ragnarok","floor":41.0,"key":"SMITH"},{"floor":45,"key":"REST"},{"floor":49,"key":"REST"}],"circlet_count":0,"master_deck":["AscendersBane","Strike_P+1","Defend_P+1","Defend_P","Defend_P+1","Defend_P+1","Eruption","Vigilance+1","CrushJoints+1","SandsOfTime+1","Tantrum","SashWhip+1","Devotion+1","EmptyFist","InnerPeace","PathToVictory+1","Ragnarok+1","CutThroughFate","PathToVictory","Devotion"],"relics":["Velvet Choker","Velvet Choker","SacredBark","Damaru","HornCleat","Du-Vu Doll","Toy Ornithopter","Juzu Bracelet","Bag of Preparation","Whetstone","Pear","VioletLotus","War Paint","CeramicFish","The Courier","Bottled Flame","Velvet Choker","Red Mask","Strawberry","Bronze Scales","MawBank","Prayer Wheel","Regal Pillow","Lizard Tail"],"acts_visited":["Exordium","TheCity","TheBeyond"],"potions_floor_usage":[50],"damage_taken":[{"damage":2.0,"enemies":"Jaw Worm","floor":1.0,"turns":4.0},{"damage":0.0,"enemies":"2 Louse","floor":2.0,"turns":2.0},{"damage":0.0,"enemies":"Small Slimes","floor":5.0,"turns":3.0},{"damage":0.0,"enemies":"Lagavulin","floor":6.0,"turns":4.0},{"damage":0.0,"enemies":"Gremlin Nob","floor":7.0,"turns":3.0},{"damage":7.0,"enemies":"2 Fungi Beasts","floor":10.0,"turns":2.0},{"damage":2.0,"enemies":"Gremlin Nob","floor":11.0,"turns":3.0},{"damage":0.0,"enemies":"3 Sentries","floor":14.0,"turns":3.0},{"damage":23.0,"enemies":"The Guardian","floor":16.0,"turns":4.0},{"damage":5.0,"enemies":"Chosen","floor":18.0,"turns":2.0},{"damage":0.0,"enemies":"Spheric Guardian","floor":21.0,"turns":2.0},{"damage":5.0,"enemies":"3 Cultists","floor":22.0,"turns":5.0},{"damage":7.0,"enemies":"Slavers","floor":24.0,"turns":4.0},{"damage":11.0,"enemies":"Snake Plant","floor":28.0,"turns":2.0},{"damage":17.0,"enemies":"Book of Stabbing","floor":29.0,"turns":4.0},{"damage":0.0,"enemies":"Cultist and Chosen","floor":30.0,"turns":4.0},{"damage":0.0,"enemies":"Snecko","floor":31.0,"turns":3.0},{"damage":17.0,"enemies":"Champ","floor":33.0,"turns":6.0},{"damage":34.0,"enemies":"3 Darklings","floor":35.0,"turns":4.0},{"damage":0.0,"enemies":"Orb Walker","floor":39.0,"turns":3.0},{"damage":10.0,"enemies":"Giant Head","floor":40.0,"turns":5.0},{"damage":9.0,"enemies":"Reptomancer","floor":42.0,"turns":5.0},{"damage":33,"enemies":"Giant Head","floor":44,"turns":6},{"damage":0,"enemies":"Transient","floor":47,"turns":5},{"damage":28,"enemies":"2 Orb Walkers","floor":48,"turns":5},{"damage":27,"enemies":"Time Eater","floor":50,"turns":7}],"seed_played":"-7593493815871121708","potions_obtained":[{"floor":2.0,"key":"Weak Potion"},{"floor":5.0,"key":"PowerPotion"},{"floor":11.0,"key":"Dexterity Potion"},{"floor":16.0,"key":"Fire Potion"},{"floor":22.0,"key":"Explosive Potion"},{"floor":28.0,"key":"LiquidMemories"},{"floor":33.0,"key":"CultistPotion"},{"floor":40.0,"key":"Block Potion"}],"is_trial":false,"path_per_floor":["M","M","?","?","M","E","?","?","T","M","E","$","R","E","R","B",null,"M","?","?","M","M","R","E","R","T","$","M","E","M","M","R","B",null,"M","$","?","?","M","E","R","E","T","E","R","$","M","?","R","B",null],"character_chosen":"WATCHER","items_purchased":["Bag of Preparation","Whetstone","InnerPeace","Fruit Juice","CultistPotion","PathToVictory","Regal Pillow"],"campfire_rested":3,"item_purchase_floors":[12,12,27,36,36,36,46],"current_hp_per_floor":[63,63,68,61,61,61,61,46,46,39,37,37,37,47,47,34,74,69,69,69,69,64,64,57,57,57,57,46,29,29,29,55,43,76,42,57,57,57,57,59,59,55,55,22,53,53,53,25,71,49],"gold":88,"neow_bonus":"BOSS_RELIC","is_daily":false,"chose_seed":false,"campfire_upgraded":5,"win_rate":0.0,"timestamp":1610597811,"path_taken":["M","M","?","?","M","E","?","?","T","?","E","$","R","E","R","BOSS","M","?","?","M","M","R","E","R","T","$","M","E","M","M","R","BOSS","M","$","?","?","M","E","R","E","T","E","R","$","M","?","R","BOSS"],"items_purchased_type":["Relic","Relic","Card","Potion","Potion","Card","Relic"],"build_version":"2020-12-22","purchased_purges":1,"victory":true,"max_hp_per_floor":[72,72,77,77,77,77,77,77,77,77,77,77,77,87,87,87,87,87,87,87,87,87,87,87,87,87,87,87,87,87,87,87,87,87,87,97,97,97,97,104,104,104,104,104,104,104,104,104,104,104],"card_choices":[{"not_picked":["Pray","FollowUp"],"picked":"CrushJoints","floor":1.0},{"not_picked":["ThirdEye","Perseverance","ForeignInfluence"],"picked":"SKIP","floor":2.0},{"not_picked":["FollowUp","EmptyBody"],"picked":"SandsOfTime","floor":5.0},{"not_picked":["FollowUp","FlurryOfBlows","Prostrate"],"picked":"SKIP","floor":6.0},{"not_picked":["FlyingSleeves","Vengeance","Conclude"],"picked":"SKIP","floor":10.0},{"not_picked":["Perseverance","Prostrate"],"picked":"Tantrum","floor":11.0},{"not_picked":["ThirdEye","CutThroughFate","SashWhip"],"picked":"SKIP","floor":14.0},{"not_picked":["ThirdEye","CutThroughFate"],"picked":"SashWhip","floor":14.0},{"not_picked":["Scrawl","Establishment"],"picked":"Devotion","floor":16.0},{"not_picked":["FlurryOfBlows","Evaluate+1","JustLucky+1"],"picked":"SKIP","floor":18.0},{"not_picked":["Wallop","Halt+1"],"picked":"EmptyFist","floor":21.0},{"not_picked":["ThirdEye","Halt","CrushJoints"],"picked":"SKIP","floor":22.0},{"not_picked":["Collect+1","CrushJoints","BattleHymn"],"picked":"SKIP","floor":24.0},{"not_picked":["DeceiveReality","CarveReality","MasterReality"],"picked":"SKIP","floor":28.0},{"not_picked":["Consecrate+1","LikeWater"],"picked":"PathToVictory+1","floor":29.0},{"not_picked":["Prostrate","SandsOfTime","SashWhip"],"picked":"SKIP","floor":30.0},{"not_picked":["EmptyFist","ClearTheMind","FlurryOfBlows"],"picked":"SKIP","floor":31.0},{"not_picked":["Alpha","Judgement"],"picked":"Ragnarok","floor":33.0},{"not_picked":["SignatureMove","Perseverance"],"picked":"CutThroughFate","floor":35.0},{"not_picked":["Evaluate","PathToVictory","EmptyFist+1"],"picked":"SKIP","floor":39.0},{"not_picked":["FlurryOfBlows","WindmillStrike","Tantrum"],"picked":"SKIP","floor":40.0},{"not_picked":["FollowUp","Crescendo+1","EmptyFist"],"picked":"SKIP","floor":42.0},{"not_picked":["FollowUp","Crescendo+1","EmptyFist"],"picked":"SKIP","floor":42.0},{"not_picked":["JustLucky","DeusExMachina"],"picked":"Devotion","floor":44},{"not_picked":["PathToVictory","EmptyFist","DeceiveReality"],"picked":"SKIP","floor":47},{"not_picked":["Study","Pray","Consecrate"],"picked":"SKIP","floor":47}],"player_experience":632702,"relics_obtained":[{"floor":6.0,"key":"HornCleat"},{"floor":7.0,"key":"Du-Vu Doll"},{"floor":9.0,"key":"Toy Ornithopter"},{"floor":11.0,"key":"Juzu Bracelet"},{"floor":14.0,"key":"Pear"},{"floor":24.0,"key":"CeramicFish"},{"floor":26.0,"key":"The Courier"},{"floor":29.0,"key":"Bottled Flame"},{"floor":40.0,"key":"Strawberry"},{"floor":42.0,"key":"Bronze Scales"},{"floor":43,"key":"MawBank"},{"floor":44,"key":"Prayer Wheel"},{"floor":48,"key":"Lizard Tail"}],"event_choices":[{"damage_healed":0.0,"max_hp_gain":5.0,"max_hp_loss":0.0,"gold_gain":0.0,"event_name":"Big Fish","player_choice":"Donut","floor":3.0,"gold_loss":0.0,"damage_taken":0.0},{"damage_healed":0.0,"max_hp_gain":0.0,"max_hp_loss":0.0,"gold_gain":0.0,"event_name":"Scrap Ooze","player_choice":"Success","floor":4.0,"gold_loss":0.0,"damage_taken":7.0,"relics_obtained":["Damaru"]},{"damage_healed":0.0,"max_hp_gain":0.0,"max_hp_loss":0.0,"gold_gain":30.0,"event_name":"Dead Adventurer","player_choice":"Searched \u00272\u0027 times","floor":7.0,"gold_loss":0.0,"damage_taken":0.0},{"damage_healed":0.0,"max_hp_gain":0.0,"max_hp_loss":0.0,"gold_gain":0.0,"event_name":"Shining Light","player_choice":"Entered Light","floor":8.0,"gold_loss":0.0,"damage_taken":15.0,"cards_upgraded":["Vigilance","Defend_P"]},{"damage_healed":0.0,"max_hp_gain":0.0,"max_hp_loss":0.0,"gold_gain":0.0,"event_name":"WeMeetAgain","player_choice":"Gave Potion","floor":19.0,"gold_loss":0.0,"damage_taken":0.0,"relics_obtained":["War Paint"]},{"cards_removed":["Strike_P"],"damage_healed":0.0,"max_hp_gain":0.0,"max_hp_loss":0.0,"gold_gain":0.0,"event_name":"Beggar","player_choice":"Gave Gold","floor":20.0,"gold_loss":75.0,"damage_taken":0.0},{"damage_healed":0.0,"max_hp_gain":0.0,"max_hp_loss":0.0,"gold_gain":0.0,"event_name":"Tomb of Lord Red Mask","player_choice":"Paid","floor":37.0,"gold_loss":36.0,"damage_taken":0.0,"relics_obtained":["Red Mask"]},{"cards_removed":["Strike_P"],"damage_healed":0.0,"max_hp_gain":0.0,"max_hp_loss":0.0,"gold_gain":0.0,"event_name":"Falling","player_choice":"Removed Attack","floor":38.0,"gold_loss":0.0,"damage_taken":0.0},{"damage_healed":0,"gold_gain":0,"player_choice":"Fight","damage_taken":0,"max_hp_gain":0,"max_hp_loss":0,"event_name":"Mysterious Sphere","floor":48,"gold_loss":0}],"is_beta":false,"boss_relics":[{"not_picked":["Empty Cage","Fusion Hammer"],"picked":"VioletLotus"},{"not_picked":["Philosopher\u0027s Stone","Sozu"],"picked":"Velvet Choker"}],"items_purged_floors":[36],"is_endless":false,"potions_floor_spawned":[2,5,7,11,16,22,28,33,39,40],"ascension_level":13}}