{"host":"126yiuos2nq86se7","time":1610628208,"event":{"mods":["AchievementEnabler","Act Like it!","BaseMod","Colored Map","Colored Powertips","Downfall","Friendly Minions","Halation","Highlight Path","Jorbs\u0027s Wanderer Trilogy","Marisa????????","Minty Spire (QoL Compilation)","Replay The Spire","StSLib","SuperFastMode","The Animator","The Hierophant","The Servant 0.9.4"],"gold_per_floor":[113,133,133,143,160,193,193,207,207,222,222,236,255,271,271,367,367,379,389,389,389],"floor_reached":20,"language":"ENG","playtime":943,"items_purged":[],"score":182,"play_id":"1abd0f47-d6a9-47e7-86a9-9b805f80eb1c","local_time":"20210114234328","is_ascension_mode":false,"campfire_choices":[{"floor":7,"key":"REST"},{"floor":11,"key":"REST"},{"floor":15,"key":"REST"}],"circlet_count":0,"master_deck":["Strike_S","Strike_S","Strike_S","Defend_S","Defend_S","Defend_S","Defend_S","KidneyShot","Exchange","Potential","StarChef","SilverBlades","PendulumOfEternity","SilverBlades","Alleviate","PendulumOfEternity","PendulumOfEternity","SurpressingFire","Revamp+1"],"relics":["Uniform","Anchor","Sundial","Ornamental Fan","Painkiller Herb"],"acts_visited":["Exordium","TheCity"],"potions_floor_usage":[6,16,16,16],"damage_taken":[{"damage":5,"enemies":"Small Slimes","floor":1,"turns":5},{"damage":6,"enemies":"Cultist","floor":2,"turns":4},{"damage":0,"enemies":"2 Louse","floor":4,"turns":3},{"damage":26,"enemies":"Exordium Thugs","floor":5,"turns":8},{"damage":3,"enemies":"3 Sentries","floor":6,"turns":7},{"damage":7,"enemies":"Blue Slaver","floor":8,"turns":6},{"damage":21,"enemies":"Exordium Wildlife","floor":10,"turns":8},{"damage":16,"enemies":"Exordium Thugs","floor":12,"turns":5},{"damage":9,"enemies":"2 Fungi Beasts","floor":13,"turns":6},{"damage":0,"enemies":"Blue Slaver","floor":14,"turns":7},{"damage":44,"enemies":"Fading Forest","floor":16,"turns":11},{"damage":15,"enemies":"3 Byrds","floor":18,"turns":7},{"damage":36,"enemies":"Spheric Guardian","floor":19,"turns":7},{"damage":17,"enemies":"Cultist and Chosen","floor":20,"turns":4}],"seed_played":"-4094117923613782335","potions_obtained":[{"floor":2,"key":"Slimebound:ThreeZeroPotion"},{"floor":5,"key":"Swift Potion"},{"floor":6,"key":"Regen Potion"},{"floor":8,"key":"LiquidMemories"},{"floor":14,"key":"LiquidMemories"},{"floor":16,"key":"Strength Potion"}],"is_trial":false,"path_per_floor":["M","M","?","M","M","E","R","M","T","M","R","M","M","M","R","B",null,"?","?","?"],"character_chosen":"THE_SERVANT","items_purchased":[],"campfire_rested":3,"item_purchase_floors":[],"current_hp_per_floor":[60,54,54,54,28,25,44,37,37,16,35,19,10,10,29,10,65,50,14,0,0],"gold":389,"neow_bonus":"RANDOM_EVENT","is_daily":false,"chose_seed":false,"campfire_upgraded":0,"win_rate":0.0,"timestamp":1610628208,"path_taken":["M","M","?","M","?","E","R","M","T","M","R","M","M","M","R","BOSS","?","?","?"],"items_purchased_type":[],"build_version":"2020-12-22","purchased_purges":0,"victory":false,"max_hp_per_floor":[65,65,65,65,65,65,65,65,65,65,65,65,65,65,65,65,65,65,65,65,65],"card_choices":[{"not_picked":["Rewind","GearUp"],"picked":"Potential","floor":1},{"not_picked":["ShiftingGears","Unruled"],"picked":"StarChef","floor":2},{"not_picked":["Starlight","FastForward"],"picked":"StarChef","floor":4},{"not_picked":["Desolation","TimeTheft","Unruled"],"picked":"SKIP","floor":5},{"not_picked":["GearUp","Revamp"],"picked":"SilverBlades","floor":6},{"not_picked":["Replace","Reset"],"picked":"PendulumOfEternity","floor":8},{"not_picked":["Ricochet","Revamp"],"picked":"SilverBlades","floor":10},{"not_picked":["Defy","BottledTime"],"picked":"Alleviate","floor":12},{"not_picked":["Rearm","Alleviate"],"picked":"PendulumOfEternity","floor":13},{"not_picked":["DoubleEdge","TimeTheft","Orbit"],"picked":"SKIP","floor":14},{"not_picked":["SoulSculpture","Sunlight"],"picked":"PendulumOfEternity","floor":16},{"not_picked":["SpecialFormula","Shuttle"],"picked":"SurpressingFire","floor":18},{"not_picked":["Rearm","Manipulate+1"],"picked":"Revamp+1","floor":19}],"player_experience":1793797,"relics_obtained":[{"floor":6,"key":"Sundial"},{"floor":9,"key":"Ornamental Fan"}],"event_choices":[{"cards_removed":["Strike_S"],"damage_healed":0,"gold_gain":0,"player_choice":"Forget","damage_taken":0,"max_hp_gain":0,"max_hp_loss":0,"event_name":"Living Wall","floor":0,"gold_loss":0},{"cards_removed":["StarChef"],"damage_healed":0,"gold_gain":0,"player_choice":"Gave Card","damage_taken":0,"relics_obtained":["Anchor"],"max_hp_gain":0,"max_hp_loss":0,"event_name":"WeMeetAgain","floor":3,"gold_loss":0}],"is_beta":false,"boss_relics":[{"not_picked":["Sozu","Busted Crown"],"picked":"Painkiller Herb"}],"items_purged_floors":[],"is_endless":false,"potions_floor_spawned":[2,5,6,8,14,16],"killed_by":"Cultist and Chosen","ascension_level":0}}