{"host":"uqu4g15d3w1vnax3","time":1610608295,"event":{"mods":["BaseMod","KOR Keyword Fix","Lobotomy","Minty Spire (QoL Compilation)","StSLib"],"gold_per_floor":[114,133,133,148,148,166,176,176,176,176,191,207,233,13,13,108,108,123,138,155,175,192,192,208,208,508,508,523,552,214,214,214,309,309,319,334,347,367,383,410,430,430,430,444,458,115,115,165,165,165,165,165,12,46,46,46],"floor_reached":55,"language":"KOR","playtime":2142,"items_purged":["Strike_G","Defend_G","Strike_G","Defend_G"],"score":754,"play_id":"aeae3e30-812b-44f7-81fd-8af662a77159","local_time":"20210114161135","is_ascension_mode":false,"campfire_choices":[{"data":"Poisoned Stab","floor":8,"key":"SMITH"},{"data":"Sucker Punch","floor":10,"key":"SMITH"},{"data":"Choke","floor":15,"key":"SMITH"},{"data":"Adrenaline","floor":23,"key":"SMITH"},{"data":"Tactician","floor":27,"key":"SMITH"},{"data":"Prepared","floor":32,"key":"SMITH"},{"data":"Adrenaline","floor":47,"key":"SMITH"},{"floor":49,"key":"RECALL"},{"data":"Reflex","floor":52,"key":"SMITH"}],"circlet_count":0,"master_deck":["Defend_G","Defend_G","Survivor","Neutralize","Poisoned Stab+1","Sucker Punch+1","Dagger Throw","Terror","Masterful Stab","Choke+1","Wraith Form v2","Acrobatics","Adrenaline+1","Tactician+1","Accuracy+1","Acrobatics+1","Eviscerate","Masterful Stab+1","Prepared+1","Noxious Fumes","Corpse Explosion","PiercingWail","Escape Plan+1","Blade Dance","Reflex+1","Prepared","Blade Dance","Adrenaline+1"],"relics":["Ring of the Snake","White Beast Statue","Ornamental Fan","Ancient Tea Set","Sling","WristBlade","Meat on the Bone","Old Coin","Strawberry","Membership Card","Snake Skull","HoveringKite","Vajra","TheAbacus","Singing Bowl","Ice Cream","Happy Flower","HornCleat"],"acts_visited":["Exordium","TheCity","TheBeyond","TheEnding"],"potions_floor_usage":[16,20,33,40,55,55],"damage_taken":[{"damage":3,"enemies":"Jaw Worm","floor":1,"turns":4},{"damage":2,"enemies":"Cultist","floor":2,"turns":4},{"damage":2,"enemies":"2 Louse","floor":4,"turns":2},{"damage":2,"enemies":"2 Fungi Beasts","floor":6,"turns":3},{"damage":4,"enemies":"3 Louse","floor":7,"turns":3},{"damage":2,"enemies":"Looter","floor":11,"turns":3},{"damage":13,"enemies":"2 Fungi Beasts","floor":12,"turns":3},{"damage":8,"enemies":"Gremlin Nob","floor":13,"turns":3},{"damage":2,"enemies":"Slime Boss","floor":16,"turns":9},{"damage":0,"enemies":"Spheric Guardian","floor":18,"turns":4},{"damage":0,"enemies":"Chosen","floor":19,"turns":3},{"damage":2,"enemies":"Snecko","floor":20,"turns":3},{"damage":3,"enemies":"Snake Plant","floor":21,"turns":3},{"damage":10,"enemies":"Centurion and Healer","floor":22,"turns":4},{"damage":6,"enemies":"3 Cultists","floor":24,"turns":4},{"damage":0,"enemies":"Snecko","floor":28,"turns":1},{"damage":19,"enemies":"Slavers","floor":29,"turns":4},{"damage":18,"enemies":"Automaton","floor":33,"turns":4},{"damage":0,"enemies":"3 Darklings","floor":35,"turns":1},{"damage":7,"enemies":"Orb Walker","floor":36,"turns":2},{"damage":18,"enemies":"Maw","floor":37,"turns":5},{"damage":5,"enemies":"4 Shapes","floor":38,"turns":3},{"damage":2,"enemies":"Sphere and 2 Shapes","floor":39,"turns":2},{"damage":6,"enemies":"Giant Head","floor":40,"turns":5},{"damage":0,"enemies":"Transient","floor":41,"turns":5},{"damage":0,"enemies":"Maw","floor":44,"turns":3},{"damage":23,"enemies":"4 Shapes","floor":45,"turns":3},{"damage":0,"enemies":"Mind Bloom Boss Battle","floor":48,"turns":1},{"damage":21,"enemies":"Donu and Deca","floor":50,"turns":3},{"damage":16,"enemies":"Shield and Spear","floor":54,"turns":3},{"damage":58,"enemies":"The Heart","floor":55,"turns":4}],"seed_played":"3711400885868576538","potions_obtained":[{"floor":4,"key":"CunningPotion"},{"floor":6,"key":"CunningPotion"},{"floor":7,"key":"Dexterity Potion"},{"floor":16,"key":"DuplicationPotion"},{"floor":18,"key":"Ancient Potion"},{"floor":20,"key":"FearPotion"},{"floor":21,"key":"Ancient Potion"},{"floor":33,"key":"SkillPotion"},{"floor":40,"key":"SpeedPotion"},{"floor":45,"key":"CunningPotion"},{"floor":54,"key":"GamblersBrew"}],"is_trial":false,"path_per_floor":["M","M","?","M","?","M","M","R","T","R","M","M","E","$","R","B",null,"M","M","M","M","M","R","M","T","T","R","M","E","$","?","R","B",null,"M","M","M","M","M","E","M","?","T","M","M","$","R","?","R","B",null,"R","$","E","B"],"character_chosen":"THE_SILENT","items_purchased":["Sling","Membership Card","Snake Skull","Prepared","Noxious Fumes","TheAbacus","Singing Bowl","Adrenaline","Happy Flower"],"campfire_rested":0,"item_purchase_floors":[14,30,30,30,30,46,46,46,53],"current_hp_per_floor":[60,58,55,53,46,44,40,40,40,40,38,25,17,17,17,15,63,63,63,61,58,48,48,42,42,42,42,42,42,42,42,42,36,70,70,63,45,40,38,44,44,44,44,44,33,33,33,47,47,38,72,72,72,58,0,0],"gold":46,"neow_bonus":"REMOVE_TWO","is_daily":false,"chose_seed":false,"campfire_upgraded":8,"win_rate":0.0,"timestamp":1610608295,"path_taken":["M","M","?","M","?","M","M","R","T","R","?","M","E","$","R","BOSS","M","M","M","M","?","R","M","?","T","R","M","E","$","?","R","BOSS","M","M","M","M","M","E","M","?","T","M","M","$","R","?","R","BOSS","R","$","E","BOSS"],"items_purchased_type":["Relic","Relic","Relic","Card","Card","Relic","Relic","Card","Relic"],"build_version":"2020-12-22","purchased_purges":4,"victory":false,"max_hp_per_floor":[63,63,63,63,63,63,63,63,63,63,63,63,63,63,63,63,63,63,63,63,63,63,63,63,63,63,63,63,70,70,70,70,70,70,70,70,70,70,70,70,70,70,70,70,70,70,70,72,72,72,72,72,72,74,74,74],"card_choices":[{"not_picked":["Dagger Spray","Concentrate"],"picked":"Poisoned Stab","floor":1},{"not_picked":["Dagger Throw","Underhanded Strike"],"picked":"Sucker Punch","floor":2},{"not_picked":["Dodge and Roll","Slice"],"picked":"Dagger Throw","floor":4},{"not_picked":["Masterful Stab","Dagger Throw"],"picked":"Terror","floor":6},{"not_picked":["Slice","Endless Agony"],"picked":"Masterful Stab","floor":7},{"not_picked":["Deflect","Crippling Poison"],"picked":"Choke","floor":11},{"not_picked":["Setup","Concentrate"],"picked":"Wraith Form v2","floor":12},{"not_picked":["Blur","Crippling Poison"],"picked":"Acrobatics","floor":13},{"not_picked":["Wraith Form v2","Grand Finale"],"picked":"Adrenaline","floor":16},{"not_picked":["Quick Slash","Outmaneuver+1"],"picked":"Tactician","floor":18},{"not_picked":["Deadly Poison","Finisher"],"picked":"Accuracy+1","floor":19},{"not_picked":["Flying Knee","Bane"],"picked":"Acrobatics+1","floor":20},{"not_picked":["Finisher","Blur+1"],"picked":"Eviscerate","floor":21},{"not_picked":["Backflip","Quick Slash+1","Eviscerate"],"picked":"SKIP","floor":22},{"not_picked":["Sucker Punch","Setup","Bouncing Flask"],"picked":"SKIP","floor":24},{"not_picked":["Bane","Setup","Terror"],"picked":"SKIP","floor":28},{"not_picked":["PiercingWail","Dagger Spray"],"picked":"Masterful Stab+1","floor":29},{"not_picked":["After Image","Doppelganger"],"picked":"Corpse Explosion","floor":33},{"not_picked":["Sucker Punch","Bane+1"],"picked":"PiercingWail","floor":35},{"not_picked":["Slice","Predator"],"picked":"Escape Plan+1","floor":36},{"not_picked":["Quick Slash","Slice","Acrobatics+1"],"picked":"SKIP","floor":37},{"not_picked":["Infinite Blades+1","Cloak And Dagger+1"],"picked":"Blade Dance","floor":38},{"not_picked":["Die Die Die","Slice"],"picked":"Reflex","floor":39},{"not_picked":["Leg Sweep","Outmaneuver"],"picked":"Prepared","floor":40},{"not_picked":["PiercingWail+1","Deadly Poison+1","Acrobatics+1"],"picked":"SKIP","floor":41},{"not_picked":["PiercingWail+1","Masterful Stab","Outmaneuver"],"picked":"SKIP","floor":44},{"not_picked":["Deflect","Slice"],"picked":"Blade Dance","floor":45},{"not_picked":["Noxious Fumes+1","Flying Knee","Outmaneuver+1"],"picked":"Singing Bowl","floor":48},{"not_picked":["Grand Finale","Riddle With Holes+1","Underhanded Strike+1"],"picked":"Singing Bowl","floor":54}],"player_experience":286195,"relics_obtained":[{"floor":9,"key":"Ornamental Fan"},{"floor":13,"key":"Ancient Tea Set"},{"floor":25,"key":"Meat on the Bone"},{"floor":26,"key":"Old Coin"},{"floor":29,"key":"Strawberry"},{"floor":40,"key":"Vajra"},{"floor":48,"key":"Ice Cream"},{"floor":54,"key":"HornCleat"}],"event_choices":[{"damage_healed":0,"gold_gain":0,"player_choice":"Success","damage_taken":3,"relics_obtained":["White Beast Statue"],"max_hp_gain":0,"max_hp_loss":0,"event_name":"Scrap Ooze","floor":3,"gold_loss":0},{"cards_removed":["Strike_G"],"damage_healed":0,"gold_gain":0,"player_choice":"Card Removal","damage_taken":7,"max_hp_gain":0,"max_hp_loss":0,"event_name":"Golden Wing","floor":5,"gold_loss":0},{"cards_removed":["Strike_G"],"damage_healed":0,"gold_gain":0,"player_choice":"Elegance","damage_taken":0,"max_hp_gain":0,"max_hp_loss":0,"event_name":"Back to Basics","floor":31,"gold_loss":0},{"damage_healed":0,"gold_gain":0,"player_choice":"Memory 1","damage_taken":0,"max_hp_gain":0,"max_hp_loss":0,"event_name":"SensoryStone","floor":42,"gold_loss":0},{"damage_healed":0,"gold_gain":0,"player_choice":"Fight","damage_taken":0,"max_hp_gain":0,"max_hp_loss":0,"event_name":"MindBloom","floor":48,"gold_loss":0}],"is_beta":false,"boss_relics":[{"not_picked":["Fusion Hammer","Velvet Choker"],"picked":"WristBlade"},{"not_picked":["Calling Bell","SlaversCollar"],"picked":"HoveringKite"}],"items_purged_floors":[14,30,46,53],"is_endless":false,"potions_floor_spawned":[4,6,7,11,12,13,16,18,19,20,21,22,24,28,29,33,35,36,37,38,39,40,41,44,45,48,54],"killed_by":"The Heart","ascension_level":0}}