{"host":"mbj2cbgnaexp1bjw","time":1610612700,"event":{"mods":["BaseMod","BetterRewards","DNKmod","Dota2Spire","Friendly Minions","Grow up Mod","Highlight Path","Minty Spire (QoL Compilation)","Remove Card Discount Mod","Spicy Shops","StSLib","The Cursed"],"gold_per_floor":[1014,1014,1014,1031,1051,1080,1080,1080,1103,1115,1115,1146,657,732,732,837,837,852,852,865,877,255,255,282,282,307,339,26,53,64,81,81,177,177,193,153,153,172,172,203,229,269,307,354,366,391,403,29,29,29,29,29,15,40,40],"floor_reached":56,"language":"ZHS","playtime":3758,"items_purged":["TheCursedMod:TroublousMinions","TheCursedMod:Strike_TheCursed","TheCursedMod:Strike_TheCursed","TheCursedMod:Strike_TheCursed","TheCursedMod:Strike_TheCursed","TheCursedMod:Defend_TheCursed","TheCursedMod:Defend_TheCursed","TheCursedMod:Defend_TheCursed","TheCursedMod:Defend_TheCursed","Writhe","TheCursedMod:CursedBlade","TheCursedMod:HellsGateOpen","TheCursedMod:SurpriseAttack"],"score":1610,"play_id":"0cc413a6-af60-460a-8dcd-e92c549bf504","local_time":"20210114162500","is_ascension_mode":true,"campfire_choices":[{"floor":7,"key":"RECALL"},{"data":"TheCursedMod:CleanUpWorkshop","floor":11,"key":"SMITH"},{"data":"TheCursedMod:CircleOfCorruption","floor":15,"key":"SMITH"},{"data":"Enlightenment","floor":23,"key":"SMITH"},{"data":"TheCursedMod:VoidForm","floor":32,"key":"SMITH"},{"data":"TheCursedMod:LuckyCharm","floor":45,"key":"SMITH"},{"data":"TheCursedMod:CursedBoomerang","floor":49,"key":"SMITH"},{"data":"TheCursedMod:WearCloak","floor":52,"key":"SMITH"}],"circlet_count":0,"master_deck":["TheCursedMod:CursedWand","TheCursedMod:CleanUpWorkshop+1","TheCursedMod:Dregs","TheCursedMod:CursedBlade+1","TheCursedMod:WearCloak","TheCursedMod:Wield","TheCursedMod:CircleOfCorruption+1","TheCursedMod:HellfireBreathing","TheCursedMod:Obscuration","The Bomb","TheCursedMod:VoidForm+1","TheCursedMod:HellfireBreathing+1","TheCursedMod:SmokeScreen+1","TheCursedMod:SpitefulStrike","Enlightenment+1","TheCursedMod:WearCloak+1","TheCursedMod:Obscuration+1","TheCursedMod:CursedBlade","TheCursedMod:CursedAmulet+1","TheCursedMod:LuckyCharm+1","TheCursedMod:SmokeScreen+1","TheCursedMod:CollectTribute+1","TheCursedMod:AshesToAshes+1","TheCursedMod:SurpriseAttack+1","TheCursedMod:BlessingInDisguise+1","TheCursedMod:WearCloak+1","TheCursedMod:RapidMovement+1","TheCursedMod:CursedBoomerang+1","TheCursedMod:WearCloak+1","TheCursedMod:SpitefulPray+1"],"relics":["TheCursedMod:BlackMagicAdvanced","NeowsBlessing","TungstenRod","Toy Ornithopter","Oddly Smooth Stone","Blood Vial","Black Star","Kunai","ClockworkSouvenir","Happy Flower","Dota2Spire:PhaseBoots","Dota2Spire:EchoSabre","Anchor","Toxic Egg 2","Juzu Bracelet","Pen Nib","StoneCalendar","MawBank","Potion Belt","Dota2Spire:PowerTreads","Omamori","Dota2Spire:MagicBottle","Smiling Mask","Meat on the Bone","Membership Card","Gambling Chip","Medical Kit","InkBottle","Shuriken"],"acts_visited":["Exordium","TheCity","TheBeyond","TheEnding"],"potions_floor_usage":[6,38,41,55,55],"damage_taken":[{"damage":0,"enemies":"Small Slimes","floor":1,"turns":1},{"damage":0,"enemies":"Jaw Worm","floor":4,"turns":1},{"damage":0,"enemies":"2 Louse","floor":5,"turns":1},{"damage":1,"enemies":"Gremlin Nob","floor":6,"turns":3},{"damage":0,"enemies":"Exordium Wildlife","floor":10,"turns":4},{"damage":0,"enemies":"3 Sentries","floor":12,"turns":4},{"damage":4,"enemies":"The Guardian","floor":16,"turns":4},{"damage":0,"enemies":"Spheric Guardian","floor":18,"turns":3},{"damage":0,"enemies":"3 Byrds","floor":20,"turns":3},{"damage":0,"enemies":"3 Cultists","floor":21,"turns":3},{"damage":24,"enemies":"Gremlin Leader","floor":24,"turns":4},{"damage":20,"enemies":"Slavers","floor":27,"turns":3},{"damage":6,"enemies":"Book of Stabbing","floor":29,"turns":4},{"damage":0,"enemies":"Snake Plant","floor":30,"turns":3},{"damage":0,"enemies":"Sentry and Sphere","floor":31,"turns":4},{"damage":14,"enemies":"Collector","floor":33,"turns":6},{"damage":0,"enemies":"Orb Walker","floor":35,"turns":3},{"damage":0,"enemies":"3 Darklings","floor":38,"turns":2},{"damage":12,"enemies":"Reptomancer","floor":40,"turns":4},{"damage":13,"enemies":"4 Shapes","floor":41,"turns":2},{"damage":0,"enemies":"Nemesis","floor":42,"turns":5},{"damage":0,"enemies":"Giant Head","floor":44,"turns":5},{"damage":0,"enemies":"Maw","floor":46,"turns":4},{"damage":0,"enemies":"Donu and Deca","floor":50,"turns":4},{"damage":31,"enemies":"Shield and Spear","floor":54,"turns":4},{"damage":0,"enemies":"The Heart","floor":55,"turns":6}],"seed_played":"-3045645719509557188","potions_obtained":[{"floor":1,"key":"Fire Potion"},{"floor":4,"key":"Energy Potion"},{"floor":10,"key":"Energy Potion"},{"floor":16,"key":"Energy Potion"},{"floor":38,"key":"CultistPotion"},{"floor":40,"key":"ColorlessPotion"},{"floor":41,"key":"Fruit Juice"},{"floor":46,"key":"Dota2Spire:HealingSalve"},{"floor":54,"key":"SkillPotion"}],"is_trial":false,"path_per_floor":["M","?","T","M","M","E","R","?","T","M","R","E","$","?","R","B",null,"M","?","M","M","$","R","E","?","T","E","$","E","M","M","R","B",null,"M","?","?","M","T","E","M","E","T","E","R","M","?","$","R","B",null,"R","$","E","B",null],"character_chosen":"THE_CURSED","items_purchased":["TheCursedMod:HellfireBreathing","TheCursedMod:Obscuration","The Bomb","TheCursedMod:SpitefulStrike","TheCursedMod:HellsGateOpen","Enlightenment","Kunai","ClockworkSouvenir","Toxic Egg 2","TheCursedMod:CursedBlade","Membership Card","Gambling Chip","Medical Kit","TheCursedMod:CursedBoomerang","TheCursedMod:WearCloak+1"],"campfire_rested":0,"item_purchase_floors":[13,13,13,22,22,22,22,22,28,28,48,48,48,48,53],"current_hp_per_floor":[120,130,140,150,160,169,179,189,199,209,219,229,239,239,249,257,280,290,300,310,320,330,340,326,336,346,338,348,354,366,378,388,386,450,460,470,480,490,500,498,507,519,529,541,551,563,573,583,593,605,625,635,645,624,661],"gold":40,"neow_bonus":"THREE_ENEMY_KILL","is_daily":false,"chose_seed":false,"campfire_upgraded":7,"win_rate":0.0,"timestamp":1610612700,"path_taken":["M","?","?","M","M","E","R","?","T","M","R","E","$","?","R","BOSS","M","?","M","M","$","R","E","?","T","E","?","E","M","M","R","BOSS","M","?","?","M","?","E","M","E","T","E","R","M","?","$","R","BOSS","R","$","E","BOSS"],"items_purchased_type":["Card","Card","Card","Card","Card","Card","Relic","Relic","Relic","Card","Relic","Relic","Relic","Card","Card"],"build_version":"2020-12-22","purchased_purges":13,"victory":true,"max_hp_per_floor":[120,130,140,150,160,170,180,190,200,210,220,230,240,250,260,270,280,290,300,310,320,330,340,350,360,370,380,390,400,410,420,430,440,450,460,470,480,490,500,510,525,535,545,555,565,575,585,595,605,615,625,635,645,655,665],"card_choices":[{"not_picked":["TheCursedMod:Torture","TheCursedMod:SurpriseAttack"],"picked":"TheCursedMod:CursedBlade","floor":1},{"not_picked":["TheCursedMod:Stretching","TheCursedMod:CursedSpellbook"],"picked":"TheCursedMod:TroublousMinions","floor":4},{"not_picked":["TheCursedMod:BloodBarrier","TheCursedMod:StingEye"],"picked":"TheCursedMod:WearCloak","floor":5},{"not_picked":["TheCursedMod:Neurasthenia","TheCursedMod:CursedMace"],"picked":"TheCursedMod:CursedBlade","floor":6},{"not_picked":["TheCursedMod:Stretching","TheCursedMod:Stigma"],"picked":"TheCursedMod:Wield","floor":10},{"not_picked":["TheCursedMod:Obscuration","TheCursedMod:AshesToAshes"],"picked":"TheCursedMod:CircleOfCorruption","floor":12},{"not_picked":["TheCursedMod:StunningStrike","TheCursedMod:ShockAndAwe"],"picked":"TheCursedMod:VoidForm","floor":16},{"not_picked":["TheCursedMod:FleshFromBone","TheCursedMod:CursedSpellbook"],"picked":"TheCursedMod:HellfireBreathing+1","floor":18},{"not_picked":["TheCursedMod:CircleOfFlame","TheCursedMod:Stigma"],"picked":"TheCursedMod:SmokeScreen","floor":20},{"not_picked":["TheCursedMod:SmokeScreen","TheCursedMod:Grudge","TheCursedMod:Hemoplague"],"picked":"SKIP","floor":21},{"not_picked":["TheCursedMod:SpitefulStrike","TheCursedMod:ManaBullet"],"picked":"TheCursedMod:WearCloak","floor":24},{"not_picked":["TheCursedMod:HellfireBreathing","TheCursedMod:Neurasthenia"],"picked":"TheCursedMod:Obscuration+1","floor":27},{"not_picked":["TheCursedMod:BloodBarrier+1","TheCursedMod:SpreadPlague+1"],"picked":"TheCursedMod:CursedAmulet+1","floor":29},{"not_picked":["TheCursedMod:RapidMovement+1","TheCursedMod:FleshFromBone+1"],"picked":"TheCursedMod:LuckyCharm","floor":30},{"not_picked":["TheCursedMod:CursedMace","TheCursedMod:VitalStrike"],"picked":"TheCursedMod:SmokeScreen+1","floor":31},{"not_picked":["TheCursedMod:Neurasthenia+1","TheCursedMod:ForbiddenAlchemy+1"],"picked":"TheCursedMod:CollectTribute","floor":33},{"not_picked":["TheCursedMod:SmokeScreen+1","TheCursedMod:CircleOfCorruption+1"],"picked":"TheCursedMod:AshesToAshes+1","floor":35},{"not_picked":["TheCursedMod:Hemoplague+1","TheCursedMod:Wield"],"picked":"TheCursedMod:SurpriseAttack+1","floor":38},{"not_picked":["TheCursedMod:SoulReap+1","TheCursedMod:Stretching+1"],"picked":"TheCursedMod:BlessingInDisguise+1","floor":40},{"not_picked":["TheCursedMod:SmokeScreen+1","TheCursedMod:SpitefulStrike"],"picked":"TheCursedMod:SurpriseAttack","floor":41},{"not_picked":["TheCursedMod:FleshFromBone+1","TheCursedMod:ReleasedKnowledge+1"],"picked":"TheCursedMod:WearCloak+1","floor":42},{"not_picked":["TheCursedMod:TacticalStrike","TheCursedMod:CursedAmulet+1","TheCursedMod:AbyssShockwave+1"],"picked":"SKIP","floor":44},{"not_picked":["TheCursedMod:CircleOfFlame+1","TheCursedMod:CursedBlade"],"picked":"TheCursedMod:RapidMovement+1","floor":46},{"not_picked":["TheCursedMod:HellsGateOpen+1","TheCursedMod:ForbiddenAlchemy+1"],"picked":"TheCursedMod:SpitefulPray+1","floor":54}],"player_experience":73497,"relics_obtained":[{"floor":3,"key":"TungstenRod"},{"floor":6,"key":"Toy Ornithopter"},{"floor":9,"key":"Oddly Smooth Stone"},{"floor":12,"key":"Blood Vial"},{"floor":24,"key":"Happy Flower"},{"floor":24,"key":"Dota2Spire:PhaseBoots"},{"floor":27,"key":"Anchor"},{"floor":29,"key":"Juzu Bracelet"},{"floor":29,"key":"Pen Nib"},{"floor":39,"key":"StoneCalendar"},{"floor":40,"key":"MawBank"},{"floor":40,"key":"Potion Belt"},{"floor":42,"key":"Dota2Spire:PowerTreads"},{"floor":42,"key":"Omamori"},{"floor":43,"key":"Dota2Spire:MagicBottle"},{"floor":44,"key":"Smiling Mask"},{"floor":44,"key":"Meat on the Bone"},{"floor":54,"key":"InkBottle"},{"floor":54,"key":"Shuriken"}],"event_choices":[{"damage_healed":0,"gold_gain":0,"player_choice":"Grow","damage_taken":0,"max_hp_gain":0,"max_hp_loss":0,"event_name":"Living Wall","floor":2,"gold_loss":0,"cards_upgraded":["TheCursedMod:CursedBlade"]},{"damage_healed":0,"gold_gain":0,"player_choice":"Leave","damage_taken":0,"max_hp_gain":0,"max_hp_loss":0,"event_name":"The Cleric","floor":8,"gold_loss":0},{"damage_healed":0,"gold_gain":75,"player_choice":"Gather Gold","damage_taken":11,"max_hp_gain":0,"max_hp_loss":0,"event_name":"World of Goop","floor":14,"gold_loss":0},{"damage_healed":0,"gold_gain":0,"player_choice":"Ignored","damage_taken":0,"max_hp_gain":0,"max_hp_loss":0,"event_name":"Vampires","floor":19,"gold_loss":0},{"damage_healed":0,"gold_gain":0,"player_choice":"Opened","damage_taken":0,"relics_obtained":["Dota2Spire:EchoSabre"],"max_hp_gain":0,"max_hp_loss":0,"event_name":"The Mausoleum","floor":25,"gold_loss":0,"cards_obtained":["Writhe"]},{"damage_healed":0,"gold_gain":0,"player_choice":"Upgrade","damage_taken":0,"max_hp_gain":0,"max_hp_loss":0,"event_name":"Designer","floor":36,"gold_loss":40,"cards_upgraded":["TheCursedMod:CollectTribute"]},{"damage_healed":0,"gold_gain":0,"player_choice":"Ignored","damage_taken":0,"max_hp_gain":0,"max_hp_loss":0,"event_name":"SecretPortal","floor":37,"gold_loss":0},{"damage_healed":0,"gold_gain":0,"player_choice":"Upgraded","damage_taken":0,"max_hp_gain":0,"max_hp_loss":0,"event_name":"Upgrade Shrine","floor":47,"gold_loss":0,"cards_upgraded":["TheCursedMod:SmokeScreen"]}],"is_beta":false,"boss_relics":[{"not_picked":["SlaversCollar","TheCursedMod:OminousMark"],"picked":"Black Star"},{"not_picked":["Empty Cage","Tiny House"],"picked":"TheCursedMod:BlackMagicAdvanced"}],"items_purged_floors":[13,13,13,13,13,13,13,13,13,28,28,48,53],"is_endless":false,"potions_floor_spawned":[1,4,10,16,24,27,29,30,38,40,41,46,54],"ascension_level":1}}