{"host":"obplhmlw33xb91v8","time":1610627437,"event":{"mods":["BaseMod","Curses Come First","Evolution","Minty Spire (QoL Compilation)","Quick Restart","Relic Stats","Spicy Shops","StSLib","Uncapped","Waifu the Spire","slay the spire mod where everything is the same but ironclad has a cowboy hat"],"gold_per_floor":[119,119,133,75,89,89,100,100,100,100,110,126,143,155,155,251,251,241,86,106,31,48,73,73,98,124,124,124,49,75,75,75,178,178,190,190,29,79,96,96,96,113,113,113,113,124,124,137,137,137,137],"floor_reached":50,"language":"ENG","playtime":1643,"items_purged":["Shame","Shame"],"score":591,"play_id":"0b5815a8-0b7c-4ef0-aca7-047a55931330","local_time":"20210114073037","is_ascension_mode":true,"campfire_choices":[{"data":"Twin Strike","floor":6,"key":"SMITH"},{"data":"True Grit","floor":8,"key":"SMITH"},{"data":"Spot Weakness","floor":10,"key":"SMITH"},{"data":"Flame Barrier","floor":15,"key":"SMITH"},{"floor":24,"key":"REST"},{"floor":28,"key":"REST"},{"floor":32,"key":"REST"},{"floor":40,"key":"REST"},{"floor":45,"key":"REST"},{"floor":47,"key":"REST"},{"floor":49,"key":"REST"}],"circlet_count":0,"master_deck":["Twin Strike","Twin Strike","Twin Strike+1","Twin Strike","Twin Strike","Defend_R","Defend_R","Defend_R","Defend_R","Bash","True Grit+1","Burning Pact","Spot Weakness+1","Feel No Pain","Flex","Flame Barrier+1","Infernal Blade","Demon Form+1","Metallicize+1","Power Through","Fire Breathing+1","Uppercut","Twin Strike+1"],"relics":["EVO:Axolotl","Cursed Key","Bottled Lightning","Fusion Hammer","PreservedInsect","Toxic Egg 2","Bottled Tornado","Tiny Chest","The Courier","Busted Crown","Frozen Egg 2","Unceasing Top"],"acts_visited":["Exordium","TheCity","TheBeyond"],"potions_floor_usage":[22,30,46],"damage_taken":[{"damage":0,"enemies":"Small Slimes","floor":1,"turns":2},{"damage":0,"enemies":"Cultist","floor":3,"turns":2},{"damage":0,"enemies":"2 Louse","floor":5,"turns":2},{"damage":18,"enemies":"Large Slime","floor":7,"turns":2},{"damage":0,"enemies":"Looter","floor":11,"turns":2},{"damage":1,"enemies":"Exordium Thugs","floor":12,"turns":3},{"damage":11,"enemies":"3 Louse","floor":13,"turns":3},{"damage":0,"enemies":"Exordium Wildlife","floor":14,"turns":1},{"damage":14,"enemies":"Hexaghost","floor":16,"turns":6},{"damage":14,"enemies":"2 Thieves","floor":18,"turns":4},{"damage":2,"enemies":"Chosen","floor":20,"turns":3},{"damage":21,"enemies":"Shelled Parasite and Fungi","floor":22,"turns":3},{"damage":24,"enemies":"Book of Stabbing","floor":23,"turns":4},{"damage":35,"enemies":"Slavers","floor":25,"turns":4},{"damage":23,"enemies":"Gremlin Leader","floor":30,"turns":4},{"damage":30,"enemies":"Champ","floor":33,"turns":9},{"damage":60,"enemies":"3 Darklings","floor":35,"turns":5},{"damage":0,"enemies":"Mind Bloom Boss Battle","floor":38,"turns":7},{"damage":18,"enemies":"3 Shapes","floor":39,"turns":4},{"damage":24,"enemies":"3 Darklings","floor":42,"turns":6},{"damage":20,"enemies":"Spire Growth","floor":46,"turns":5},{"damage":16,"enemies":"Jaw Worm Horde","floor":48,"turns":5},{"damage":91,"enemies":"Awakened One","floor":50,"turns":10}],"seed_played":"3437124541702539455","potions_obtained":[{"floor":1,"key":"ElixirPotion"},{"floor":12,"key":"Energy Potion"},{"floor":16,"key":"Regen Potion"},{"floor":23,"key":"PowerPotion"},{"floor":25,"key":"FairyPotion"},{"floor":33,"key":"Dexterity Potion"},{"floor":46,"key":"SteroidPotion"}],"is_trial":false,"path_per_floor":["M","?","M","$","M","R","M","R","T","R","M","M","M","M","R","B",null,"M","$","M","$","M","E","R","E","T","?","R","?","E","?","R","B",null,"M","T","$","?","M","R","?","M","T","T","R","M","R","M","R","B"],"character_chosen":"IRONCLAD","items_purchased":["Feel No Pain","PreservedInsect","FairyPotion"],"campfire_rested":7,"item_purchase_floors":[4,19,37],"current_hp_per_floor":[80,80,80,80,80,80,62,62,62,62,62,61,50,50,50,36,80,66,66,64,64,52,28,52,17,17,43,67,67,44,44,68,38,80,20,20,20,20,2,26,26,2,2,2,24,4,26,10,32,0,0],"gold":137,"neow_bonus":"BOSS_RELIC","is_daily":false,"chose_seed":false,"campfire_upgraded":4,"win_rate":0.0,"timestamp":1610627437,"path_taken":["M","?","M","$","M","R","M","R","T","R","?","M","M","M","R","BOSS","M","$","M","$","M","E","R","E","T","?","R","?","E","?","R","BOSS","M","?","$","?","M","R","?","?","T","?","R","M","R","M","R","BOSS"],"items_purchased_type":["Card","Relic","Potion"],"build_version":"2020-12-22","purchased_purges":2,"victory":false,"max_hp_per_floor":[80,80,80,80,80,80,80,80,80,80,80,80,80,80,80,80,80,80,80,80,80,80,80,80,80,80,80,80,80,80,80,80,80,80,80,80,80,80,80,80,76,76,76,76,76,76,76,76,76,76,76],"relic_stats":{"Busted Crown":12,"counters":[23,96],"Tiny Chest":2,"PreservedInsect":124,"Cursed Key":3,"obtain_stats":[{"PreservedInsect":19,"The Courier":30,"EVO:Axolotl":0,"Bottled Tornado":25,"Frozen Egg 2":36,"Cursed Key":0,"Burning Blood":0,"Busted Crown":34,"Tiny Chest":26,"Fusion Hammer":17,"Bottled Lightning":9,"Toxic Egg 2":23,"Unceasing Top":38},{"PreservedInsect":10,"The Courier":15,"EVO:Axolotl":0,"Bottled Tornado":14,"Frozen Egg 2":17,"Cursed Key":0,"Burning Blood":0,"Busted Crown":16,"Tiny Chest":14,"Fusion Hammer":9,"Bottled Lightning":4,"Toxic Egg 2":13,"Unceasing Top":18},{"PreservedInsect":27,"The Courier":45,"EVO:Axolotl":0,"Bottled Tornado":41,"Frozen Egg 2":59,"Cursed Key":0,"Burning Blood":0,"Busted Crown":54,"Tiny Chest":41,"Fusion Hammer":23,"Bottled Lightning":8,"Toxic Egg 2":37,"Unceasing Top":66}],"Unceasing Top":[30]},"card_choices":[{"not_picked":["Searing Blow","Havoc"],"picked":"True Grit","floor":1},{"not_picked":["True Grit","Iron Wave"],"picked":"Spot Weakness","floor":3},{"not_picked":["Hemokinesis","Body Slam","Cleave"],"picked":"SKIP","floor":5},{"not_picked":["Warcry","Ghostly Armor"],"picked":"Flex","floor":7},{"not_picked":["Flex","Hemokinesis","True Grit"],"picked":"SKIP","floor":11},{"not_picked":["Burning Pact","Combust","Anger"],"picked":"SKIP","floor":12},{"not_picked":["Rage","Entrench"],"picked":"Flame Barrier","floor":13},{"not_picked":["Bloodletting","Thunderclap"],"picked":"Infernal Blade","floor":14},{"not_picked":["Immolate","Reaper"],"picked":"Demon Form","floor":16},{"not_picked":["Anger","Heavy Blade","Cleave"],"picked":"SKIP","floor":18},{"not_picked":["Inflame","Clash"],"picked":"Metallicize+1","floor":20},{"not_picked":["Wild Strike","Havoc"],"picked":"Power Through","floor":22},{"not_picked":["Dropkick+1","Wild Strike+1"],"picked":"Fire Breathing+1","floor":23},{"not_picked":["Heavy Blade","Second Wind+1","Twin Strike+1"],"picked":"SKIP","floor":25},{"not_picked":["Combust","Armaments+1"],"picked":"Uppercut","floor":30},{"not_picked":["Perfected Strike"],"picked":"SKIP","floor":35},{"not_picked":["Iron Wave"],"picked":"SKIP","floor":39},{"not_picked":["Evolve+1"],"picked":"SKIP","floor":42},{"not_picked":["Thunderclap"],"picked":"SKIP","floor":46},{"not_picked":[],"picked":"Twin Strike+1","floor":48}],"player_experience":176251,"relics_obtained":[{"floor":9,"key":"Bottled Lightning"},{"floor":23,"key":"Toxic Egg 2"},{"floor":25,"key":"Bottled Tornado"},{"floor":26,"key":"Tiny Chest"},{"floor":30,"key":"The Courier"},{"floor":36,"key":"Frozen Egg 2"},{"floor":38,"key":"Unceasing Top"}],"event_choices":[{"damage_healed":0,"gold_gain":0,"player_choice":"1 cards matched","damage_taken":0,"max_hp_gain":0,"max_hp_loss":0,"event_name":"Match and Keep!","floor":2,"gold_loss":0,"cards_obtained":["Burning Pact"]},{"damage_healed":26,"gold_gain":0,"player_choice":"Heal","damage_taken":0,"max_hp_gain":0,"max_hp_loss":0,"event_name":"The Library","floor":27,"gold_loss":0},{"cards_removed":["Doubt"],"damage_healed":0,"gold_gain":0,"player_choice":"Gave Gold","damage_taken":0,"max_hp_gain":0,"max_hp_loss":0,"event_name":"Beggar","floor":29,"gold_loss":75},{"damage_healed":0,"gold_gain":0,"player_choice":"Upgraded","damage_taken":0,"max_hp_gain":0,"max_hp_loss":0,"event_name":"Upgrade Shrine","floor":31,"gold_loss":0,"cards_upgraded":["Demon Form"]},{"damage_healed":0,"gold_gain":0,"player_choice":"Fight","damage_taken":0,"max_hp_gain":0,"max_hp_loss":0,"event_name":"MindBloom","floor":38,"gold_loss":0},{"damage_healed":0,"gold_gain":0,"player_choice":"Max HP","damage_taken":0,"max_hp_gain":0,"max_hp_loss":4,"event_name":"Winding Halls","floor":41,"gold_loss":0}],"is_beta":false,"boss_relics":[{"not_picked":["Runic Pyramid","Black Star"],"picked":"Fusion Hammer"},{"not_picked":["Astrolabe","Empty Cage"],"picked":"Busted Crown"}],"items_purged_floors":[21,37],"is_endless":false,"potions_floor_spawned":[1,12,16,18,23,25,33,39,46],"killed_by":"Awakened One","ascension_level":3}}