{"host":"d9m9v0h6vo0edadb","time":1610604779,"event":{"mods":["BaseMod","Hermit","Keyboard Shortcuts","Minty Spire (QoL Compilation)","StSLib","SuperFastMode","The Cursed"],"gold_per_floor":[117,117,43,143,157,157,172,198,198,221,235,79,79,113,113,113,113],"floor_reached":16,"language":"KOR","playtime":214,"items_purged":["Defend_P"],"score":200,"play_id":"90e7e0b3-974c-4313-b9cd-30dd9a97b910","local_time":"20210114151259","is_ascension_mode":true,"campfire_choices":[{"data":"Eruption","floor":6.0,"key":"SMITH"},{"floor":15,"key":"REST"}],"circlet_count":0,"master_deck":["AscendersBane","Strike_P","Strike_P","Strike_P","Strike_P","Defend_P","Defend_P","Defend_P","Eruption+1","Vigilance","EmptyFist","TalkToTheHand","Halt","Adaptation","CutThroughFate","Finesse","Ragnarok"],"relics":["PureWater","Yang","HornCleat","Regal Pillow","Bronze Scales"],"acts_visited":["Exordium"],"potions_floor_usage":[14],"damage_taken":[{"damage":4.0,"enemies":"Jaw Worm","floor":1.0,"turns":4.0},{"damage":6.0,"enemies":"Cultist","floor":5.0,"turns":3.0},{"damage":0.0,"enemies":"Small Slimes","floor":7.0,"turns":3.0},{"damage":35.0,"enemies":"3 Sentries","floor":8.0,"turns":8.0},{"damage":12.0,"enemies":"3 Louse","floor":11.0,"turns":3.0},{"damage":0,"enemies":"Gremlin Nob","floor":14,"turns":4},{"damage":28,"enemies":"Slime Boss","floor":16,"turns":6}],"seed_played":"7196012788839495928","potions_obtained":[{"floor":5.0,"key":"ColorlessPotion"},{"floor":11.0,"key":"SkillPotion"}],"is_trial":false,"path_per_floor":["M","?","$","?","M","R","M","E","T","T","M","$","?","E","R","B"],"character_chosen":"WATCHER","items_purchased":["TalkToTheHand","Finesse"],"campfire_rested":1,"item_purchase_floors":[3,12],"current_hp_per_floor":[68,68,68,68,62,62,62,27,27,27,15,15,15,15,53,25,25],"gold":113,"neow_bonus":"TEN_PERCENT_HP_BONUS","is_daily":false,"chose_seed":false,"campfire_upgraded":1,"win_rate":0.0,"timestamp":1610604779,"path_taken":["M","?","$","?","M","R","?","E","T","?","M","$","?","E","R","BOSS"],"items_purchased_type":["Card","Card"],"build_version":"2020-12-22","purchased_purges":1,"victory":false,"max_hp_per_floor":[79,79,79,79,79,79,79,79,79,79,79,79,79,79,79,79,79],"card_choices":[{"not_picked":["CrushJoints","EmptyBody"],"picked":"EmptyFist","floor":1.0},{"not_picked":["Weave","Conclude"],"picked":"Halt","floor":5.0},{"not_picked":["ThirdEye","SashWhip"],"picked":"Adaptation","floor":7.0},{"not_picked":["Evaluate","ThirdEye"],"picked":"CutThroughFate","floor":8.0},{"not_picked":["BowlingBash","Worship","Crescendo"],"picked":"SKIP","floor":11.0},{"not_picked":["Pray","JustLucky"],"picked":"Ragnarok","floor":14}],"player_experience":969102,"relics_obtained":[{"floor":8.0,"key":"Yang"},{"floor":9.0,"key":"HornCleat"},{"floor":10.0,"key":"Regal Pillow"},{"floor":14,"key":"Bronze Scales"}],"event_choices":[{"damage_healed":0.0,"max_hp_gain":0.0,"max_hp_loss":0.0,"gold_gain":0.0,"event_name":"Liars Game","player_choice":"Ignored","floor":2.0,"gold_loss":0.0,"damage_taken":0.0},{"damage_healed":0.0,"max_hp_gain":0.0,"max_hp_loss":0.0,"gold_gain":100.0,"event_name":"Golden Shrine","player_choice":"Pray","floor":4.0,"gold_loss":0.0,"damage_taken":0.0},{"damage_healed":0.0,"max_hp_gain":0.0,"max_hp_loss":0.0,"gold_gain":0.0,"event_name":"Scrap Ooze","player_choice":"Fled","floor":13.0,"gold_loss":0.0,"damage_taken":0.0}],"is_beta":false,"boss_relics":[],"items_purged_floors":[12],"is_endless":false,"potions_floor_spawned":[5,11],"killed_by":"Slime Boss","ascension_level":10}}