{"host":"qvm8mnkwg7phaqzl","time":1610593108,"event":{"mods":["2.2 Compatiblity","Act Like it!","Aspiration","Astrologer","Bard","BaseMod","Beaked The Cultist","Better Altar","Better Match","Better Note","Better Sensory Stone","Better Skull","Better Third Choice","CCEM","CapriCore","CatGirl Mod","Chen","Colored Map","Colored Powertips","Conspire","DeckTracker","Downfall","Elementarium","Friendly Minions","Gensokyo","GifTheSpireLib","Gremlin Mod","Halation","Hermit","Hubris","Koishi","Marisa（霧雨　魔理沙）","Marked Mod","Mathematician","Minty Spire (QoL Compilation)","Onozuka Komachi Mod","Potionbrewer","Random Character Button","Rare Cards Sparkle","Reimu（博??梦）","Replay The Spire","Shade Mod","Somnambulant","StSLib","The Accelerator","The Administrix","The Alterego","The Blackbeard","The Bladedancer","The Bug Knight","The Caster","The Construct","The Cursed","The Disciple","The Dragon Tamer","The Druid","The Elementalist","The Factory","The Florist","The Forsaken","The Gatherer","The Hierophant","The Immortal","The Judge","The Juggle","The Jungle","The Marked","The Mystic","The Necromancer","The Poker Player","The Problem Sleuth","The Runesmith","The Sage","The Servant 0.9.4","The Spell Scribe","The Valiant","The Witch","TheArtist","TheBandit","TheFirefly","Wandering Minibosses","Yakumo Yukari mod","Yuyuko","vexMod","yUi"],"gold_per_floor":[113,113,137,51,70,70,98,98,98,98,98,98,98,132,144,161,161,259,259,271,271,271,282,38,68,78,107,133,133,161,185,199,199],"floor_reached":32,"language":"ENG","playtime":3463,"items_purged":[],"score":388,"play_id":"09ce476d-da04-46be-8b75-d665dfd91d91","local_time":"20210113205828","is_ascension_mode":false,"campfire_choices":[{"data":"caster:Barbroot","floor":6,"key":"SMITH"},{"data":"caster:JupitelThunder","floor":13,"key":"SMITH"},{"data":"caster:MagicResonance","floor":17,"key":"SMITH"},{"data":"hubris:EnhanceAbility","floor":29,"key":"SMITH"}],"circlet_count":0,"master_deck":["caster:Meteor","caster:DivertFocus","conspire:GhostlyStrike","conspire:GhostlyStrike","conspire:GhostlyStrike","conspire:GhostlyStrike","conspire:GhostlyDefend","conspire:GhostlyDefend","conspire:GhostlyDefend","conspire:GhostlyDefend","conspire:GhostlyDefend","caster:JupitelThunder+1","caster:FrostDriver","caster:Barbroot+1","caster:FrostDriver","caster:Fira+1","caster:MagicResonance+1","caster:IzanagisObdurance+1","caster:SpontaneousCombustion","wanderingMiniBosses:FinaleOfPromise","caster:LordOfVermillion","hubris:EnhanceAbility+1","caster:MagicAttunement","caster:Sandstorm"],"relics":["caster:MagicBook","NeowsBlessing","CCEMRelics:Pendulum","hubris:DeckOfHolding","Replay:Ringing Soul","hubris:Towel","CCEMRelics:FryingPan","hubris:TerracottaHorce","Bottled Tornado","Replay:Bandana","MealTicket"],"acts_visited":["Exordium","TheCity"],"potions_floor_usage":[25,26,27,32],"damage_taken":[{"damage":0,"enemies":"Jaw Worm","floor":1,"turns":1},{"damage":4,"enemies":"Small Slimes","floor":5,"turns":1},{"damage":0,"enemies":"HollowMod:MossKnight","floor":7,"turns":1},{"damage":12,"enemies":"Gremlin Nob","floor":14,"turns":3},{"damage":4,"enemies":"Cultist","floor":15,"turns":2},{"damage":11,"enemies":"Lots of Slimes","floor":16,"turns":5},{"damage":44,"enemies":"Hexaghost","floor":18,"turns":10},{"damage":8,"enemies":"3 Byrds","floor":20,"turns":7},{"damage":9,"enemies":"Shell Parasite","floor":23,"turns":4},{"damage":23,"enemies":"conspire:Head Lice","floor":25,"turns":8},{"damage":1,"enemies":"Centurion and Healer","floor":26,"turns":6},{"damage":1,"enemies":"Replay:Snechameleon","floor":27,"turns":9},{"damage":8,"enemies":"Snecko","floor":30,"turns":5},{"damage":18,"enemies":"Sentry and Sphere","floor":31,"turns":7},{"damage":46,"enemies":"Book of Stabbing","floor":32,"turns":7}],"seed_played":"1319150645934692739","potions_obtained":[{"floor":7,"key":"Elixir"},{"floor":18,"key":"Swift Potion"},{"floor":23,"key":"Block Potion"},{"floor":25,"key":"potionbrewer:CleansingPotion"},{"floor":31,"key":"ColorlessPotion"}],"is_trial":false,"path_per_floor":["M","?","T","$","M","R","E","PTL","PTL","?","T","?","R","E","M","M","R","B",null,"M","?","?","M","$","E","M","E","T","R","M","M","E"],"character_chosen":"THE_CASTER","items_purchased":["caster:FrostDriver","caster:Barbroot","hubris:EnhanceAbility","caster:MagicAttunement"],"campfire_rested":0,"item_purchase_floors":[4,4,24,24],"current_hp_per_floor":[64,64,64,64,60,60,60,60,60,60,60,60,60,56,52,43,43,13,56,51,51,54,48,51,35,41,52,52,52,51,38,0,0],"gold":199,"neow_bonus":"THREE_ENEMY_KILL","is_daily":false,"chose_seed":false,"campfire_upgraded":4,"win_rate":0.0,"timestamp":1610593108,"path_taken":["M","?","?","$","M","R","E","PTL","PTL","?","T","?","R","E","M","M","R","BOSS","M","?","?","M","$","E","?","E","T","R","M","M","E"],"items_purchased_type":["Card","Card","Card","Card"],"build_version":"2020-12-22","purchased_purges":0,"victory":false,"max_hp_per_floor":[64,64,64,64,64,64,64,64,64,64,64,64,64,67,67,67,67,70,70,73,73,76,79,82,85,85,85,85,85,85,85,85,85],"card_choices":[{"not_picked":["caster:Cryogenesis","caster:ShivasGrace"],"picked":"caster:JupitelThunder","floor":1},{"not_picked":["caster:LAZER","caster:FlashSpeed","caster:QuickCast"],"picked":"SKIP","floor":5},{"not_picked":["caster:Surge","caster:StaticField"],"picked":"caster:FrostDriver","floor":7},{"not_picked":["caster:Incantation","caster:Enfeeble"],"picked":"caster:MagicResonance","floor":14},{"not_picked":["caster:AshesToAshes","caster:Charge","caster:MagicWeapon"],"picked":"SKIP","floor":15},{"not_picked":["caster:Fissure","caster:FlashFrost","caster:JupitelThunder"],"picked":"SKIP","floor":16},{"not_picked":["caster:Demi","caster:ShortenedChant"],"picked":"caster:IzanagisObdurance","floor":18},{"not_picked":["caster:Sleet+1","caster:GlacialShield"],"picked":"caster:SpontaneousCombustion","floor":20},{"not_picked":["caster:FrostDriver+1","caster:IcicleLance"],"picked":"caster:LordOfVermillion","floor":23},{"not_picked":["caster:LightningBolt+1","caster:MagicBarrier"],"picked":"caster:Sandstorm","floor":25},{"not_picked":["caster:AshesToAshes+1","caster:Enfeeble","caster:Sultry"],"picked":"SKIP","floor":26},{"not_picked":["caster:NaturalChaos","caster:LAZER","caster:Incantation"],"picked":"SKIP","floor":27},{"not_picked":["caster:NaturalChaos","caster:LAZER","caster:Incantation"],"picked":"SKIP","floor":27},{"not_picked":["caster:FireWall","caster:FlashFrost+1","caster:DiamondDust"],"picked":"SKIP","floor":30},{"not_picked":["caster:Enfeeble+1","caster:LightningBolt","caster:FrigidBeam"],"picked":"SKIP","floor":31}],"player_experience":754385,"relics_obtained":[{"floor":3,"key":"CCEMRelics:Pendulum"},{"floor":7,"key":"hubris:DeckOfHolding"},{"floor":11,"key":"Replay:Ringing Soul"},{"floor":14,"key":"CCEMRelics:FryingPan"},{"floor":25,"key":"Bottled Tornado"},{"floor":27,"key":"Replay:Bandana"},{"floor":28,"key":"MealTicket"}],"event_choices":[{"damage_healed":0,"gold_gain":0,"player_choice":"Agree","damage_taken":0,"max_hp_gain":0,"max_hp_loss":0,"event_name":"conspire:LoneGhost","floor":2,"gold_loss":0},{"damage_healed":0,"gold_gain":0,"player_choice":"Upgraded","damage_taken":0,"max_hp_gain":0,"max_hp_loss":0,"event_name":"Upgrade Shrine","floor":21,"gold_loss":0,"cards_upgraded":["caster:IzanagisObdurance"]},{"cards_removed":["caster:IzanagisObdurance"],"damage_healed":0,"gold_gain":0,"player_choice":"Take \u0026 Give","damage_taken":0,"max_hp_gain":0,"max_hp_loss":0,"event_name":"betterNote:BetterNote","floor":22,"gold_loss":0,"cards_obtained":["wanderingMiniBosses:FinaleOfPromise"]}],"is_beta":false,"boss_relics":[{"not_picked":["aspiration:SecretTechniqueScroll","Astrolabe"],"picked":"hubris:TerracottaHorce"}],"items_purged_floors":[],"is_endless":false,"potions_floor_spawned":[7,18,23,25,31],"killed_by":"Book of Stabbing","ascension_level":0}}