{"host":"Connor","time":1610644500,"event":{"mods":["Aspiration","BaseMod","Downfall","Hubris","Marisa????????","Minty Spire (QoL Compilation)","Replay The Spire","StSLib","The Cursed","The Jungle","The Servant 0.9.4"],"gold_per_floor":[366,366,6,6,20,20,35,73,96,96,96,96,96,116,116,116,116],"floor_reached":16,"language":"ENG","playtime":490,"items_purged":[],"score":191,"play_id":"68c4d364-9581-4cd8-a04c-b9e05b533add","local_time":"20210114091500","is_ascension_mode":true,"campfire_choices":[{"data":"Armaments","floor":6,"key":"SMITH"},{"floor":11,"key":"REST"},{"floor":13,"key":"REST"},{"floor":15,"key":"RECALL"}],"circlet_count":0,"master_deck":["AscendersBane","Strike_R","Strike_R","Strike_R","Strike_R","Strike_R","Defend_R+1","Defend_R+1","Defend_R+1","Defend_R+1","Bash","Ghostly Armor","Armaments+1","Shrug It Off","Seeing Red","Sword Boomerang","Pot Of Greed","Pot Of Greed","Injury","Metallicize+1"],"relics":["Burning Blood","Golden Idol","hubris:CuriousFeather","Replay:Bottled Eggs","Grinning Jar","Frozen Egg 2","hubris:Towel"],"acts_visited":["Exordium"],"potions_floor_usage":[8,8],"damage_taken":[{"damage":5,"enemies":"2 Louse","floor":1,"turns":4},{"damage":0,"enemies":"Small Slimes","floor":5,"turns":4},{"damage":6,"enemies":"Cultist","floor":7,"turns":4},{"damage":55,"enemies":"Lagavulin","floor":8,"turns":14},{"damage":7,"enemies":"3 Louse","floor":14,"turns":5},{"damage":59,"enemies":"Hexaghost","floor":16,"turns":14}],"seed_played":"6724033443699125254","potions_obtained":[{"floor":1,"key":"Weak Potion"},{"floor":7,"key":"Ancient Potion"}],"is_trial":false,"path_per_floor":["M","?","$","?","M","R","M","E","T","?","R","?","R","M","R","B"],"character_chosen":"IRONCLAD","items_purchased":["hubris:CuriousFeather","Armaments"],"campfire_rested":2,"item_purchase_floors":[3,3],"current_hp_per_floor":[69,68,68,68,68,68,68,19,19,19,39,39,59,58,58,0,0],"gold":116,"neow_bonus":"TWO_FIFTY_GOLD","is_daily":false,"chose_seed":false,"campfire_upgraded":1,"win_rate":0.0,"timestamp":1610644500,"path_taken":["M","?","$","?","M","R","?","E","T","?","R","?","R","M","R","BOSS"],"items_purchased_type":["Relic","Card"],"build_version":"2020-12-18","purchased_purges":0,"victory":false,"max_hp_per_floor":[75,68,68,68,68,68,68,68,68,68,68,68,68,68,68,68,68],"card_choices":[{"not_picked":["hubris:SharpeningStone","Pummel"],"picked":"Ghostly Armor","floor":1},{"not_picked":["Heavy Blade","Pommel Strike"],"picked":"Shrug It Off","floor":5},{"not_picked":["Pommel Strike","Searing Blow"],"picked":"Seeing Red","floor":7},{"not_picked":["Abandon","ReplayReversal"],"picked":"Sword Boomerang","floor":8},{"not_picked":["ReplayTheSpireMod:Strike From Hell","Defy Death"],"picked":"Metallicize+1","floor":14}],"player_experience":636305,"relics_obtained":[{"floor":8,"key":"Replay:Bottled Eggs"},{"floor":9,"key":"Grinning Jar"}],"event_choices":[{"damage_healed":0,"gold_gain":0,"player_choice":"Lose Max HP","damage_taken":0,"relics_obtained":["Golden Idol"],"max_hp_gain":0,"max_hp_loss":7,"event_name":"Golden Idol","floor":2,"gold_loss":0},{"cards_removed":["hubris:Gluttony"],"damage_healed":0,"gold_gain":0,"player_choice":"Purged","damage_taken":0,"max_hp_gain":0,"max_hp_loss":0,"event_name":"Purifier","floor":4,"gold_loss":0}],"is_beta":true,"boss_relics":[],"items_purged_floors":[],"is_endless":false,"potions_floor_spawned":[1,7],"killed_by":"Hexaghost","ascension_level":19}}