{"host":"q1tlngmkbyqa4avn","time":1610663719,"event":{"mods":["BaseMod","Curses Come First","Hermit","Minty Spire (QoL Compilation)","Rare Cards Sparkle","StSLib"],"gold_per_floor":[113,129,129,144,158,185,185,218,218,218,70,85,85,120,120,221,221,233,233,252,72,72,72,83,83,106,106,134,150,150,175,175,180,180],"floor_reached":33,"language":"ENG","playtime":1256,"items_purged":["hermit:Defend_Hermit"],"score":399,"play_id":"ef1cd1be-3818-4258-8d0a-2655fdd9fd9e","local_time":"20210114173519","is_ascension_mode":true,"campfire_choices":[{"data":"hermit:Glare","floor":7.0,"key":"SMITH"},{"data":"hermit:Roulette","floor":15.0,"key":"SMITH"},{"data":"Apotheosis","floor":23.0,"key":"SMITH"},{"floor":25.0,"key":"REST"},{"floor":32,"key":"REST"}],"circlet_count":0,"master_deck":["hermit:Strike_Hermit","hermit:Defend_Hermit","hermit:Defend_Hermit","hermit:Snapshot","hermit:Covet","hermit:Misfire","hermit:Roulette+1","hermit:Glare+1","hermit:HoleUp","hermit:Feint","hermit:Gestalt","hermit:PistolWhip","Parasite","hermit:Dive","hermit:HeroicBravado","hermit:Desperado+1","hermit:LoneWolf+1","hermit:Brawl+1","hermit:Vantage+1","Apotheosis+1","hermit:HeroicBravado","hermit:Scavenge","hermit:Dive+1","hermit:Roulette","hermit:Ricochet"],"relics":["hermit:Momento","Akabeko","MealTicket","Sundial","Du-Vu Doll","Bird Faced Urn","Astrolabe","Anchor","Potion Belt"],"acts_visited":["Exordium","TheCity"],"potions_floor_usage":[28,33],"damage_taken":[{"damage":4.0,"enemies":"Jaw Worm","floor":1.0,"turns":3.0},{"damage":0.0,"enemies":"Cultist","floor":2.0,"turns":2.0},{"damage":0.0,"enemies":"Small Slimes","floor":4.0,"turns":3.0},{"damage":0.0,"enemies":"Blue Slaver","floor":5.0,"turns":1.0},{"damage":20.0,"enemies":"Lagavulin","floor":6.0,"turns":4.0},{"damage":8.0,"enemies":"Gremlin Nob","floor":8.0,"turns":3.0},{"damage":0.0,"enemies":"Large Slime","floor":12.0,"turns":2.0},{"damage":5.0,"enemies":"3 Sentries","floor":14.0,"turns":5.0},{"damage":1.0,"enemies":"Slime Boss","floor":16.0,"turns":6.0},{"damage":60.0,"enemies":"3 Byrds","floor":18.0,"turns":7.0},{"damage":9.0,"enemies":"Shell Parasite","floor":20.0,"turns":5.0},{"damage":5.0,"enemies":"Snake Plant","floor":24.0,"turns":5.0},{"damage":29,"enemies":"Gremlin Leader","floor":28,"turns":11},{"damage":6,"enemies":"Snecko","floor":29,"turns":6},{"damage":23,"enemies":"Cultist and Chosen","floor":31,"turns":8},{"damage":33,"enemies":"Automaton","floor":33,"turns":10}],"seed_played":"8036250733405604170","potions_obtained":[{"floor":1.0,"key":"SteroidPotion"},{"floor":2.0,"key":"DuplicationPotion"},{"floor":6.0,"key":"Block Potion"},{"floor":12.0,"key":"Ancient Potion"},{"floor":14.0,"key":"EssenceOfSteel"},{"floor":18.0,"key":"AttackPotion"},{"floor":29,"key":"Dexterity Potion"}],"is_trial":false,"path_per_floor":["M","M","?","M","M","E","R","E","T","?","$","M","?","E","R","B",null,"M","$","M","$","?","R","M","R","T","?","E","M","?","M","R","B"],"character_chosen":"HERMIT","items_purchased":["hermit:Gestalt","Apotheosis"],"campfire_rested":2,"item_purchase_floors":[11,21],"current_hp_per_floor":[64,64,64,64,64,44,44,36,36,36,51,51,69,64,64,63,72,12,27,20,35,35,35,32,54,54,54,27,23,23,2,24,0,0],"gold":180,"neow_bonus":"RANDOM_COMMON_RELIC","is_daily":false,"chose_seed":false,"campfire_upgraded":3,"win_rate":0.0,"timestamp":1610663719,"path_taken":["M","M","?","M","?","E","R","E","T","?","$","M","?","E","R","BOSS","M","$","M","$","?","R","?","R","T","?","E","M","?","M","R","BOSS"],"items_purchased_type":["Card","Card"],"build_version":"2020-12-22","purchased_purges":1,"victory":false,"max_hp_per_floor":[75,75,75,75,75,75,75,75,75,75,75,75,75,75,75,75,75,75,75,75,75,75,75,75,75,75,75,75,75,75,75,75,75,75],"card_choices":[{"not_picked":["hermit:Shortfuse","hermit:Glare"],"picked":"hermit:Misfire","floor":1.0},{"not_picked":["hermit:Enervate","hermit:GhostlyPresence"],"picked":"hermit:Roulette","floor":2.0},{"not_picked":["hermit:Deadeye","hermit:Headshot"],"picked":"hermit:Glare","floor":4.0},{"not_picked":["hermit:LowProfile","hermit:TrackingShot","hermit:HighCaliber"],"picked":"SKIP","floor":5.0},{"not_picked":["hermit:Reprieve","hermit:Roulette"],"picked":"hermit:HoleUp","floor":6.0},{"not_picked":["hermit:Combo","hermit:BodyArmor"],"picked":"hermit:Feint","floor":8.0},{"not_picked":["hermit:Ricochet","hermit:BodyArmor"],"picked":"hermit:PistolWhip","floor":12.0},{"not_picked":["hermit:Misfire","hermit:Ricochet"],"picked":"hermit:Dive","floor":14.0},{"not_picked":["hermit:OverwhelmingPower","hermit:FatalDesire"],"picked":"hermit:HeroicBravado","floor":16.0},{"not_picked":["hermit:Vantage+1","hermit:Spite","hermit:Coalescence"],"picked":"SKIP","floor":18.0},{"not_picked":["hermit:Spite","hermit:Coalescence"],"picked":"hermit:Vantage+1","floor":18.0},{"not_picked":["hermit:Malice","hermit:LowProfile","hermit:TakeCover"],"picked":"SKIP","floor":20.0},{"not_picked":["hermit:Feint","hermit:Glare+1"],"picked":"hermit:Scavenge","floor":24.0},{"not_picked":["hermit:Snipe","hermit:Misfire","hermit:HoleUp+1"],"picked":"SKIP","floor":28},{"not_picked":["hermit:FinalCanter","hermit:Vantage"],"picked":"hermit:Dive+1","floor":29},{"not_picked":["hermit:ItchyTrigger+1","hermit:Deadeye"],"picked":"hermit:Ricochet","floor":31}],"player_experience":994928,"relics_obtained":[{"floor":6.0,"key":"MealTicket"},{"floor":8.0,"key":"Sundial"},{"floor":9.0,"key":"Du-Vu Doll"},{"floor":14.0,"key":"Bird Faced Urn"},{"floor":26.0,"key":"Anchor"},{"floor":28,"key":"Potion Belt"}],"event_choices":[{"cards_removed":["hermit:Strike_Hermit"],"damage_healed":0.0,"max_hp_gain":0.0,"max_hp_loss":0.0,"gold_gain":0.0,"event_name":"Purifier","player_choice":"Purged","floor":3.0,"gold_loss":0.0,"damage_taken":0.0},{"damage_healed":0.0,"max_hp_gain":0.0,"max_hp_loss":0.0,"gold_gain":0.0,"event_name":"Dead Adventurer","player_choice":"Searched \u00270\u0027 times","floor":10.0,"gold_loss":0.0,"damage_taken":0.0},{"damage_healed":18.0,"max_hp_gain":0.0,"max_hp_loss":0.0,"gold_gain":0.0,"event_name":"Mushrooms","player_choice":"Healed and dodged fight","floor":13.0,"gold_loss":0.0,"damage_taken":0.0,"cards_obtained":["Parasite"]},{"damage_healed":0.0,"max_hp_gain":0.0,"max_hp_loss":0.0,"gold_gain":0.0,"event_name":"Duplicator","player_choice":"Copied","floor":22.0,"gold_loss":0.0,"damage_taken":0.0,"cards_obtained":["hermit:HeroicBravado"]},{"damage_healed":0,"gold_gain":0,"player_choice":"Ignored","damage_taken":0,"max_hp_gain":0,"max_hp_loss":0,"event_name":"Beggar","floor":27,"gold_loss":0},{"damage_healed":0,"gold_gain":0,"player_choice":"Read","damage_taken":0,"max_hp_gain":0,"max_hp_loss":0,"event_name":"The Library","floor":30,"gold_loss":0,"cards_obtained":["hermit:Roulette"]}],"is_beta":false,"boss_relics":[{"not_picked":["SacredBark","hermit:BartenderGlass"],"picked":"Astrolabe"}],"items_purged_floors":[11],"is_endless":false,"potions_floor_spawned":[1,2,6,12,14,18,29],"killed_by":"Automaton","ascension_level":8}}