{"host":"c936que3p8rnl5ii","time":1610594844,"event":{"mods":["AchievementEnabler","BaseMod","Block Reminder","Colored Powertips","DeckTracker","Minty Spire (QoL Compilation)","Quick Restart","StSLib"],"gold_per_floor":[116,33,33,43,43,43,61,81,81,101,118,118,131,150,150,245,245,230,230,282,301,33,33,33],"floor_reached":23,"language":"ENG","playtime":1343,"items_purged":["Regret"],"score":185,"play_id":"1dade5d7-ddf0-4161-a35e-2b094b3c0031","local_time":"20210113222724","is_ascension_mode":false,"campfire_choices":[{"data":"Enlightenment","floor":6.0,"key":"SMITH"},{"data":"Zap","floor":12.0,"key":"SMITH"},{"floor":15.0,"key":"REST"}],"circlet_count":0,"master_deck":["Strike_B+1","Strike_B+1","Strike_B+1","Strike_B+1","Defend_B+1","Defend_B+1","Defend_B+1","Defend_B+1","Zap+1","Dualcast","Enlightenment+1","Coolheaded","Compile Driver","Sunder","Leap","Leap","Hello World","White Noise","Machine Learning","Doom and Gloom","Turbo","Conserve Battery"],"relics":["Cracked Core","NeowsBlessing","Question Card","Regal Pillow","Coffee Dripper","Toy Ornithopter","Bag of Marbles"],"acts_visited":["Exordium","TheCity"],"potions_floor_usage":[23],"damage_taken":[{"damage":0.0,"enemies":"Cultist","floor":1.0,"turns":1.0},{"damage":0.0,"enemies":"Jaw Worm","floor":4.0,"turns":1.0},{"damage":0.0,"enemies":"2 Louse","floor":7.0,"turns":1.0},{"damage":4.0,"enemies":"Exordium Wildlife","floor":8.0,"turns":3.0},{"damage":0.0,"enemies":"Red Slaver","floor":10.0,"turns":1.0},{"damage":8.0,"enemies":"2 Fungi Beasts","floor":11.0,"turns":4.0},{"damage":14.0,"enemies":"Exordium Thugs","floor":13.0,"turns":3.0},{"damage":5.0,"enemies":"Blue Slaver","floor":14.0,"turns":4.0},{"damage":23.0,"enemies":"Slime Boss","floor":16.0,"turns":10.0},{"damage":14.0,"enemies":"2 Thieves","floor":18.0,"turns":4.0},{"damage":9.0,"enemies":"Spheric Guardian","floor":21.0,"turns":4.0},{"damage":57,"enemies":"Slavers","floor":23,"turns":4}],"seed_played":"-1653844942019823419","potions_obtained":[{"floor":4.0,"key":"EntropicBrew"},{"floor":7.0,"key":"DistilledChaos"},{"floor":8.0,"key":"Swift Potion"},{"floor":14.0,"key":"SpeedPotion"}],"is_trial":false,"path_per_floor":["M","$","?","M","?","R","M","M","T","M","M","R","M","M","R","B",null,"M","?","T","M","$","E"],"character_chosen":"DEFECT","items_purchased":["Enlightenment","Bag of Marbles","Conserve Battery"],"campfire_rested":1,"item_purchase_floors":[2,22,22],"current_hp_per_floor":[75,75,75,75,75,75,75,71,71,71,63,63,49,44,75,52,75,61,61,61,52,52,0,0],"gold":33,"neow_bonus":"THREE_ENEMY_KILL","is_daily":false,"chose_seed":false,"campfire_upgraded":2,"win_rate":0.0,"timestamp":1610594844,"path_taken":["M","$","?","M","?","R","?","M","T","M","M","R","M","M","R","BOSS","M","?","?","?","?","E"],"items_purchased_type":["Card","Relic","Card"],"build_version":"2020-12-22","purchased_purges":1,"victory":false,"max_hp_per_floor":[75,75,75,75,75,75,75,75,75,75,75,75,75,75,75,75,75,75,75,75,75,75,75,75],"card_choices":[{"not_picked":["Stack","Cold Snap"],"picked":"Loop","floor":1.0},{"not_picked":["Go for the Eyes","Capacitor","Barrage"],"picked":"Coolheaded","floor":4.0},{"not_picked":["Ball Lightning","Beam Cell","Gash"],"picked":"Compile Driver","floor":7.0},{"not_picked":["Hologram","Leap","Steam"],"picked":"Sunder","floor":8.0},{"not_picked":["Beam Cell","Rebound","Double Energy"],"picked":"Leap","floor":10.0},{"not_picked":["Cold Snap","Hologram","Turbo"],"picked":"Leap","floor":11.0},{"not_picked":["Multi-Cast","Undo","Leap"],"picked":"Hello World","floor":13.0},{"not_picked":["Steam","Sunder","Ball Lightning"],"picked":"White Noise","floor":14.0},{"not_picked":["Core Surge","Hyperbeam","Thunder Strike"],"picked":"Machine Learning","floor":16.0},{"not_picked":["Reinforced Body+1","Barrage","Compile Driver"],"picked":"Doom and Gloom","floor":18.0},{"not_picked":["Glacier","Consume+1","Genetic Algorithm"],"picked":"Turbo","floor":21.0}],"player_experience":119304,"relics_obtained":[{"floor":9.0,"key":"Regal Pillow"},{"floor":20.0,"key":"Toy Ornithopter"}],"event_choices":[{"damage_healed":0.0,"max_hp_gain":0.0,"max_hp_loss":0.0,"gold_gain":0.0,"event_name":"Big Fish","player_choice":"Box","floor":3.0,"gold_loss":0.0,"damage_taken":0.0,"relics_obtained":["Question Card"],"cards_obtained":["Regret"]},{"cards_removed":["Loop"],"damage_healed":0.0,"max_hp_gain":0.0,"max_hp_loss":0.0,"gold_gain":0.0,"event_name":"Bonfire Elementals","player_choice":"Offered Uncommon","floor":5.0,"gold_loss":0.0,"damage_taken":0.0},{"damage_healed":0.0,"max_hp_gain":0.0,"max_hp_loss":0.0,"gold_gain":0.0,"event_name":"Back to Basics","player_choice":"Simplicity","floor":19.0,"gold_loss":0.0,"damage_taken":0.0,"cards_upgraded":["Strike_B","Strike_B","Strike_B","Strike_B","Defend_B","Defend_B","Defend_B","Defend_B"]}],"is_beta":false,"boss_relics":[{"not_picked":["Calling Bell","FrozenCore"],"picked":"Coffee Dripper"}],"items_purged_floors":[22],"is_endless":false,"potions_floor_spawned":[4,7,8,14],"killed_by":"Slavers","ascension_level":0}}