{"host":"tom9euzqew4po1rs","time":1610623792,"event":{"mods":["BaseMod","Curses Come First","Downfall","Minty Spire (QoL Compilation)","Quick Restart","Rare Cards Sparkle","Replay The Spire","StSLib","The Cursed"],"gold_per_floor":[116,41,53,8,8,8,8,8,8,39,84,49,62,62,94,109,109,205,205,215,165,139,15,15,46,60,60,60],"floor_reached":27,"language":"ENG","playtime":1908,"items_purged":[],"score":355,"play_id":"a40c9f3c-6aeb-4e82-a5bd-8065c388dd47","local_time":"20210114062952","is_ascension_mode":true,"campfire_choices":[{"floor":8,"key":"RECALL"},{"data":"Defragment","floor":14,"key":"SMITH"},{"data":"Loop","floor":17,"key":"SMITH"}],"circlet_count":0,"master_deck":["Strike_B","Strike_B","Strike_B","Strike_B","Defend_B","Defend_B","Defend_B","Defend_B","Zap","Biased Cognition","Stack","Defragment+1","Stack","Steam","Bash","Gash","Loop+1","Glacier","Defragment","Genetic Algorithm","Machine Learning","Steam","Gash","Loop","Fusion+1","BasicCrystalCard"],"relics":["Iron Core","Letter Opener","Mango","Philosopher\u0027s Stone","TungstenRod","Bag of Preparation"],"acts_visited":["Exordium","TheCity"],"potions_floor_usage":[15,16,20,22,22,27],"damage_taken":[{"damage":1,"enemies":"2 Louse","floor":1,"turns":3},{"damage":8,"enemies":"Jaw Worm","floor":3,"turns":3},{"damage":8,"enemies":"Replay:BlueRogue","floor":10,"turns":7},{"damage":3,"enemies":"Cultist","floor":13,"turns":4},{"damage":25,"enemies":"Gremlin Nob","floor":15,"turns":4},{"damage":0,"enemies":"Looter","floor":16,"turns":4},{"damage":0,"enemies":"Fading Forest","floor":18,"turns":11},{"damage":33,"enemies":"3 Byrds","floor":20,"turns":5},{"damage":6,"enemies":"2 Thieves","floor":22,"turns":5},{"damage":0,"enemies":"Replay:Snechameleon","floor":25,"turns":6},{"damage":21,"enemies":"Snake Plant","floor":26,"turns":5},{"damage":37,"enemies":"Gremlin Leader","floor":27,"turns":8}],"seed_played":"-8028026487903810916","potions_obtained":[{"floor":10,"key":"sneckomod:MuddlingPotion"},{"floor":13,"key":"Milkshake"},{"floor":15,"key":"Fire Potion"},{"floor":18,"key":"ColorlessPotion"},{"floor":20,"key":"ColorlessPotion"},{"floor":26,"key":"Reflective Coating"}],"is_trial":false,"path_per_floor":["M","$","M","$","?","PTL","PTL","R","?","E","T","$","M","R","E","M","R","B",null,"M","?","M","$","?","E","M","E"],"character_chosen":"DEFECT","items_purchased":["Defragment","Steam","Loop","Loop","Steam"],"campfire_rested":0,"item_purchase_floors":[2,4,12,23,23],"current_hp_per_floor":[74,74,66,66,71,71,71,71,71,63,63,63,60,60,49,49,49,59,94,61,61,55,55,55,55,34,0,0],"gold":60,"neow_bonus":"ONE_RANDOM_RARE_CARD","is_daily":false,"chose_seed":false,"campfire_upgraded":2,"win_rate":0.0,"timestamp":1610623792,"path_taken":["M","$","M","$","?","PTL","PTL","R","?","E","T","?","?","R","E","M","R","BOSS","M","?","?","$","?","E","M","E"],"items_purchased_type":["Card","Card","Card","Card","Card"],"build_version":"2020-12-22","purchased_purges":0,"victory":false,"max_hp_per_floor":[75,75,75,75,80,80,80,80,80,80,80,80,80,80,94,94,94,94,94,94,94,94,94,94,94,94,94,94],"card_choices":[{"not_picked":["Compile Driver","Auto Shields"],"picked":"Stack","floor":1},{"not_picked":["Recycle","Lockon"],"picked":"Stack","floor":3},{"not_picked":["Reinforced Body","Recycle"],"picked":"Gash","floor":10},{"not_picked":["Ball Lightning","Reinforced Body"],"picked":"Glacier","floor":13},{"not_picked":["Static Discharge","ReplayTheSpireMod:Calculation Training"],"picked":"Defragment","floor":15},{"not_picked":["Conserve Battery","ReplayTheSpireMod:System Scan"],"picked":"Genetic Algorithm","floor":16},{"not_picked":["Core Surge","Mirror Shield"],"picked":"Machine Learning","floor":18},{"not_picked":["Ball Lightning","Streamline+1"],"picked":"Steam","floor":20},{"not_picked":["Fusion","Skim"],"picked":"Gash","floor":22},{"not_picked":["Turbo","Glacier"],"picked":"Fusion+1","floor":25},{"not_picked":["Rip and Tear","ReplaySolidLightProjector+1"],"picked":"BasicCrystalCard","floor":26}],"player_experience":120368,"relics_obtained":[{"floor":10,"key":"Letter Opener"},{"floor":15,"key":"Mango"},{"floor":25,"key":"Bag of Preparation"}],"event_choices":[{"damage_healed":0,"gold_gain":0,"player_choice":"Donut","damage_taken":0,"max_hp_gain":5,"max_hp_loss":0,"event_name":"Big Fish","floor":5,"gold_loss":0},{"damage_healed":0,"gold_gain":0,"player_choice":"Bet on Murderer","damage_taken":0,"max_hp_gain":0,"max_hp_loss":0,"event_name":"The Joust","floor":21,"gold_loss":50},{"cards_removed":["Steam"],"damage_healed":0,"gold_gain":0,"player_choice":"Gave Card","damage_taken":0,"relics_obtained":["TungstenRod"],"max_hp_gain":0,"max_hp_loss":0,"event_name":"WeMeetAgain","floor":24,"gold_loss":0}],"is_beta":false,"boss_relics":[{"not_picked":["Replay:Bronze Core","Runic Dome"],"picked":"Philosopher\u0027s Stone"}],"items_purged_floors":[],"is_endless":false,"potions_floor_spawned":[10,13,15,18,20,26],"killed_by":"Gremlin Leader","ascension_level":1}}