{"host":"lcnwkjlokfwcnxxu","time":1610593863,"event":{"mods":["BaseMod","Colored Map","Downfall","GifTheSpireLib","Marisa????????","Minty Spire (QoL Compilation)","Quick Restart","Replay The Spire","StSLib","The Disciple","The Mystic","The Servant 0.9.4"],"gold_per_floor":[109,124,136,61,61,92,92,92,92],"floor_reached":8,"language":"ENG","playtime":335,"items_purged":["mysticmod:Strike_Mystic"],"score":81,"play_id":"d6452d31-2646-46ff-9138-1d55e9837234","local_time":"20210113191103","is_ascension_mode":false,"campfire_choices":[{"data":"mysticmod:Probe","floor":7,"key":"SMITH"}],"circlet_count":0,"master_deck":["mysticmod:Strike_Mystic","mysticmod:Strike_Mystic","mysticmod:Strike_Mystic","mysticmod:Defend_Mystic","mysticmod:Defend_Mystic","mysticmod:Defend_Mystic","mysticmod:Defend_Mystic","mysticmod:ArcaneDodge","mysticmod:ShockingGrasp","mysticmod:Riposte","mysticmod:Probe+1","mysticmod:MightyMagic"],"relics":["mysticmod:SpellBook","Replay:Ringing Soul"],"acts_visited":["Exordium"],"potions_floor_usage":[],"damage_taken":[{"damage":0,"enemies":"Cultist","floor":1,"turns":5},{"damage":2,"enemies":"Small Slimes","floor":2,"turns":3},{"damage":0,"enemies":"2 Louse","floor":3,"turns":2},{"damage":30,"enemies":"Gremlin Nob","floor":6,"turns":5},{"damage":13,"enemies":"3 Sentries","floor":8,"turns":4}],"seed_played":"7978970024541207599","potions_obtained":[],"is_trial":false,"path_per_floor":["M","M","M","$","?","E","R","E"],"character_chosen":"MYSTIC_CLASS","items_purchased":[],"campfire_rested":0,"item_purchase_floors":[],"current_hp_per_floor":[84,82,82,82,87,60,60,47,47],"gold":92,"neow_bonus":"TEN_PERCENT_HP_BONUS","is_daily":false,"chose_seed":false,"campfire_upgraded":1,"win_rate":0.0,"timestamp":1610593863,"path_taken":["M","?","M","$","?","E","R","E"],"items_purchased_type":[],"build_version":"2020-12-22","purchased_purges":1,"victory":false,"max_hp_per_floor":[84,84,84,84,89,92,92,92,92],"card_choices":[{"not_picked":["mysticmod:Shield","mysticmod:TomeOfSpells","mysticmod:Grapple"],"picked":"SKIP","floor":1},{"not_picked":["mysticmod:Grease","mysticmod:Flurry"],"picked":"mysticmod:Riposte","floor":2},{"not_picked":["mysticmod:VorpalThrust","mysticmod:HunkerDown"],"picked":"mysticmod:Probe","floor":3},{"not_picked":["mysticmod:TomeOfSpells","mysticmod:BulkUp"],"picked":"mysticmod:MightyMagic","floor":6}],"player_experience":71958,"relics_obtained":[{"floor":6,"key":"Replay:Ringing Soul"}],"event_choices":[{"damage_healed":0,"gold_gain":0,"player_choice":"Donut","damage_taken":0,"max_hp_gain":5,"max_hp_loss":0,"event_name":"Big Fish","floor":5,"gold_loss":0}],"is_beta":false,"boss_relics":[],"items_purged_floors":[4],"is_endless":false,"potions_floor_spawned":[],"killed_by":"3 Sentries","ascension_level":0}}