{"host":"q6ff4ns2kep02ti6","time":1610650436,"event":{"mods":["AchievementEnabler","BaseMod","Minty Spire (QoL Compilation)","Relic Stats","StSLib","Unceasing Turn Reminder"],"gold_per_floor":[113,113,127,145,160,185,185,215,240,250,250,261,288,253,253,330,330,342,353,13,13,13,13],"floor_reached":22,"language":"ENG","playtime":3320,"items_purged":[],"score":412,"play_id":"780ed9c5-c74f-40f7-a836-a570cb0ba39b","local_time":"20210114195356","is_ascension_mode":true,"campfire_choices":[{"floor":7,"key":"REST"},{"data":"Feed","floor":11,"key":"SMITH"},{"data":"Evolve","floor":15,"key":"SMITH"}],"circlet_count":0,"master_deck":["AscendersBane","Strike_R","Strike_R+1","Strike_R","Strike_R","Strike_R","Defend_R","Defend_R","Defend_R","Defend_R","Bash","Twin Strike+1","Feel No Pain","Feel No Pain","Battle Trance","Reaper","Feed+1","Evolve+1","Juggernaut","Warcry","Havoc","Shame"],"relics":["Velvet Choker","Kunai","Tiny Chest","Lantern","Runic Cube","Incense Burner","FossilizedHelix"],"acts_visited":["Exordium","TheCity"],"potions_floor_usage":[6,16,18],"damage_taken":[{"damage":2,"enemies":"Small Slimes","floor":1,"turns":4},{"damage":2,"enemies":"Jaw Worm","floor":3,"turns":3},{"damage":0,"enemies":"2 Louse","floor":4,"turns":3},{"damage":12,"enemies":"Large Slime","floor":5,"turns":7},{"damage":5,"enemies":"Gremlin Nob","floor":6,"turns":3},{"damage":10,"enemies":"3 Sentries","floor":8,"turns":11},{"damage":2,"enemies":"Looter","floor":10,"turns":4},{"damage":23,"enemies":"Exordium Wildlife","floor":12,"turns":4},{"damage":43,"enemies":"Lagavulin","floor":13,"turns":8},{"damage":28,"enemies":"Slime Boss","floor":16,"turns":11},{"damage":29,"enemies":"Spheric Guardian","floor":18,"turns":5},{"damage":17,"enemies":"3 Byrds","floor":19,"turns":6},{"damage":44,"enemies":"Snecko","floor":22,"turns":4}],"seed_played":"5115845106257380348","potions_obtained":[{"floor":3,"key":"HeartOfIron"},{"floor":5,"key":"BlessingOfTheForge"},{"floor":16,"key":"Energy Potion"},{"floor":18,"key":"Strength Potion"}],"is_trial":false,"path_per_floor":["M","?","M","M","M","E","R","E","T","M","R","M","E","?","R","B",null,"M","M","$","?","M"],"character_chosen":"IRONCLAD","items_purchased":["Incense Burner"],"campfire_rested":1,"item_purchase_floors":[20],"current_hp_per_floor":[66,43,41,41,29,24,46,48,48,55,55,42,9,30,30,18,72,47,42,42,42,0,0],"gold":13,"neow_bonus":"BOSS_RELIC","is_daily":false,"chose_seed":false,"campfire_upgraded":2,"win_rate":0.0,"timestamp":1610650436,"path_taken":["M","?","M","M","M","E","R","E","T","M","R","M","E","?","R","BOSS","M","M","$","?","M"],"items_purchased_type":["Relic"],"build_version":"2020-12-22","purchased_purges":0,"victory":false,"max_hp_per_floor":[75,75,75,75,75,75,75,75,75,78,78,82,86,86,86,90,90,90,94,94,94,94,94],"relic_stats":{"counters":[13,73],"Tiny Chest":0,"Kunai":[14],"obtain_stats":[{"Lantern":13,"Velvet Choker":0,"Tiny Chest":8,"Incense Burner":20,"Kunai":6,"Burning Blood":0,"FossilizedHelix":21,"Runic Cube":17},{"Lantern":9,"Velvet Choker":0,"Tiny Chest":6,"Incense Burner":12,"Kunai":5,"Burning Blood":0,"FossilizedHelix":12,"Runic Cube":10},{"Lantern":47,"Velvet Choker":0,"Tiny Chest":31,"Incense Burner":69,"Kunai":20,"Burning Blood":0,"FossilizedHelix":69,"Runic Cube":58}],"Runic Cube":[15]},"card_choices":[{"not_picked":["Clash","Warcry"],"picked":"Twin Strike","floor":1},{"not_picked":["Twin Strike","Iron Wave"],"picked":"Feel No Pain","floor":3},{"not_picked":["True Grit","Warcry"],"picked":"Feel No Pain","floor":4},{"not_picked":["Sword Boomerang","Rupture"],"picked":"Battle Trance","floor":5},{"not_picked":["Hemokinesis","True Grit"],"picked":"Reaper","floor":6},{"not_picked":["Sentinel","Cleave"],"picked":"Feed","floor":8},{"not_picked":["Anger","Pummel","Wild Strike"],"picked":"SKIP","floor":10},{"not_picked":["Combust","Clothesline"],"picked":"Evolve","floor":12},{"not_picked":["Armaments","Offering","Uppercut"],"picked":"SKIP","floor":13},{"not_picked":["Bludgeon","Double Tap"],"picked":"Juggernaut","floor":16},{"not_picked":["Thunderclap","Cleave"],"picked":"Warcry","floor":18},{"not_picked":["Body Slam","Clothesline"],"picked":"Havoc","floor":19}],"player_experience":930681,"relics_obtained":[{"floor":6,"key":"Kunai"},{"floor":8,"key":"Tiny Chest"},{"floor":13,"key":"Lantern"}],"event_choices":[{"damage_healed":0,"gold_gain":0,"player_choice":"Entered Light","damage_taken":23,"max_hp_gain":0,"max_hp_loss":0,"event_name":"Shining Light","floor":2,"gold_loss":0,"cards_upgraded":["Twin Strike","Strike_R"]},{"damage_healed":21,"gold_gain":0,"player_choice":"Healed","damage_taken":0,"max_hp_gain":0,"max_hp_loss":0,"event_name":"The Cleric","floor":14,"gold_loss":35},{"damage_healed":0,"gold_gain":0,"player_choice":"Stole Relic","damage_taken":0,"relics_obtained":["FossilizedHelix"],"max_hp_gain":0,"max_hp_loss":0,"event_name":"Addict","floor":21,"gold_loss":0,"cards_obtained":["Shame"]}],"is_beta":false,"boss_relics":[{"not_picked":["Ectoplasm","Cursed Key"],"picked":"Runic Cube"}],"items_purged_floors":[],"is_endless":false,"potions_floor_spawned":[3,5,16,18],"killed_by":"Snecko","ascension_level":20}}