{"host":"w6oy2nru13p3os12","time":1610584316,"event":{"mods":["BaseMod","BetterRewards","Colored Powertips","Conspire","Energized Spire","GungeonMod","Halation","Hubris","Mimic Mod","Minty Spire (QoL Compilation)","Permanent Neow","Quick Restart","Replay The Spire","Reworked Bosses","Spikes Relics","StSLib","The Jungle","Wandering Minibosses"],"gold_per_floor":[118,118,134,134,54,82,94,120,132,169,181,218,240,252,264,379,391,416,428,450,143,143,143],"floor_reached":22,"language":"ENG","playtime":934,"items_purged":["Midas Touch+1"],"score":202,"play_id":"3549c492-7c2e-44c5-a0f2-ec4b149a932f","local_time":"20210113193156","is_ascension_mode":false,"campfire_choices":[{"data":"Scrawl","floor":7,"key":"SMITH"},{"data":"Eruption","floor":11,"key":"SMITH"},{"floor":15,"key":"REST"}],"circlet_count":0,"master_deck":["Strike_P","Strike_P","Strike_P","Defend_P","Defend_P","Defend_P","Defend_P","Eruption+1","Vigilance","Halt","SashWhip","Wallop","Scrawl+1","ReachHeaven","Pot Of Greed","Pot Of Greed","Indignation","EmptyFist","Scrawl","Replay:Bootleg Shield Generator"],"relics":["PureWater","MawBank","conspire:TopHat","Grinning Jar","Potion Belt","Philosopher\u0027s Stone","Damaru"],"acts_visited":["Exordium","TheCity"],"potions_floor_usage":[10,22],"damage_taken":[{"damage":0,"enemies":"conspire:RoseBush","floor":1,"turns":4},{"damage":0,"enemies":"Small Slimes","floor":3,"turns":3},{"damage":36,"enemies":"Lagavulin","floor":6,"turns":4},{"damage":0,"enemies":"Jaw Worm","floor":8,"turns":5},{"damage":8,"enemies":"Gremlin Nob","floor":10,"turns":3},{"damage":10,"enemies":"3 Sentries","floor":12,"turns":3},{"damage":0,"enemies":"Blue Slaver","floor":13,"turns":2},{"damage":10,"enemies":"Slime Boss","floor":16,"turns":6},{"damage":3,"enemies":"Chosen","floor":18,"turns":2},{"damage":1,"enemies":"Shell Parasite","floor":20,"turns":4},{"damage":87,"enemies":"conspire:HollyBat","floor":22,"turns":6}],"seed_played":"6695423545182743871","potions_obtained":[{"floor":6,"key":"Weak Potion"},{"floor":10,"key":"BottledMiracle"},{"floor":13,"key":"Block Potion"},{"floor":16,"key":"Strength Potion"},{"floor":18,"key":"DemoMod:LeadSkinPotion"}],"is_trial":false,"path_per_floor":["M","?","M","?","$","E","R","M","T","E","R","E","M","?","R","B",null,"M","?","M","$","M"],"character_chosen":"WATCHER","items_purchased":["Wallop","Replay:Bootleg Shield Generator","Damaru"],"campfire_rested":1,"item_purchase_floors":[5,21,21],"current_hp_per_floor":[72,72,72,72,72,36,36,36,36,28,28,18,18,18,39,29,72,69,72,71,71,0,0],"gold":143,"neow_bonus":"RANDOM_COLORLESS","is_daily":false,"chose_seed":false,"campfire_upgraded":2,"win_rate":0.0,"timestamp":1610584316,"path_taken":["M","?","M","?","?","E","R","M","T","E","R","E","?","?","R","BOSS","M","?","M","?","?"],"items_purchased_type":["Card","Card","Relic"],"build_version":"2020-12-22","purchased_purges":1,"victory":false,"max_hp_per_floor":[72,72,72,72,72,72,72,72,72,72,72,72,72,72,72,72,72,72,72,72,72,72,72],"card_choices":[{"not_picked":["Blind","Deep Breath"],"picked":"Assess","floor":0},{"not_picked":["Replay:Hum","EmptyBody","Adaptation"],"picked":"SKIP","floor":1},{"not_picked":["InnerPeace","Halt"],"picked":"SashWhip","floor":3},{"not_picked":["FollowUp","JustLucky"],"picked":"Scrawl","floor":6},{"not_picked":["BowlingBash","Replay:AtTheReady"],"picked":"ReachHeaven","floor":8},{"not_picked":["Protect","WindmillStrike"],"picked":"Indignation","floor":10},{"not_picked":["FlurryOfBlows","ThirdEye"],"picked":"EmptyFist","floor":12},{"not_picked":["Replay:LoomingThreat","BowlingBash","Study"],"picked":"SKIP","floor":13},{"not_picked":["MasterReality","DevaForm"],"picked":"Scrawl","floor":16},{"not_picked":["Nirvana","Crescendo","JustLucky"],"picked":"SKIP","floor":18},{"not_picked":["SashWhip","Crescendo","ThirdEye"],"picked":"SKIP","floor":20}],"player_experience":337145,"relics_obtained":[{"floor":6,"key":"MawBank"},{"floor":9,"key":"conspire:TopHat"},{"floor":10,"key":"Grinning Jar"},{"floor":12,"key":"Potion Belt"}],"event_choices":[{"damage_healed":0,"gold_gain":0,"cards_transformed":["Strike_P"],"player_choice":"Change","damage_taken":0,"max_hp_gain":0,"max_hp_loss":0,"event_name":"Living Wall","floor":2,"gold_loss":0,"cards_obtained":["Halt"]},{"damage_healed":0,"gold_gain":0,"player_choice":"Disagree","damage_taken":0,"max_hp_gain":0,"max_hp_loss":0,"event_name":"conspire:LoneGhost","floor":14,"gold_loss":0},{"damage_healed":3,"gold_gain":0,"player_choice":"Full Heal","damage_taken":0,"max_hp_gain":0,"max_hp_loss":0,"event_name":"Wheel of Change","floor":19,"gold_loss":0}],"is_beta":false,"boss_relics":[{"not_picked":["hubris:HollowSoul","energizedSpire:EnergizedDie"],"picked":"Philosopher\u0027s Stone"}],"items_purged_floors":[21],"is_endless":false,"potions_floor_spawned":[6,10,13,16,18],"killed_by":"conspire:HollyBat","ascension_level":0}}