{"host":"kmq7aw60w430zvtx","time":1610631750,"event":{"mods":["BaseMod","Downfall","GifTheSpireLib","Hermit","Hubris","Minty Spire (QoL Compilation)","Replay The Spire","StSLib","The Construct","The Cursed","The Hierophant","The Jungle","The Necromancer","The Runesmith"],"gold_per_floor":[119,119,134,154,165,199,199,231,231,246,317,330,330,346,346,346,346],"floor_reached":16,"language":"ENG","playtime":894,"items_purged":[],"score":137,"play_id":"7d3e1902-6944-40fa-887c-8fc5bc600a2e","local_time":"20210114144230","is_ascension_mode":true,"campfire_choices":[{"data":"Havoc","floor":7,"key":"SMITH"},{"floor":13,"key":"REST"},{"floor":15,"key":"REST"}],"circlet_count":0,"master_deck":["Strike_R","Strike_R","Strike_R","Strike_R","Strike_R","Defend_R","Defend_R","Defend_R","Defend_R","Bash+1","Second Wind","Clash","ReplayTheSpireMod:LeadingStrike","Havoc+1","True Grit","Iron Wave+1","Armaments+1","Twin Strike","ReplayTheSpireMod:Muscle Training"],"relics":["Burning Blood","Toy Ornithopter","ReplayTheSpireMod:Shallot","Gremlin Food"],"acts_visited":["Exordium"],"potions_floor_usage":[6,6,10,16],"damage_taken":[{"damage":12,"enemies":"Small Slimes","floor":1,"turns":4},{"damage":0,"enemies":"Cultist","floor":3,"turns":3},{"damage":1,"enemies":"2 Louse","floor":4,"turns":3},{"damage":1,"enemies":"2 Fungi Beasts","floor":5,"turns":3},{"damage":20,"enemies":"Gremlin Nob","floor":6,"turns":4},{"damage":58,"enemies":"Lagavulin","floor":8,"turns":7},{"damage":11,"enemies":"Red Slaver","floor":10,"turns":2},{"damage":6,"enemies":"Large Slime","floor":12,"turns":7},{"damage":0,"enemies":"Looter","floor":14,"turns":3},{"damage":82,"enemies":"Fading Forest","floor":16,"turns":11}],"seed_played":"5421953533450050714","potions_obtained":[{"floor":3,"key":"SteroidPotion"},{"floor":5,"key":"DuplicationPotion"},{"floor":8,"key":"Cursed Concoction"},{"floor":12,"key":"BlessingOfTheForge"},{"floor":14,"key":"SkillPotion"}],"is_trial":false,"path_per_floor":["M","?","M","M","M","E","R","E","T","M","?","M","R","M","R","B"],"character_chosen":"IRONCLAD","items_purchased":[],"campfire_rested":2,"item_purchase_floors":[],"current_hp_per_floor":[74,74,80,80,80,76,76,24,24,24,24,24,48,54,78,0,0],"gold":346,"neow_bonus":"RANDOM_COMMON_RELIC","is_daily":false,"chose_seed":false,"campfire_upgraded":1,"win_rate":0.0,"timestamp":1610631750,"path_taken":["M","?","M","M","?","E","R","E","T","M","?","M","R","M","R","BOSS"],"items_purchased_type":[],"build_version":"2020-12-22","purchased_purges":0,"victory":false,"max_hp_per_floor":[80,80,80,80,80,80,80,80,80,80,80,80,80,80,80,80,80],"card_choices":[{"not_picked":["Warcry","Heavy Blade"],"picked":"Second Wind","floor":1},{"not_picked":["Wild Strike","Pommel Strike"],"picked":"Clash","floor":3},{"not_picked":["Twin Strike","Pommel Strike"],"picked":"ReplayTheSpireMod:LeadingStrike","floor":4},{"not_picked":["Flame Barrier","Dropkick"],"picked":"Havoc","floor":5},{"not_picked":["Replay:Undeath\u0027s Touch","Havoc"],"picked":"True Grit","floor":6},{"not_picked":["Whirlwind","Spot Weakness"],"picked":"Iron Wave","floor":8},{"not_picked":["Twin Strike","Fire Breathing"],"picked":"Armaments","floor":10},{"not_picked":["Entrench","Shockwave"],"picked":"Twin Strike","floor":12},{"not_picked":["Replay:Undeath\u0027s Touch","Warcry"],"picked":"ReplayTheSpireMod:Muscle Training","floor":14}],"player_experience":293027,"relics_obtained":[{"floor":6,"key":"ReplayTheSpireMod:Shallot"},{"floor":8,"key":"Gremlin Food"}],"event_choices":[{"damage_healed":0,"gold_gain":0,"player_choice":"Upgraded","damage_taken":0,"max_hp_gain":0,"max_hp_loss":0,"event_name":"Upgrade Shrine","floor":2,"gold_loss":0,"cards_upgraded":["Bash"]},{"damage_healed":0,"gold_gain":71,"player_choice":"Gained Gold","damage_taken":0,"max_hp_gain":0,"max_hp_loss":0,"event_name":"Golden Wing","floor":11,"gold_loss":0}],"is_beta":false,"boss_relics":[],"items_purged_floors":[],"is_endless":false,"potions_floor_spawned":[3,5,8,12,14],"killed_by":"Fading Forest","ascension_level":4}}