{"host":"22s5scuj7mu87reg","time":1610639110,"event":{"mods":["BaseMod","Colored Powertips","Dota2Spire","Downfall","Duelist Mod","GungeonMod","Halation","Hubris","Infinite Spire","Koishi","KomeijiMod","Minty Spire (QoL Compilation)","Replay The Spire","StSLib","SuperFastMode","The Jungle","The Mystic","The Necromancer","Wandering Minibosses"],"gold_per_floor":[111,131,148,148,148,174,195,195,195,209,211,211],"floor_reached":11,"language":"POL","playtime":555,"items_purged":[],"score":75,"play_id":"5d17cad8-6b4b-4dee-a302-3410be2d0c69","local_time":"20210114164510","is_ascension_mode":false,"campfire_choices":[{"data":"NingyouFukuhei+1","floor":8,"key":"SWEEP"}],"circlet_count":0,"master_deck":["Strike_Komeiji","Strike_Komeiji","Strike_Komeiji","Strike_Komeiji","Defend_Komeiji","Defend_Komeiji","Defend_Komeiji","Defend_Komeiji","Dash_Komeiji","TerribleSouvenir","NingyouKasou+1","KoKei+1","NingyouFukuhei+1","EnMu+1"],"relics":["Koishi:ImaginaryFriend","SpellCardsRule","MusicBox","NeowsBlessing","infinitespire:Cubic Diamond","halation:IllGainedPizza","CrystalOfMemory","Snack Pack","DemoMod:GlassGuonStoneRelic"],"acts_visited":["Exordium"],"potions_floor_usage":[],"damage_taken":[{"damage":0,"enemies":"Jaw Worm","floor":1,"turns":1},{"damage":0,"enemies":"Small Slimes","floor":2,"turns":2},{"damage":0,"enemies":"Cultist","floor":3,"turns":1},{"damage":34,"enemies":"Replay:BlueRogue","floor":6,"turns":8},{"damage":11,"enemies":"Large Slime","floor":7,"turns":6},{"damage":8,"enemies":"Red Slaver","floor":10,"turns":4},{"damage":8,"enemies":"3 Sentries","floor":11,"turns":2}],"seed_played":"4149331404320358886","potions_obtained":[{"floor":1,"key":"Dota2Spire:HealingSalve"},{"floor":6,"key":"Toxic Potion"},{"floor":7,"key":"ColorlessPotion"}],"is_trial":false,"path_per_floor":["M","M","M","?","?","E","M","R","T","M","E"],"character_chosen":"KomeijiSatori","items_purchased":[],"campfire_rested":0,"item_purchase_floors":[],"current_hp_per_floor":[50,50,50,50,50,18,7,12,12,4,0,0],"gold":211,"neow_bonus":"THREE_ENEMY_KILL","is_daily":false,"chose_seed":false,"campfire_upgraded":0,"win_rate":0.0,"timestamp":1610639110,"path_taken":["M","M","M","?","?","E","M","R","T","M","E"],"items_purchased_type":[],"build_version":"2020-12-13","purchased_purges":0,"victory":false,"max_hp_per_floor":[50,50,50,50,50,50,50,50,50,50,50,50],"card_choices":[{"not_picked":["ShyakuBuku","MusuNoYume"],"picked":"TerribleSouvenir","floor":1},{"not_picked":["NingyouSP+1","KinbakuJin+1","DemonLordCradle"],"picked":"SKIP","floor":2},{"not_picked":["NingyouSP+1","KinbakuJin+1","DemonLordCradle"],"picked":"SKIP","floor":2},{"not_picked":["MusuNoYume","RikonNoKama+1"],"picked":"NingyouKisou+1","floor":3},{"not_picked":["NingyouMusou+1","TenguhouSokujitsuken"],"picked":"NingyouKasou+1","floor":6},{"not_picked":["GroundStardust+1","Mishyaguji+1","OoedoNingyou+1"],"picked":"KoKei+1","floor":7},{"not_picked":["KeiseiJin+1","Melting","HagoromoMizu"],"picked":"EnMu+1","floor":10}],"player_experience":129270,"relics_obtained":[{"floor":6,"key":"halation:IllGainedPizza"},{"floor":6,"key":"CrystalOfMemory"},{"floor":9,"key":"Snack Pack"}],"event_choices":[],"is_beta":false,"boss_relics":[],"items_purged_floors":[],"is_endless":false,"potions_floor_spawned":[1,6,7],"killed_by":"3 Sentries","ascension_level":0}}