{"host":"tnsigirk6wurdark","time":1610602163,"event":{"mods":["BaseMod","Bestiary","Colored Map","Colored Powertips","Curses Come First","DeckTracker","Highlight Path","Minty Spire (QoL Compilation)","Quick Restart","Relic Sorter","StSLib","Synergy Search"],"gold_per_floor":[116,136,146,163,163,201,201,14,39,59,2,21,60,73,73,73,73],"floor_reached":16,"language":"ENG","playtime":1153,"items_purged":["Injury"],"score":205,"play_id":"6d9c1916-22c4-403b-a85f-b14523db5ca9","local_time":"20210114052923","is_ascension_mode":true,"campfire_choices":[{"floor":7,"key":"REST"},{"floor":15,"key":"REST"}],"circlet_count":0,"master_deck":["AscendersBane","Strike_G","Strike_G","Strike_G","Defend_G","Defend_G","Defend_G","Defend_G","Survivor","Neutralize","Caltrops+1","Burst+1","Concentrate+1","Backflip","Acrobatics","Footwork","Blade Dance","Dagger Spray","Underhanded Strike","Dagger Throw","Underhanded Strike","Underhanded Strike","Dagger Throw"],"relics":["Astrolabe","Golden Idol","Vajra","Lantern","Omamori"],"acts_visited":["Exordium"],"potions_floor_usage":[3,4,12,12,16],"damage_taken":[{"damage":3,"enemies":"2 Louse","floor":1,"turns":4},{"damage":0,"enemies":"Jaw Worm","floor":2,"turns":5},{"damage":1,"enemies":"Cultist","floor":3,"turns":4},{"damage":1,"enemies":"2 Fungi Beasts","floor":4,"turns":4},{"damage":40,"enemies":"Gremlin Nob","floor":6,"turns":5},{"damage":1,"enemies":"Blue Slaver","floor":10,"turns":3},{"damage":0,"enemies":"Gremlin Gang","floor":12,"turns":2},{"damage":13,"enemies":"3 Sentries","floor":13,"turns":4},{"damage":10,"enemies":"2 Fungi Beasts","floor":14,"turns":3},{"damage":38,"enemies":"Slime Boss","floor":16,"turns":3}],"seed_played":"-4205792024146267815","potions_obtained":[{"floor":1,"key":"CunningPotion"},{"floor":3,"key":"SneckoOil"},{"floor":10,"key":"Dexterity Potion"},{"floor":13,"key":"Ancient Potion"}],"is_trial":false,"path_per_floor":["M","M","M","M","?","E","R","$","T","M","$","M","E","M","R","B"],"character_chosen":"THE_SILENT","items_purchased":["Underhanded Strike","Strength Potion","Underhanded Strike"],"campfire_rested":2,"item_purchase_floors":[8,8,11],"current_hp_per_floor":[56,56,55,54,54,14,33,33,33,32,32,32,19,9,28,0,0],"gold":73,"neow_bonus":"BOSS_RELIC","is_daily":false,"chose_seed":false,"campfire_upgraded":0,"win_rate":0.0,"timestamp":1610602163,"path_taken":["M","M","M","M","?","E","R","$","T","M","$","M","E","M","R","BOSS"],"items_purchased_type":["Card","Potion","Card"],"build_version":"2020-12-22","purchased_purges":1,"victory":false,"max_hp_per_floor":[66,66,66,66,66,66,66,66,66,66,66,66,66,66,66,66,66],"card_choices":[{"not_picked":["Predator","Flying Knee"],"picked":"Backflip","floor":1},{"not_picked":["Heel Hook","Terror"],"picked":"Acrobatics","floor":2},{"not_picked":["Blade Dance","Poisoned Stab"],"picked":"Footwork","floor":3},{"not_picked":["Setup","Deflect"],"picked":"Blade Dance","floor":4},{"not_picked":["Expertise","Underhanded Strike"],"picked":"Dagger Spray","floor":6},{"not_picked":["Cloak And Dagger","Catalyst"],"picked":"Dagger Throw","floor":10},{"not_picked":["Prepared","Bouncing Flask"],"picked":"Underhanded Strike","floor":12},{"not_picked":["Grand Finale","Prepared","Sucker Punch"],"picked":"SKIP","floor":13},{"not_picked":["Blur","Deadly Poison"],"picked":"Dagger Throw","floor":14}],"player_experience":741537,"relics_obtained":[{"floor":6,"key":"Vajra"},{"floor":9,"key":"Lantern"},{"floor":13,"key":"Omamori"}],"event_choices":[{"damage_healed":0,"gold_gain":0,"player_choice":"Take Wound","damage_taken":0,"relics_obtained":["Golden Idol"],"max_hp_gain":0,"max_hp_loss":0,"event_name":"Golden Idol","floor":5,"gold_loss":0,"cards_obtained":["Injury"]}],"is_beta":false,"boss_relics":[],"items_purged_floors":[8],"is_endless":false,"potions_floor_spawned":[1,3,10,13],"killed_by":"Slime Boss","ascension_level":16}}