{"host":"anox4050deqdcqoh","time":1610661257,"event":{"mods":["BaseMod","Colored Map","Highlight Path","Minty Spire (QoL Compilation)","Quick Restart","Rare Cards Sparkle","everything is the same but u backflip on backflip"],"gold_per_floor":[113,133,143,43,53,53,64,64,89,89,99,99,109,184,184,184,184],"floor_reached":16,"language":"ENG","playtime":511,"items_purged":["Pain"],"score":108,"play_id":"19997bb8-c031-4304-be68-c6038836888b","local_time":"20210114165417","is_ascension_mode":true,"campfire_choices":[{"data":"Shrug It Off","floor":6,"key":"SMITH"},{"floor":8,"key":"REST"},{"floor":10,"key":"REST"},{"floor":15,"key":"REST"}],"circlet_count":0,"master_deck":["Strike_R","Strike_R","Strike_R","Strike_R","Strike_R","Defend_R","Defend_R","Defend_R","Defend_R","Bash","Sword Boomerang","Shrug It Off","Shrug It Off+1","Cleave","Sever Soul","Iron Wave","Fire Breathing","Pummel"],"relics":["Burning Blood","Calipers","Potion Belt"],"acts_visited":["Exordium"],"potions_floor_usage":[16],"damage_taken":[{"damage":10,"enemies":"Cultist","floor":1,"turns":3},{"damage":5,"enemies":"2 Louse","floor":2,"turns":3},{"damage":8,"enemies":"Jaw Worm","floor":3,"turns":4},{"damage":35,"enemies":"Large Slime","floor":5,"turns":9},{"damage":42,"enemies":"Exordium Thugs","floor":7,"turns":6},{"damage":2,"enemies":"Exordium Wildlife","floor":11,"turns":4},{"damage":8,"enemies":"Blue Slaver","floor":13,"turns":4},{"damage":76,"enemies":"The Guardian","floor":16,"turns":9}],"seed_played":"-8215120484959744147","potions_obtained":[{"floor":3,"key":"PowerPotion"},{"floor":7,"key":"ElixirPotion"}],"is_trial":false,"path_per_floor":["M","M","M","$","M","R","M","R","T","R","M","?","M","?","R","B"],"character_chosen":"IRONCLAD","items_purchased":["Cleave"],"campfire_rested":3,"item_purchase_floors":[4],"current_hp_per_floor":[76,77,75,75,46,46,10,34,34,58,62,67,65,54,79,3,3],"gold":184,"neow_bonus":"ONE_RARE_RELIC","is_daily":false,"chose_seed":false,"campfire_upgraded":1,"win_rate":0.0,"timestamp":1610661257,"path_taken":["M","M","M","$","M","R","?","R","T","R","M","?","M","?","R","BOSS"],"items_purchased_type":["Card"],"build_version":"2020-12-22","purchased_purges":1,"victory":false,"max_hp_per_floor":[80,80,80,80,80,80,80,80,80,80,80,85,85,85,85,85,85],"card_choices":[{"not_picked":["True Grit","Havoc"],"picked":"Sword Boomerang","floor":1},{"not_picked":["Havoc","True Grit"],"picked":"Shrug It Off","floor":2},{"not_picked":["Anger","Second Wind"],"picked":"Shrug It Off","floor":3},{"not_picked":["Demon Form","Blood for Blood"],"picked":"Sever Soul","floor":5},{"not_picked":["Sword Boomerang","Cleave"],"picked":"Iron Wave","floor":7},{"not_picked":["Body Slam","Thunderclap"],"picked":"Fire Breathing","floor":11},{"not_picked":["Anger","Perfected Strike"],"picked":"Pummel","floor":13}],"player_experience":338416,"relics_obtained":[{"floor":9,"key":"Potion Belt"}],"event_choices":[{"damage_healed":0,"gold_gain":0,"player_choice":"Donut","damage_taken":0,"max_hp_gain":5,"max_hp_loss":0,"event_name":"Big Fish","floor":12,"gold_loss":0},{"damage_healed":0,"gold_gain":75,"player_choice":"Gather Gold","damage_taken":11,"max_hp_gain":0,"max_hp_loss":0,"event_name":"World of Goop","floor":14,"gold_loss":0}],"is_beta":false,"boss_relics":[],"items_purged_floors":[4],"is_endless":false,"potions_floor_spawned":[3,7],"killed_by":"The Guardian","ascension_level":3}}