{"host":"91ruqvp7hiryodqd","time":1610663889,"event":{"mods":["AchievementEnabler","BaseMod","Colored Map","Colored Powertips","Minty Spire (QoL Compilation)","Relic Stats","StSLib"],"gold_per_floor":[117,130,142,242,262,262,279,293,318,318,378,378,378,397,397,499,499,517,517,542,641,667,667,677,677,700,712,712,727,727,122,122,122,122],"floor_reached":33,"language":"ENG","playtime":1381,"items_purged":["Strike_G+1"],"score":337,"play_id":"44a177bb-4cb8-4517-aa5f-e67e71f37ada","local_time":"20210115053809","daily_mods":["Diverse"],"is_ascension_mode":false,"campfire_choices":[{"data":"Rampage","floor":6,"key":"SMITH"},{"data":"Cleave","floor":12,"key":"SMITH"},{"data":"Rebound","floor":15,"key":"SMITH"},{"floor":23,"key":"REST"},{"floor":25,"key":"REST"},{"floor":28,"key":"REST"},{"floor":32,"key":"REST"}],"circlet_count":0,"master_deck":["Strike_G+1","Strike_G+1","Strike_G+1","Defend_G+1","Defend_G+1","Defend_G+1","Defend_G+1","Defend_G+1","Survivor","Neutralize","Rebound+1","Rampage+1","Sucker Punch","Poisoned Stab","Cleave+1","ThirdEye+1","Terror+1","Seeing Red+1","Backflip+1","Conserve Battery+1","Impervious+1","Sadistic Nature","Blur+1"],"relics":["Ring of the Snake","MealTicket","Toxic Egg 2","SlaversCollar","Lantern","Red Mask","Dream Catcher","Ginger"],"acts_visited":["Exordium","TheCity"],"potions_floor_usage":[5,11,11,11,29,29,33],"damage_taken":[{"damage":0,"enemies":"2 Louse","floor":1,"turns":2},{"damage":0,"enemies":"Cultist","floor":2,"turns":4},{"damage":0,"enemies":"Small Slimes","floor":3,"turns":3},{"damage":9,"enemies":"Exordium Thugs","floor":5,"turns":5},{"damage":4,"enemies":"Looter","floor":7,"turns":3},{"damage":4,"enemies":"Blue Slaver","floor":8,"turns":4},{"damage":5,"enemies":"3 Sentries","floor":11,"turns":7},{"damage":0,"enemies":"Large Slime","floor":14,"turns":5},{"damage":35,"enemies":"Slime Boss","floor":16,"turns":14},{"damage":26,"enemies":"2 Thieves","floor":18,"turns":5},{"damage":36,"enemies":"Masked Bandits","floor":22,"turns":6},{"damage":15,"enemies":"Spheric Guardian","floor":24,"turns":4},{"damage":27,"enemies":"Centurion and Healer","floor":27,"turns":8},{"damage":20,"enemies":"3 Cultists","floor":29,"turns":6},{"damage":47,"enemies":"Champ","floor":33,"turns":13}],"seed_played":"-6297904501166232042","potions_obtained":[{"floor":1,"key":"BlessingOfTheForge"},{"floor":3,"key":"Swift Potion"},{"floor":7,"key":"FearPotion"},{"floor":8,"key":"FearPotion"},{"floor":16,"key":"SpeedPotion"},{"floor":27,"key":"ColorlessPotion"}],"is_trial":true,"path_per_floor":["M","M","M","?","M","R","M","M","T","?","?","R","?","M","R","B",null,"M","?","T","?","?","R","M","R","T","M","R","M","?","$","R","B"],"character_chosen":"THE_SILENT","items_purchased":["Sadistic Nature","Ginger","Poison Potion"],"campfire_rested":4,"item_purchase_floors":[31,31,31],"current_hp_per_floor":[70,70,70,70,61,61,57,53,53,53,48,48,41,41,41,6,70,44,44,44,44,8,29,14,35,35,8,29,9,9,24,45,0,0],"gold":122,"neow_bonus":"","is_daily":false,"chose_seed":false,"campfire_upgraded":3,"win_rate":0.0,"timestamp":1610663889,"path_taken":["M","M","M","?","?","R","M","M","T","?","?","R","?","?","R","BOSS","M","?","?","?","?","R","?","R","T","M","R","M","?","?","R","BOSS"],"items_purchased_type":["Card","Relic","Potion"],"build_version":"2020-12-22","purchased_purges":1,"victory":false,"max_hp_per_floor":[70,70,70,70,70,70,70,70,70,70,70,70,70,70,70,70,70,70,70,70,70,70,70,70,70,70,70,70,70,70,70,70,70,70],"relic_stats":{"Dream Catcher":2,"counters":[15,89],"MealTicket":15,"Ginger":[4],"obtain_stats":[{"SlaversCollar":17,"Lantern":20,"Dream Catcher":26,"MealTicket":9,"Red Mask":22,"Ginger":31,"Toxic Egg 2":11,"Ring of the Snake":0},{"SlaversCollar":9,"Lantern":10,"Dream Catcher":12,"MealTicket":6,"Red Mask":11,"Ginger":14,"Toxic Egg 2":7,"Ring of the Snake":0},{"SlaversCollar":47,"Lantern":52,"Dream Catcher":62,"MealTicket":21,"Red Mask":58,"Ginger":76,"Toxic Egg 2":28,"Ring of the Snake":0}],"Ring of the Snake":[30]},"card_choices":[{"not_picked":["Disarm","Leap"],"picked":"Rebound","floor":1},{"not_picked":["Feel No Pain","Reckless Charge"],"picked":"Rampage","floor":2},{"not_picked":["Beam Cell","Aggregate"],"picked":"Sucker Punch","floor":3},{"not_picked":["Armaments","Calculated Gamble"],"picked":"Poisoned Stab","floor":5},{"not_picked":["Tantrum","Slice"],"picked":"Cleave","floor":7},{"not_picked":["Evolve","Fission","InnerPeace"],"picked":"SKIP","floor":8},{"not_picked":["Pommel Strike","Redo+1"],"picked":"ThirdEye+1","floor":11},{"not_picked":["Clothesline","Stack+1"],"picked":"Terror+1","floor":14},{"not_picked":["Leap+1","Halt+1","SashWhip"],"picked":"SKIP","floor":18},{"not_picked":["Outmaneuver+1","JustLucky"],"picked":"Seeing Red+1","floor":22},{"not_picked":["Doom and Gloom","Turbo+1","Compile Driver"],"picked":"SKIP","floor":24},{"not_picked":["Protect+1","Sweeping Beam"],"picked":"Backflip+1","floor":27},{"not_picked":["Chill+1","Prepared+1"],"picked":"Conserve Battery+1","floor":28},{"not_picked":["Conserve Battery+1","Bane+1"],"picked":"Impervious+1","floor":29},{"not_picked":["Calculated Gamble+1","Slice"],"picked":"Blur+1","floor":32}],"player_experience":80096,"relics_obtained":[{"floor":9,"key":"MealTicket"},{"floor":11,"key":"Toxic Egg 2"},{"floor":20,"key":"Lantern"},{"floor":22,"key":"Red Mask"},{"floor":26,"key":"Dream Catcher"}],"event_choices":[{"damage_healed":0,"gold_gain":100,"player_choice":"Pray","damage_taken":0,"max_hp_gain":0,"max_hp_loss":0,"event_name":"Golden Shrine","floor":4,"gold_loss":0},{"cards_removed":["Strike_G"],"damage_healed":0,"gold_gain":0,"player_choice":"Forget","damage_taken":0,"max_hp_gain":0,"max_hp_loss":0,"event_name":"Living Wall","floor":10,"gold_loss":0},{"damage_healed":0,"gold_gain":0,"player_choice":"Searched \u00271\u0027 times","damage_taken":0,"max_hp_gain":0,"max_hp_loss":0,"event_name":"Dead Adventurer","floor":11,"gold_loss":0},{"damage_healed":0,"gold_gain":0,"player_choice":"Damaged","damage_taken":7,"max_hp_gain":0,"max_hp_loss":0,"event_name":"Wheel of Change","floor":13,"gold_loss":0},{"damage_healed":0,"gold_gain":0,"player_choice":"Ignored","damage_taken":0,"max_hp_gain":0,"max_hp_loss":0,"event_name":"The Mausoleum","floor":19,"gold_loss":0},{"damage_healed":0,"gold_gain":99,"player_choice":"Stole From Cult","damage_taken":0,"max_hp_gain":0,"max_hp_loss":0,"event_name":"Nest","floor":21,"gold_loss":0},{"damage_healed":0,"gold_gain":0,"player_choice":"Fought Bandits","damage_taken":0,"max_hp_gain":0,"max_hp_loss":0,"event_name":"Masked Bandits","floor":22,"gold_loss":0},{"damage_healed":0,"gold_gain":0,"player_choice":"Simplicity","damage_taken":0,"max_hp_gain":0,"max_hp_loss":0,"event_name":"Back to Basics","floor":30,"gold_loss":0,"cards_upgraded":["Strike_G","Strike_G","Strike_G","Strike_G","Defend_G","Defend_G","Defend_G","Defend_G","Defend_G"]}],"is_beta":false,"boss_relics":[{"not_picked":["Black Star","Cursed Key"],"picked":"SlaversCollar"}],"items_purged_floors":[31],"is_endless":true,"potions_floor_spawned":[1,3,7,8,16,27],"killed_by":"Champ","ascension_level":0}}