{"host":"5padt50u07xd1iby","time":1610629064,"event":{"mods":["AchievementEnabler","Aspiration","BaseMod","Colored Map","Colored Powertips","Conspire","Dark Map","Downfall","Hubris","Minty Spire (QoL Compilation)","Replay The Spire","Retaliation","Shop Mod","StSLib","SuperFastMode","The Blue Laboratory","everything is the same but u backflip on backflip"],"gold_per_floor":[110,129,147,347,372,403,418,434,486,499,525,24,44,64,64,161,161,179,208,219,234,234,260,260,260,260,271,271,301,601,614,614,614,614,614,614,614,614,38,38,38,38,83,83,100,100,100,100,100,100],"floor_reached":51,"language":"ENG","playtime":2334,"items_purged":[],"score":990,"play_id":"cffecd99-6231-41e5-9d8f-c2d1149428e8","local_time":"20210114135744","is_ascension_mode":false,"campfire_choices":[{"data":"Apotheosis","floor":15.0,"key":"SMITH"},{"floor":24.0,"key":"REST"},{"data":"Strike_B","floor":32.0,"key":"SMITH"},{"floor":40,"key":"REST"},{"floor":49,"key":"REST"}],"circlet_count":0,"master_deck":["Strike_B","Strike_B","Strike_B+1","Strike_B","Defend_B","Defend_B","Defend_B","Defend_B","Zap","Dualcast","ReplayTheSpireMod:Calculation Training","Rebound","Rebound","ReplaySolidLightProjector+1","Fusion","Cold Snap","Heatsinks","Echo Form","Conserve Battery","Ball Lightning+1","Apotheosis+1","Mirror Shield+1","Electrodynamics","Compile Driver+1","Rip and Tear","ReplaySolidLightProjector","FTL","Storm+1","FTL","expansioncontent:StudyTheSpire","Defragment","Hologram+1","Consume","hubris:Ukulele","Beam Cell","DDmod:MulticlassingSkill","Rebound+1","Master of Strategy","expansioncontent:CaCaw","Blizzard","Cold Snap","ReplayTheSpireMod:Repulse"],"relics":["Cracked Core","Gremlin Food","Mercury Hourglass","Tiny Chest","Replay:Mystery Machine","aspiration:KaomsHeart"],"acts_visited":["Exordium","TheCity","TheBeyond"],"potions_floor_usage":[50,50],"damage_taken":[{"damage":1.0,"enemies":"Cultist","floor":1.0,"turns":3.0},{"damage":5.0,"enemies":"Small Slimes","floor":2.0,"turns":2.0},{"damage":3.0,"enemies":"2 Louse","floor":3.0,"turns":2.0},{"damage":33.0,"enemies":"3 Sentries","floor":6.0,"turns":9.0},{"damage":7.0,"enemies":"Exordium Wildlife","floor":7.0,"turns":3.0},{"damage":0.0,"enemies":"3 Louse","floor":8.0,"turns":1.0},{"damage":0.0,"enemies":"Looter","floor":10.0,"turns":1.0},{"damage":25.0,"enemies":"Gremlin Nob","floor":11.0,"turns":4.0},{"damage":12.0,"enemies":"2 Fungi Beasts","floor":13.0,"turns":3.0},{"damage":0.0,"enemies":"Large Slime","floor":14.0,"turns":5.0},{"damage":3.0,"enemies":"The Guardian","floor":16.0,"turns":8.0},{"damage":3.0,"enemies":"Spheric Guardian","floor":18.0,"turns":3.0},{"damage":16.0,"enemies":"conspire:MimicChest","floor":19.0,"turns":6.0},{"damage":15.0,"enemies":"Chosen","floor":20.0,"turns":4.0},{"damage":26.0,"enemies":"Shelled Parasite and Fungi","floor":21.0,"turns":7.0},{"damage":0.0,"enemies":"hubris:Merchant","floor":22.0,"turns":1.0},{"damage":48.0,"enemies":"Book of Stabbing","floor":23.0,"turns":6.0},{"damage":26.0,"enemies":"Centurion and Healer","floor":27.0,"turns":7.0},{"damage":18.0,"enemies":"Gremlin Leader","floor":29.0,"turns":4.0},{"damage":222.0,"enemies":"hubris:Merchant","floor":30.0,"turns":11.0},{"damage":10.0,"enemies":"Cultist and Chosen","floor":31.0,"turns":2.0},{"damage":0.0,"enemies":"conspire:MysteriousRune","floor":33.0,"turns":1.0},{"damage":0.0,"enemies":"Orb Walker","floor":35.0,"turns":1.0},{"damage":0.0,"enemies":"3 Darklings","floor":37.0,"turns":1.0},{"damage":0.0,"enemies":"Transient","floor":38.0,"turns":1.0},{"damage":0,"enemies":"Writhing Mass","floor":41,"turns":1},{"damage":0,"enemies":"Nemesis","floor":42,"turns":1},{"damage":0,"enemies":"Reptomancer","floor":44,"turns":1},{"damage":0,"enemies":"Spire Growth","floor":45,"turns":1},{"damage":0,"enemies":"3 Darklings","floor":47,"turns":1},{"damage":0,"enemies":"Maw","floor":48,"turns":1},{"damage":159,"enemies":"Awakened One","floor":50,"turns":9}],"seed_played":"850313294935882957","potions_obtained":[{"floor":1.0,"key":"blueLaboratory:LouseDecoction"},{"floor":2.0,"key":"LiquidBronze"},{"floor":7.0,"key":"blueLaboratory:SavagePotion"},{"floor":13.0,"key":"blueLaboratory:HeartbeatPotion"},{"floor":16.0,"key":"champ:CounterPotion"},{"floor":30.0,"key":"blueLaboratory:CorrosionFlask"},{"floor":30.0,"key":"blueLaboratory:TeslaPotion"},{"floor":30.0,"key":"blueLaboratory:ConsumingVoid"}],"is_trial":false,"path_per_floor":["M","M","M","?","T","E","M","M","T","M","E","$","M","M","R","B",null,"M","?","M","M","$","E","R","?","T","M","?","E","$","M","R","B",null,"M","T","M","M","$","R","M","E","T","E","M","?","M","M","R","B",null],"character_chosen":"DEFECT","items_purchased":["Ball Lightning+1","Apotheosis","aspiration:KaomsHeart","MerchantsRug","Master of Strategy","expansioncontent:CaCaw","Blizzard","Cold Snap","ReplayTheSpireMod:Repulse"],"campfire_rested":3,"item_purchase_floors":[12,12,12,39,39,39,39,39,39],"current_hp_per_floor":[81,76,73,41,41,8,1,1,1,1,36,136,124,124,124,121,182,179,163,148,122,122,74,128,128,128,102,102,84,81,71,71,71,182,182,182,182,182,182,182,182,182,182,182,182,182,182,182,182,23],"gold":100,"neow_bonus":"TEN_PERCENT_HP_BONUS","is_daily":false,"chose_seed":false,"campfire_upgraded":2,"win_rate":0.0,"timestamp":1610629064,"path_taken":["M","M","?","?","?","E","M","M","T","M","E","$","M","M","R","BOSS","M","?","M","M","$","E","R","?","T","M","?","E","$","M","R","BOSS","M","?","M","M","$","R","M","E","T","E","M","?","?","M","R","BOSS"],"items_purchased_type":["Card","Card","Relic","Relic","Card","Card","Card","Card","Card"],"build_version":"2020-12-22","purchased_purges":0,"victory":true,"max_hp_per_floor":[82,82,82,82,82,82,82,82,82,82,82,182,182,182,182,182,182,182,182,182,182,182,182,182,182,182,182,182,182,182,182,182,182,182,182,182,182,182,182,182,182,182,182,182,182,182,182,182,182,182],"card_choices":[{"not_picked":["Beam Cell","conspire:Rain"],"picked":"ReplayTheSpireMod:Calculation Training","floor":1.0},{"not_picked":["Coolheaded","Sweeping Beam"],"picked":"Rebound","floor":2.0},{"not_picked":["Force Field","Barrage"],"picked":"Rebound","floor":3.0},{"not_picked":["ReplayTheSpireMod:Reroute Power","Panic Button"],"picked":"ReplaySolidLightProjector","floor":4.0},{"not_picked":["Coolheaded","Panic Button"],"picked":"Fusion","floor":6.0},{"not_picked":["hubris:PowerSurge","ReplayTheSpireMod:Reroute Power"],"picked":"Cold Snap","floor":7.0},{"not_picked":["Steam Power","Cold Snap"],"picked":"Heatsinks","floor":8.0},{"not_picked":["Cold Snap","Conserve Battery"],"picked":"Echo Form","floor":10.0},{"not_picked":["Hologram","Panic Button"],"picked":"Conserve Battery","floor":11.0},{"not_picked":["ReplayTheSpireMod:GoodbyeWorld","Reinforced Body"],"picked":"Mirror Shield","floor":13.0},{"not_picked":["Sweeping Beam","Cold Snap","Go for the Eyes"],"picked":"SKIP","floor":14.0},{"not_picked":["ReplayRNGCard","Creative AI"],"picked":"Electrodynamics","floor":16.0},{"not_picked":["Rebound","BasicCrystalCard"],"picked":"Compile Driver+1","floor":18.0},{"not_picked":["BasicCrystalCard","Coolheaded"],"picked":"Rip and Tear","floor":19.0},{"not_picked":["Panic Button","Stack"],"picked":"ReplaySolidLightProjector","floor":20.0},{"not_picked":["Streamline","conspire:Rain"],"picked":"FTL","floor":21.0},{"not_picked":["Streamline+1","Coolheaded"],"picked":"Storm+1","floor":23.0},{"not_picked":["Gash","Redo","Reinforced Body"],"picked":"SKIP","floor":27.0},{"not_picked":["hubris:PowerSurge","Beam Cell"],"picked":"FTL","floor":29.0},{"not_picked":[],"picked":"expansioncontent:StudyTheSpire","floor":30.0},{"not_picked":[],"picked":"Defragment","floor":30.0},{"not_picked":[],"picked":"Hologram","floor":30.0},{"not_picked":[],"picked":"Consume","floor":30.0},{"not_picked":[],"picked":"hubris:Ukulele","floor":30.0},{"not_picked":[],"picked":"Beam Cell","floor":30.0},{"not_picked":[],"picked":"DDmod:MulticlassingSkill","floor":30.0},{"not_picked":["Gash+1","Tempest"],"picked":"Rebound+1","floor":31.0},{"not_picked":["BasicCrystalCard+1","Beam Cell","Leap+1"],"picked":"SKIP","floor":35.0},{"not_picked":["ReplayTheSpireMod:System Scan","Sweeping Beam+1","Genetic Algorithm"],"picked":"SKIP","floor":37.0},{"not_picked":["Blizzard","Streamline+1","Capacitor+1"],"picked":"SKIP","floor":38.0},{"not_picked":["Hologram+1","Redo+1","Reprogram"],"picked":"SKIP","floor":41},{"not_picked":["Time Bomb","Cold Snap","Static Discharge"],"picked":"SKIP","floor":42},{"not_picked":["Leap","Capacitor","Electrodynamics"],"picked":"SKIP","floor":44},{"not_picked":["Panic Button+1","Ball Lightning+1","Hologram+1"],"picked":"SKIP","floor":45},{"not_picked":["Beam Cell+1","Consume","Steam"],"picked":"SKIP","floor":47},{"not_picked":["Rip and Tear+1","ReplayTheSpireMod:System Scan","Beam Cell"],"picked":"SKIP","floor":48}],"player_experience":105509,"relics_obtained":[{"floor":5.0,"key":"Gremlin Food"},{"floor":6.0,"key":"Mercury Hourglass"},{"floor":9.0,"key":"Tiny Chest"},{"floor":11.0,"key":"Replay:Mystery Machine"},{"floor":19.0,"key":"aspiration:KMNothing"},{"floor":23.0,"key":"aspiration:KMNothing"},{"floor":25.0,"key":"Ring of Peace"},{"floor":25.0,"key":"ReplayTheSpireMod:Ring of Challenge"},{"floor":26.0,"key":"aspiration:KMNothing"},{"floor":29.0,"key":"aspiration:KMNothing"},{"floor":30.0,"key":"aspiration:KMNothing"},{"floor":30.0,"key":"aspiration:KMNothing"},{"floor":30.0,"key":"aspiration:KMNothing"},{"floor":43,"key":"aspiration:KMNothing"}],"event_choices":[{"cards_removed":["Languid"],"damage_healed":0.0,"max_hp_gain":0.0,"max_hp_loss":0.0,"gold_gain":0.0,"event_name":"Bonfire Elementals","player_choice":"Offered Curse","floor":28.0,"gold_loss":0.0,"damage_taken":0.0,"relics_obtained":["Spirit Poop"]}],"is_beta":false,"boss_relics":[{"not_picked":["aspiration:KMNothing","aspiration:KMNothing"],"picked":"aspiration:KMNothing"},{"not_picked":["aspiration:KMNothing","aspiration:KMNothing"],"picked":"aspiration:KMNothing"}],"items_purged_floors":[],"is_endless":false,"potions_floor_spawned":[1,2,7,13,16,21,27,31,37,42,44,48],"ascension_level":0}}