{"host":"9kesdg97wkrx2bva","time":1610603547,"event":{"mods":["AchievementEnabler","BaseMod","Colored Map","Downfall","GifTheSpireLib","Infinite Spire","Minty Spire (QoL Compilation)","Replay The Spire","StSLib"],"gold_per_floor":[115,115,3,19,31,61,61,61,87,87,67,87,87,100,100,176,176,188,201,251,251,251,251,284,124,124,124,124],"floor_reached":27,"language":"ENG","playtime":549,"items_purged":["Strike_B","Strike_B"],"score":527,"play_id":"b913edfb-cfd4-45e4-baf6-e7b3b6d516d0","local_time":"20210114005227","is_ascension_mode":true,"campfire_choices":[{"floor":7,"key":"REST"},{"data":"White Noise","floor":10,"key":"SMITH"},{"data":"Gash","floor":13,"key":"SMITH"},{"data":"Gash","floor":15,"key":"SMITH"},{"data":"Creative AI","floor":23,"key":"SMITH"}],"circlet_count":0,"master_deck":["AscendersBane","Defend_B","Defend_B","Defend_B","Zap","Dualcast","Sweeping Beam","BootSequence","Gash+1","Gash+1","Gash","White Noise+1","Ball Lightning","Scrape","Electrodynamics","Creative AI+1","Gash","Gash"],"relics":["Cracked Core","Dream Catcher","Replay:Antivirus Software","Coffee Dripper","Bronze Scales","Replay:Bottled Snecko","Mummified Hand"],"acts_visited":["Exordium","TheCity"],"potions_floor_usage":[16,18,19,24,27],"damage_taken":[{"damage":0,"enemies":"Jaw Worm","floor":1,"turns":3},{"damage":0,"enemies":"Small Slimes","floor":4,"turns":3},{"damage":6,"enemies":"Cultist","floor":5,"turns":3},{"damage":35,"enemies":"Lagavulin","floor":6,"turns":5},{"damage":0,"enemies":"Blue Slaver","floor":12,"turns":3},{"damage":6,"enemies":"3 Louse","floor":14,"turns":3},{"damage":0,"enemies":"Slime Boss","floor":16,"turns":5},{"damage":16,"enemies":"Shell Parasite","floor":18,"turns":4},{"damage":13,"enemies":"3 Byrds","floor":19,"turns":3},{"damage":29,"enemies":"Book of Stabbing","floor":24,"turns":4},{"damage":15,"enemies":"Slavers","floor":27,"turns":3}],"seed_played":"-4986703034637297974","potions_obtained":[{"floor":1,"key":"SpeedPotion"},{"floor":6,"key":"GamblersBrew"},{"floor":18,"key":"champ:CounterPotion"},{"floor":19,"key":"FocusPotion"},{"floor":24,"key":"FearPotion"}],"is_trial":false,"path_per_floor":["M","?","$","M","M","E","R","?","T","R","?","M","R","M","R","B",null,"M","M","?","?","AVR","R","E","$","T","E"],"character_chosen":"DEFECT","items_purchased":["Gash","infinitespire:BlackPotion"],"campfire_rested":1,"item_purchase_floors":[3,25],"current_hp_per_floor":[64,64,64,64,58,23,42,63,63,63,63,63,63,57,57,57,62,46,33,33,33,33,33,4,4,4,0,0],"gold":124,"neow_bonus":"TRANSFORM_TWO_CARDS","is_daily":false,"chose_seed":false,"campfire_upgraded":4,"win_rate":0.0,"timestamp":1610603547,"path_taken":["M","?","$","M","M","E","R","?","T","R","?","?","R","M","R","BOSS","M","M","?","?","AVR","R","E","$","T","E"],"items_purchased_type":["Card","Potion"],"build_version":"2020-12-22","purchased_purges":2,"victory":false,"max_hp_per_floor":[64,64,64,64,64,64,64,64,64,64,64,64,64,64,64,64,64,64,64,64,64,64,64,64,64,64,64,64],"card_choices":[{"not_picked":["Barrage","Go for the Eyes"],"picked":"Gash","floor":1},{"not_picked":["Redo","Recycle"],"picked":"White Noise","floor":4},{"not_picked":["Streamline","Steam"],"picked":"Ball Lightning","floor":5},{"not_picked":["Hello World","Compile Driver","Conserve Battery"],"picked":"SKIP","floor":6},{"not_picked":["Steam Power","Streamline"],"picked":"Scrape","floor":7},{"not_picked":["Stack","Sweeping Beam","Steam"],"picked":"SKIP","floor":12},{"not_picked":["Double Energy","Hologram"],"picked":"Electrodynamics","floor":14},{"not_picked":["ReplayRNGCard","Meteor Strike"],"picked":"Creative AI","floor":16},{"not_picked":["Ball Lightning+1","Hologram+1"],"picked":"Gash","floor":18},{"not_picked":["Conserve Battery","Steam"],"picked":"Gash","floor":19},{"not_picked":["Sweeping Beam","Time Bomb","Streamline"],"picked":"SKIP","floor":24}],"player_experience":928243,"relics_obtained":[{"floor":6,"key":"Dream Catcher"},{"floor":9,"key":"Replay:Antivirus Software"},{"floor":24,"key":"Replay:Bottled Snecko"},{"floor":26,"key":"Mummified Hand"}],"event_choices":[{"cards_removed":["Strike_B"],"damage_healed":0,"gold_gain":0,"player_choice":"Forget","damage_taken":0,"max_hp_gain":0,"max_hp_loss":0,"event_name":"Living Wall","floor":2,"gold_loss":0},{"damage_healed":21,"gold_gain":0,"player_choice":"Banana","damage_taken":0,"max_hp_gain":0,"max_hp_loss":0,"event_name":"Big Fish","floor":8,"gold_loss":0},{"damage_healed":0,"gold_gain":0,"player_choice":"Bought 1 Potion","damage_taken":0,"max_hp_gain":0,"max_hp_loss":0,"event_name":"The Woman in Blue","floor":11,"gold_loss":0},{"damage_healed":0,"gold_gain":50,"player_choice":"Stole From Cult","damage_taken":0,"max_hp_gain":0,"max_hp_loss":0,"event_name":"Nest","floor":20,"gold_loss":0},{"damage_healed":0,"gold_gain":0,"player_choice":"Ignored","damage_taken":0,"max_hp_gain":0,"max_hp_loss":0,"event_name":"Ghosts","floor":21,"gold_loss":0}],"is_beta":false,"boss_relics":[{"not_picked":["Inserter","Nuclear Battery"],"picked":"Coffee Dripper"}],"items_purged_floors":[3,22],"is_endless":false,"potions_floor_spawned":[1,6,18,19,24],"killed_by":"Slavers","ascension_level":16}}