{"host":"r6ixdbpnwahtqyu3","time":1610590239,"event":{"mods":["BaseMod","CapriCore","Colored Map","Friendly Minions","Koishi","Marisa（霧雨　魔理沙）","Minty Spire (QoL Compilation)","Remilia（蕾米莉?）","StSLib","The Immortal","The Servant 0.9.4"],"gold_per_floor":[109,109,128,183,195,225,225,225,225],"floor_reached":8,"language":"ENG","playtime":415,"items_purged":[],"score":78,"play_id":"de25e25b-f811-411d-bb3e-14d4f8538b94","local_time":"20210113211039","is_ascension_mode":true,"campfire_choices":[{"floor":7,"key":"REST"}],"circlet_count":0,"master_deck":["Koishi:BasicStrike","Koishi:BasicStrike","Koishi:BasicStrike","Koishi:BasicDefend","Koishi:BasicDefend","Koishi:BasicDefend","Koishi:BasicDefend","Koishi:Provoke","Koishi:HauntingSlash","Koishi:JumpScare","Koishi:BramblyRoseGarden"],"relics":["Koishi:ImaginaryFriend","Toy Ornithopter","Molten Egg 2"],"acts_visited":["Exordium"],"potions_floor_usage":[0,6,8],"damage_taken":[{"damage":0,"enemies":"Cultist","floor":1,"turns":4},{"damage":10,"enemies":"Jaw Worm","floor":3,"turns":7},{"damage":2,"enemies":"Small Slimes","floor":5,"turns":6},{"damage":36,"enemies":"3 Sentries","floor":6,"turns":13},{"damage":61,"enemies":"Gremlin Nob","floor":8,"turns":7}],"seed_played":"6574197540611821017","potions_obtained":[{"floor":0,"key":"Weak Potion"},{"floor":0,"key":"Fruit Juice"},{"floor":0,"key":"LiquidBronze"},{"floor":1,"key":"Dexterity Potion"}],"is_trial":false,"path_per_floor":["M","?","M","T","M","E","R","E"],"character_chosen":"KOISHI","items_purchased":[],"campfire_rested":1,"item_purchase_floors":[],"current_hp_per_floor":[61,54,49,49,51,24,43,0,0],"gold":225,"neow_bonus":"THREE_SMALL_POTIONS","is_daily":false,"chose_seed":false,"campfire_upgraded":0,"win_rate":0.0,"timestamp":1610590239,"path_taken":["M","?","M","?","M","E","R","E"],"items_purchased_type":[],"build_version":"2020-12-22","purchased_purges":0,"victory":false,"max_hp_per_floor":[65,65,65,65,65,65,65,65,65],"card_choices":[{"not_picked":["Koishi:BloodcurdlingScream","Koishi:CatchAndRose"],"picked":"Koishi:JumpScare","floor":1},{"not_picked":["Koishi:SpiritedAway","Koishi:UnconsciousUprising","Koishi:PhantomBarrier"],"picked":"SKIP","floor":3},{"not_picked":["Koishi:Vanish","Koishi:SubconsciousSweep"],"picked":"Koishi:BramblyRoseGarden","floor":5},{"not_picked":["Koishi:BloodcurdlingScream+1","Koishi:SubterraneanRose","Koishi:GeneticsOfTheUnconscious"],"picked":"SKIP","floor":6}],"player_experience":388414,"relics_obtained":[{"floor":4,"key":"Toy Ornithopter"},{"floor":6,"key":"Molten Egg 2"}],"event_choices":[{"cards_removed":["Koishi:BasicStrike"],"damage_healed":0,"gold_gain":0,"player_choice":"Card Removal","damage_taken":7,"max_hp_gain":0,"max_hp_loss":0,"event_name":"Golden Wing","floor":2,"gold_loss":0}],"is_beta":false,"boss_relics":[],"items_purged_floors":[],"is_endless":false,"potions_floor_spawned":[1,3],"killed_by":"Gremlin Nob","ascension_level":8}}