{"host":"840yoaz69lavfcgt","time":1610595241,"event":{"mods":["BaseMod","Colored Powertips","DeckTracker","Highlight Path","Minty Spire (QoL Compilation)","Synergy Search"],"gold_per_floor":[115,41,41,61,78,78,104,6,6,6,6,20,55,66,66,66,66],"floor_reached":16,"language":"ENG","playtime":1116,"items_purged":[],"score":110,"play_id":"7d1a180f-2747-4cf6-9f5a-62d5948ffe37","local_time":"20210113223401","is_ascension_mode":false,"campfire_choices":[{"data":"Finisher","floor":6,"key":"SMITH"},{"floor":11,"key":"REST"},{"data":"Finisher","floor":15,"key":"SMITH"}],"circlet_count":0,"master_deck":["Strike_G","Strike_G","Strike_G","Strike_G","Strike_G","Defend_G","Defend_G","Defend_G","Defend_G","Survivor","Neutralize","Finisher+1","Underhanded Strike","Bane","Blade Dance","Poisoned Stab","Crippling Poison","Infinite Blades+1","Outmaneuver","Flying Knee","Finisher+1","Deadly Poison"],"relics":["Ring of the Snake","Bottled Flame","HornCleat","Potion Belt"],"acts_visited":["Exordium"],"potions_floor_usage":[7,13,16],"damage_taken":[{"damage":0,"enemies":"Jaw Worm","floor":1,"turns":4},{"damage":0,"enemies":"Cultist","floor":4,"turns":3},{"damage":0,"enemies":"2 Louse","floor":5,"turns":2},{"damage":19,"enemies":"3 Sentries","floor":7,"turns":7},{"damage":0,"enemies":"Large Slime","floor":12,"turns":3},{"damage":4,"enemies":"Lagavulin","floor":13,"turns":6},{"damage":9,"enemies":"Blue Slaver","floor":14,"turns":3},{"damage":68,"enemies":"The Guardian","floor":16,"turns":8}],"seed_played":"-4411152865346620133","potions_obtained":[{"floor":4,"key":"SpeedPotion"},{"floor":5,"key":"Fruit Juice"},{"floor":12,"key":"Block Potion"}],"is_trial":false,"path_per_floor":["M","$","?","M","M","R","E","$","T","?","R","M","E","M","R","B"],"character_chosen":"THE_SILENT","items_purchased":["Bane","Blade Dance","Poison Potion","Outmaneuver"],"campfire_rested":1,"item_purchase_floors":[2,2,8,8],"current_hp_per_floor":[70,70,70,70,70,70,56,56,56,56,75,75,71,62,62,0,0],"gold":66,"neow_bonus":"TRANSFORM_CARD","is_daily":false,"chose_seed":false,"campfire_upgraded":2,"win_rate":0.0,"timestamp":1610595241,"path_taken":["M","$","?","?","M","R","E","$","T","?","R","M","E","M","R","BOSS"],"items_purchased_type":["Card","Card","Potion","Card"],"build_version":"2020-12-22","purchased_purges":0,"victory":false,"max_hp_per_floor":[70,70,70,70,70,70,75,75,75,75,75,75,75,75,75,75,75],"card_choices":[{"not_picked":["Acrobatics","Sucker Punch"],"picked":"Underhanded Strike","floor":1},{"not_picked":["Infinite Blades","Bane"],"picked":"Poisoned Stab","floor":4},{"not_picked":["Caltrops","Underhanded Strike"],"picked":"Crippling Poison","floor":5},{"not_picked":["PiercingWail","Prepared"],"picked":"Infinite Blades","floor":7},{"not_picked":["Sucker Punch","Backflip"],"picked":"Flying Knee","floor":12},{"not_picked":["Glass Knife","Dodge and Roll"],"picked":"Finisher","floor":13},{"not_picked":["Eviscerate","Reflex"],"picked":"Deadly Poison","floor":14}],"player_experience":190251,"relics_obtained":[{"floor":7,"key":"Bottled Flame"},{"floor":9,"key":"HornCleat"},{"floor":13,"key":"Potion Belt"}],"event_choices":[{"damage_healed":0,"gold_gain":0,"player_choice":"Ignored","damage_taken":0,"max_hp_gain":0,"max_hp_loss":0,"event_name":"Purifier","floor":3,"gold_loss":0},{"damage_healed":0,"gold_gain":0,"player_choice":"Grow","damage_taken":0,"max_hp_gain":0,"max_hp_loss":0,"event_name":"Living Wall","floor":10,"gold_loss":0,"cards_upgraded":["Infinite Blades"]}],"is_beta":false,"boss_relics":[],"items_purged_floors":[],"is_endless":false,"potions_floor_spawned":[4,5,12],"killed_by":"The Guardian","ascension_level":0}}