{"host":"yixuankeer","time":1610632280,"event":{"mods":["Arknights The Spire","BaseMod","Minty Spire (QoL Compilation)","Replay The Spire","Spicy Shops","StSLib","[GremlinLeader]The Maniac","¡¾ÒÅÎï¿¨ÅÆ¡¿REMEMod"],"gold_per_floor":[113,132,146,157,157,157,157],"floor_reached":6,"language":"ZHS","playtime":532,"items_purged":[],"score":38,"play_id":"c0fe4524-6f4a-4b3b-9f0a-270fbf24a6cf","local_time":"20210114215120","daily_mods":["Heirloom"],"is_ascension_mode":false,"campfire_choices":[],"circlet_count":0,"master_deck":["maniac:Strike","maniac:Strike","maniac:Strike","maniac:Strike","maniac:Strike","maniac:Defend","maniac:Defend","maniac:Defend","maniac:Defend","maniac:BurnBlood","maniac:AbyssShackle","ReplayTheSpireMod:Trickstab","maniac:BladesInCloak","maniac:Assassinate","maniac:SpectralFlash","maniac:ShelteringEdge"],"relics":["maniac:DamagedAnvil","maniac:BrokenHorn","REME_ComplimentaryCards","Pocketwatch"],"acts_visited":["Exordium"],"potions_floor_usage":[],"damage_taken":[{"damage":0,"enemies":"2 Louse","floor":1,"turns":3},{"damage":11,"enemies":"Small Slimes","floor":2,"turns":3},{"damage":6,"enemies":"Jaw Worm","floor":3,"turns":3},{"damage":8,"enemies":"Blue Slaver","floor":4,"turns":4},{"damage":0,"enemies":"3 Sentries","floor":6,"turns":2}],"seed_played":"-888321603465026394","potions_obtained":[{"floor":2,"key":"BlessingOfTheForge"}],"is_trial":true,"path_per_floor":["M","M","M","M","WH","E"],"character_chosen":"THE_MANIAC","items_purchased":[],"campfire_rested":0,"item_purchase_floors":[],"current_hp_per_floor":[80,69,63,55,55,55,55],"gold":157,"neow_bonus":"","is_daily":false,"chose_seed":false,"campfire_upgraded":0,"win_rate":0.0,"timestamp":1610632280,"path_taken":["M","M","M","M","WH","E"],"items_purchased_type":[],"build_version":"2020-12-18","purchased_purges":0,"victory":false,"max_hp_per_floor":[80,80,80,80,80,80,80],"card_choices":[{"not_picked":["maniac:Quickdraw","maniac:Confront"],"picked":"maniac:BladesInCloak","floor":1},{"not_picked":["maniac:ManipulatedFaith","maniac:FindAShortcut"],"picked":"maniac:Assassinate","floor":2},{"not_picked":["maniac:MortalSteel","maniac:Confront"],"picked":"maniac:SpectralFlash","floor":3},{"not_picked":["maniac:BladesInCloak","maniac:FoilArmor"],"picked":"maniac:ShelteringEdge","floor":4}],"player_experience":16579,"relics_obtained":[],"event_choices":[],"is_beta":true,"boss_relics":[],"items_purged_floors":[],"is_endless":true,"potions_floor_spawned":[2],"killed_by":"3 Sentries","ascension_level":0}}