{"host":"m6ptjq1h7q0nif66","time":1610616693,"event":{"mods":["2.2 Compatiblity","Aspiration","BaseMod","Beaked The Cultist","Better Third Choice","BetterRewards","Colored Map","Colored Powertips","Googly Eyes","Halation","Hermit","Hubris","Infinite Spire","Minty Spire (QoL Compilation)","Permanent Neow","Quick Restart","Relic Stats","Remove Card Discount Mod","Replay The Spire","Shop Mod","StSLib","SuperFastMode","The Construct","The Cursed"],"gold_per_floor":[111,180,195,212,212,212,245,245,270,270,284,319,336,511,511,610,610,626,644,185,185,185,185,185,185,185,185,185,185,185,185,185,185,185,185,185,185,80,80,80,80,80,80,80,80,80,80,80,80,80,80,80,9,9,9],"floor_reached":56,"language":"ENG","playtime":3779,"items_purged":["hermit:Strike_Hermit","hermit:Strike_Hermit","hermit:Defend_Hermit","hermit:Strike_Hermit","hermit:Strike_Hermit"],"score":1282,"play_id":"1de99d16-f571-4e81-b313-10d4196b66b1","local_time":"20210114093133","is_ascension_mode":false,"campfire_choices":[{"data":"Apotheosis","floor":6,"key":"SMITH"},{"floor":8,"key":"REST"},{"floor":10,"key":"RECALL"},{"floor":15,"key":"REST"},{"floor":23,"key":"REST"},{"floor":29,"key":"REST"},{"floor":40,"key":"REST"},{"floor":49,"key":"REST"},{"data":"hermit:Determination","floor":52,"key":"SMITH"}],"circlet_count":0,"master_deck":["hermit:Defend_Hermit","hermit:Defend_Hermit","hermit:Defend_Hermit","hermit:Snapshot","hermit:Covet","hermit:ShadowCloak","Apotheosis+1","hermit:Brawl","hermit:Brawl","hermit:Headshot","ReplayTheSpireMod:Splinters","hermit:WideOpen","hermit:Determination+1","hermit:BigShot","Regret","hermit:Ricochet","hermit:Grudge","hermit:FlashPowder","Doubt","hermit:FinalCanter","hermit:BigShot+1","hermit:Gestalt+1","hermit:Gestalt","hermit:Glare+1","hubris:NaturalOne","hermit:ShadowCloak","hermit:HoleUp","hermit:ShadowCloak","hermit:FlashPowder+1","Pot Of Greed","Pot Of Greed","Pot Of Greed","hermit:Horror+1","hermit:BigShot","hermit:Dive","hermit:FlashPowder","hermit:Gestalt"],"relics":["hermit:Momento","Du-Vu Doll","infinitespire:Satchel","Bottled Lightning","ReplayTheSpireMod:TigerMarble","Black Star","Blood Vial","infinitespire:Beetle Shell","MerchantsRug","Ectoplasm","hubris:Icosahedron","CaptainsWheel","Singing Bowl","Oddly Smooth Stone","Juzu Bracelet","Painkiller Herb","halation:PinkSoulGem","Anchor","hubris:TinFlute","Grinning Jar","Vajra","hubris:CuriousFeather","Bottled Tornado","Golden Egg"],"acts_visited":[],"potions_floor_usage":[38],"damage_taken":[{"damage":13,"enemies":"Jaw Worm","floor":1,"turns":5},{"damage":7,"enemies":"2 Louse","floor":3,"turns":3},{"damage":1,"enemies":"Cultist","floor":4,"turns":4},{"damage":17,"enemies":"Lagavulin","floor":7,"turns":6},{"damage":4,"enemies":"2 Fungi Beasts","floor":11,"turns":4},{"damage":2,"enemies":"Replay:BlueRogue","floor":12,"turns":5},{"damage":8,"enemies":"3 Louse","floor":13,"turns":3},{"damage":9,"enemies":"Hexaghost","floor":16,"turns":7},{"damage":18,"enemies":"2 Thieves","floor":18,"turns":4},{"damage":18,"enemies":"Chosen","floor":19,"turns":3},{"damage":8,"enemies":"Book of Stabbing","floor":24,"turns":4},{"damage":12,"enemies":"Centurion and Healer","floor":25,"turns":5},{"damage":3,"enemies":"Shelled Parasite and Fungi","floor":27,"turns":2},{"damage":0,"enemies":"3 Cultists","floor":28,"turns":3},{"damage":25,"enemies":"Gremlin Leader","floor":30,"turns":5},{"damage":20,"enemies":"hubris:MusketHawk","floor":33,"turns":6},{"damage":23,"enemies":"3 Shapes","floor":35,"turns":4},{"damage":16,"enemies":"Orb Walker","floor":36,"turns":3},{"damage":16,"enemies":"4 Shapes","floor":41,"turns":5},{"damage":1,"enemies":"Giant Head","floor":42,"turns":8},{"damage":0,"enemies":"R_Hoarder","floor":44,"turns":6},{"damage":5,"enemies":"Maw","floor":45,"turns":6},{"damage":15,"enemies":"3 Darklings","floor":47,"turns":4},{"damage":2,"enemies":"Spire Growth","floor":48,"turns":4},{"damage":22,"enemies":"infinitespire:MassOfShapes","floor":50,"turns":10},{"damage":29,"enemies":"Shield and Spear","floor":54,"turns":7},{"damage":4,"enemies":"The Heart","floor":55,"turns":9}],"seed_played":"4849871190575058930","potions_obtained":[{"floor":1,"key":"SpeedPotion"},{"floor":2,"key":"SpeedPotion"},{"floor":2,"key":"Reflective Coating"},{"floor":45,"key":"Swift Potion"}],"is_trial":false,"path_per_floor":["M","?","M","M","?","R","E","R","T","R","M","E","M","?","R","B",null,"M","M","$","HB","?","R","E","M","T","M","M","R","E","?","R_BF","B",null,"?","?","?","T","?","T","?","E","T","E","?","?","?","?","T","B",null,"T","T","E","B",null],"character_chosen":"HERMIT","items_purchased":["hermit:ShadowCloak","Apotheosis","hermit:Brawl","Du-Vu Doll","hermit:Brawl","Blood Vial","infinitespire:Beetle Shell","MerchantsRug","Fruit Juice","hermit:FlashPowder"],"campfire_rested":6,"item_purchase_floors":[0,0,0,0,0,20,20,20,38,53],"current_hp_per_floor":[62,62,55,54,54,54,37,59,59,59,55,53,57,57,75,66,75,57,39,39,39,39,61,55,47,47,46,50,73,50,50,50,34,81,60,48,48,53,55,82,70,77,77,79,84,84,71,73,96,74,96,96,96,67,65],"gold":9,"neow_bonus":"","is_daily":false,"chose_seed":false,"campfire_upgraded":2,"win_rate":0.0,"timestamp":1610616693,"path_taken":["M","?","M","M","?","R","E","R","T","R","M","E","?","?","R","BOSS","M","M","$","HB","?","R","E","M","T","M","M","R","E","?","R_BF","BOSS","?","?","?","T","?","T","?","E","T","E","?","?","?","?","T","BOSS","T","T","E","BOSS"],"items_purchased_type":["Card","Card","Card","Relic","Card","Relic","Relic","Relic","Potion","Card"],"build_version":"2020-12-22","purchased_purges":5,"victory":true,"max_hp_per_floor":[75,75,75,75,75,75,75,75,75,75,75,75,75,75,75,75,75,75,75,75,75,75,75,75,77,77,77,79,79,79,79,79,81,81,83,85,85,90,92,92,94,94,94,94,94,94,94,96,96,96,96,96,96,96,96],"relic_stats":{"Blood Vial":28,"Singing Bowl":16,"counters":[27,135],"Ectoplasm":454,"Black Star":5,"Juzu Bracelet":0,"obtain_stats":[{"Golden Egg":54,"Singing Bowl":24,"Vajra":44,"Painkiller Herb":34,"Juzu Bracelet":30,"Bottled Tornado":54,"Blood Vial":20,"hubris:Icosahedron":22,"hubris:CuriousFeather":44,"hubris:TinFlute":42,"MerchantsRug":20,"halation:OrihimeAndHikoboshiSamaAndTears":5,"Oddly Smooth Stone":26,"infinitespire:Beetle Shell":20,"Du-Vu Doll":0,"CaptainsWheel":24,"Anchor":42,"infinitespire:Satchel":7,"Ectoplasm":21,"ReplayTheSpireMod:TigerMarble":12,"Black Star":17,"Bottled Lightning":11,"Grinning Jar":43,"halation:PinkSoulGem":37,"hermit:Momento":0},{"Golden Egg":26,"Singing Bowl":11,"Vajra":21,"Painkiller Herb":16,"Juzu Bracelet":15,"Bottled Tornado":26,"Blood Vial":10,"hubris:Icosahedron":10,"hubris:CuriousFeather":21,"hubris:TinFlute":20,"MerchantsRug":10,"halation:OrihimeAndHikoboshiSamaAndTears":3,"Oddly Smooth Stone":12,"infinitespire:Beetle Shell":10,"Du-Vu Doll":0,"CaptainsWheel":11,"Anchor":20,"infinitespire:Satchel":4,"Ectoplasm":10,"ReplayTheSpireMod:TigerMarble":6,"Black Star":8,"Bottled Lightning":5,"Grinning Jar":20,"halation:PinkSoulGem":18,"hermit:Momento":0},{"Golden Egg":126,"Singing Bowl":48,"Vajra":95,"Painkiller Herb":69,"Juzu Bracelet":63,"Bottled Tornado":126,"Blood Vial":44,"hubris:Icosahedron":44,"hubris:CuriousFeather":95,"hubris:TinFlute":89,"MerchantsRug":44,"halation:OrihimeAndHikoboshiSamaAndTears":12,"Oddly Smooth Stone":53,"infinitespire:Beetle Shell":44,"Du-Vu Doll":0,"CaptainsWheel":48,"Anchor":89,"infinitespire:Satchel":18,"Ectoplasm":44,"ReplayTheSpireMod:TigerMarble":27,"Black Star":37,"Bottled Lightning":22,"Grinning Jar":89,"halation:PinkSoulGem":76,"hermit:Momento":0}]},"card_choices":[{"not_picked":["hermit:BodyArmor","hermit:ItchyTrigger"],"picked":"hermit:Headshot","floor":1},{"not_picked":["hermit:ItchyTrigger","hermit:Coalescence"],"picked":"hermit:WideOpen","floor":2},{"not_picked":["hermit:Vantage","hermit:ItchyTrigger"],"picked":"hermit:Determination","floor":3},{"not_picked":["hermit:Deadeye","hermit:Dive"],"picked":"hermit:BigShot","floor":4},{"not_picked":["hermit:Spite","hermit:Midnight"],"picked":"hermit:Ricochet","floor":7},{"not_picked":["hermit:Roulette","hermit:Vantage"],"picked":"hermit:Grudge","floor":11},{"not_picked":["hermit:Desperado","hermit:WideOpen"],"picked":"hermit:ItchyTrigger","floor":12},{"not_picked":["hermit:EyeOfTheStorm","hermit:Snipe"],"picked":"hermit:FlashPowder","floor":13},{"not_picked":["hermit:FatalDesire","hermit:Magnum"],"picked":"hermit:FinalCanter","floor":16},{"not_picked":["hermit:Brawl","hermit:Grudge"],"picked":"hermit:BigShot+1","floor":18},{"not_picked":["hermit:BodyArmor+1","hermit:Brawl"],"picked":"hermit:Gestalt+1","floor":19},{"not_picked":["hermit:CalledShot+1","hermit:Misfire"],"picked":"hermit:Gestalt","floor":24},{"not_picked":["hermit:HoleUp","hermit:EyeOfTheStorm+1","hermit:FullyLoaded+1"],"picked":"Singing Bowl","floor":25},{"not_picked":["hermit:Desperado","hermit:LowProfile"],"picked":"hermit:Glare+1","floor":27},{"not_picked":["hermit:TrackingShot+1","hermit:HighCaliber","hermit:Glare"],"picked":"Singing Bowl","floor":28},{"not_picked":["hermit:Snipe","hermit:SprayPray+1"],"picked":"hermit:ShadowCloak","floor":30},{"not_picked":["hermit:BlackWind","hermit:Purgatory","hermit:Dissolve"],"picked":"Singing Bowl","floor":33},{"not_picked":["hermit:Midnight+1","hermit:DeadMansHand","hermit:Vantage"],"picked":"Singing Bowl","floor":35},{"not_picked":["hermit:Roulette+1","hermit:BodyArmor+1","hermit:Desperado"],"picked":"Singing Bowl","floor":36},{"not_picked":["Replay:Bootleg Shield Generator","Thinking Ahead","Replay:Sssssssssshield"],"picked":"Singing Bowl","floor":39},{"not_picked":["hermit:Glare+1","hermit:LoneWolf+1","hermit:Quickdraw"],"picked":"Singing Bowl","floor":41},{"not_picked":["hermit:CursedWeapon+1","hermit:Vantage+1"],"picked":"hermit:FlashPowder+1","floor":42},{"not_picked":["hermit:Desperado+1","hermit:WideOpen+1"],"picked":"hermit:Horror+1","floor":44},{"not_picked":["hermit:Vantage+1","hermit:Brawl"],"picked":"hermit:BigShot","floor":45},{"not_picked":["hermit:BodyArmor","hermit:LowProfile"],"picked":"hermit:Dive","floor":47},{"not_picked":["hermit:HighCaliber","hermit:Headshot","hermit:CursedWeapon"],"picked":"Singing Bowl","floor":48},{"not_picked":["hermit:LuckOfTheDraw","hermit:Ricochet"],"picked":"hermit:Gestalt","floor":54}],"player_experience":203102,"relics_obtained":[{"floor":7,"key":"infinitespire:Satchel"},{"floor":12,"key":"ReplayTheSpireMod:TigerMarble"},{"floor":24,"key":"CaptainsWheel"},{"floor":24,"key":"Singing Bowl"},{"floor":26,"key":"Oddly Smooth Stone"},{"floor":30,"key":"Juzu Bracelet"},{"floor":42,"key":"Anchor"},{"floor":42,"key":"hubris:TinFlute"},{"floor":43,"key":"Grinning Jar"},{"floor":44,"key":"Vajra"},{"floor":44,"key":"hubris:CuriousFeather"},{"floor":54,"key":"Bottled Tornado"},{"floor":54,"key":"Golden Egg"}],"event_choices":[{"damage_healed":0,"gold_gain":0,"player_choice":"Box","damage_taken":0,"relics_obtained":["halation:OrihimeAndHikoboshiSamaAndTears"],"max_hp_gain":0,"max_hp_loss":0,"event_name":"Big Fish","floor":5,"gold_loss":0,"cards_obtained":["Regret"]},{"damage_healed":0,"gold_gain":175,"player_choice":"AGREE","damage_taken":336,"max_hp_gain":0,"max_hp_loss":0,"event_name":"betterThird:BetterSerpent","floor":14,"gold_loss":0},{"damage_healed":0,"gold_gain":0,"player_choice":"Memory 1","damage_taken":0,"max_hp_gain":0,"max_hp_loss":0,"event_name":"SensoryStone","floor":39,"gold_loss":0},{"damage_healed":0,"gold_gain":0,"player_choice":"Ignored","damage_taken":0,"max_hp_gain":0,"max_hp_loss":0,"event_name":"Mysterious Sphere","floor":46,"gold_loss":0}],"is_beta":false,"boss_relics":[{"not_picked":["halation:ForbiddenBikini","Replay:Drink Me"],"picked":"Black Star"},{"not_picked":["hubris:CrackedHourglass","Runic Pyramid"],"picked":"Painkiller Herb"}],"items_purged_floors":[20,20,20,20,20],"is_endless":false,"potions_floor_spawned":[1,4,11,16,19,25,33,35,36,41,45,47,54],"ascension_level":0}}