{"host":"ishme5wb80o83upk","time":1610628010,"event":{"mods":["BaseMod","HololiveMod","Minty Spire (QoL Compilation)","StSLib"],"gold_per_floor":[103,143,167,208,64,64,130,148,175,208,263,329,341,419,431,567,579,602,539,551,583,595,683,695,766,778,790,843,570,606,657,657,801,801,836,896,422,438,438,490,519,549,573,623,660,698,698,743,743,781,781,781,744,801,837],"floor_reached":56,"language":"KOR","playtime":2716,"items_purged":["Shame","Hololive_Strike+1"],"score":2362,"play_id":"95b36487-1db9-4476-995d-200012aa41aa","local_time":"20210114214010","is_ascension_mode":true,"campfire_choices":[{"data":"Hololive_CallSpadeEcho","floor":6,"key":"SMITH"},{"data":"Hololive_CallRoboco","floor":13,"key":"SMITH"},{"data":"Hololive_CallSakuraMiko","floor":15,"key":"SMITH"},{"data":"Hololive_CallShishiroBotan","floor":24,"key":"SMITH"},{"data":"Hololive_CallYogiri","floor":32,"key":"SMITH"},{"floor":47,"key":"RECALL"},{"data":"Hololive_CallShirakamiFubuki","floor":49,"key":"SMITH"},{"data":"Hololive_CallMoonaHoshinova","floor":52,"key":"SMITH"}],"circlet_count":0,"master_deck":["Hololive_CallSpadeEcho","Hololive_CallRoboco+1","Hololive_CallAkaiHaato","Hololive_CallSpadeEcho+1","Hololive_CallMoonaHoshinova+1","HandOfGreed+1","Hololive_CallMomosuzuNene+28","Hololive_CallYogiri+1","Hololive_CallSakuraMiko+1","Hololive_CallShishiroBotan+1","Hololive_WolfAndLamb","Hololive_CallYuzukiChoco","Hololive_CallCivia","Hololive_CallShirakamiFubuki+1","Hololive_CallUsadaPekora","Hololive_MaximGun+1","Hololive_RevenueBasedLive","Hololive_CallAyundaRisu","Hololive_CallArtia+1","Hololive_CallYukihanaLamy+1","Hololive_CallOkamiMio+1","Hololive_CallShiroganeNoel+1","Hololive_CallAiraniIofifteen+1","Hololive_CallNekomataOkayu+1","Hololive_CallHoshimachiSuisei+1","Hololive_AWSL","Hololive_RevenueBasedLive","Hololive_CallFriendA+1","Hololive_DiamondStrike+1","Hololive_SoulCatcher+1","Sadistic Nature+1","Hololive_CallTokinoSora+1","Hololive_CallRosalyn+1","Hololive_CallNakiriAyame+1","Hololive_RevenueBasedLive","Hololive_CallUruhaRushia+1","Hololive_CallTsunomakiWatame+1","Hololive_CallMurasakiShion+1"],"relics":["Hololive_TheStar","Molten Egg 2","Lantern","MawBank","Whetstone","Snecko Eye","Frozen Egg 2","White Beast Statue","Orrery","FossilizedHelix","Hololive_Finger","Calipers","Dead Branch","Vajra","Omamori","Bronze Scales","Anchor","StrikeDummy","Turnip"],"acts_visited":["Exordium","TheCity","TheBeyond","TheEnding"],"potions_floor_usage":[],"damage_taken":[{"damage":0,"enemies":"2 Louse","floor":1,"turns":2},{"damage":0,"enemies":"Jaw Worm","floor":2,"turns":3},{"damage":0,"enemies":"Cultist","floor":3,"turns":2},{"damage":7,"enemies":"Exordium Wildlife","floor":4,"turns":4},{"damage":0,"enemies":"3 Sentries","floor":7,"turns":5},{"damage":0,"enemies":"Blue Slaver","floor":8,"turns":3},{"damage":1,"enemies":"2 Fungi Beasts","floor":10,"turns":2},{"damage":0,"enemies":"Exordium Wildlife","floor":11,"turns":3},{"damage":0,"enemies":"Lagavulin","floor":12,"turns":3},{"damage":0,"enemies":"Gremlin Nob","floor":14,"turns":3},{"damage":0,"enemies":"Slime Boss","floor":16,"turns":4},{"damage":0,"enemies":"Chosen","floor":18,"turns":2},{"damage":0,"enemies":"Shell Parasite","floor":21,"turns":2},{"damage":0,"enemies":"Gremlin Leader","floor":23,"turns":3},{"damage":0,"enemies":"Chosen and Byrds","floor":25,"turns":2},{"damage":8,"enemies":"Slavers","floor":28,"turns":3},{"damage":0,"enemies":"Book of Stabbing","floor":30,"turns":3},{"damage":0,"enemies":"Centurion and Healer","floor":31,"turns":4},{"damage":0,"enemies":"Champ","floor":33,"turns":5},{"damage":0,"enemies":"3 Shapes","floor":35,"turns":2},{"damage":0,"enemies":"2 Orb Walkers","floor":36,"turns":4},{"damage":0,"enemies":"3 Darklings","floor":38,"turns":3},{"damage":0,"enemies":"Reptomancer","floor":40,"turns":2},{"damage":0,"enemies":"Maw","floor":41,"turns":4},{"damage":0,"enemies":"Nemesis","floor":42,"turns":3},{"damage":0,"enemies":"Reptomancer","floor":44,"turns":3},{"damage":0,"enemies":"4 Shapes","floor":45,"turns":3},{"damage":0,"enemies":"Nemesis","floor":46,"turns":5},{"damage":0,"enemies":"Transient","floor":48,"turns":5},{"damage":0,"enemies":"Awakened One","floor":50,"turns":6},{"damage":0,"enemies":"Shield and Spear","floor":54,"turns":4},{"damage":19,"enemies":"The Heart","floor":55,"turns":8}],"seed_played":"3724262420830753044","potions_obtained":[{"floor":3,"key":"Energy Potion"},{"floor":4,"key":"Swift Potion"},{"floor":11,"key":"GamblersBrew"},{"floor":31,"key":"FairyPotion"},{"floor":48,"key":"DuplicationPotion"},{"floor":54,"key":"EntropicBrew"}],"is_trial":false,"path_per_floor":["M","M","M","M","$","R","E","M","T","M","M","E","R","E","R","B",null,"M","?","?","M","?","E","R","M","T","?","E","$","E","M","R","B",null,"M","?","$","M","?","E","M","E","T","E","M","E","R","M","R","B",null,"R","$","E","B",null],"character_chosen":"Hololive_HololiveCharacter","items_purchased":["Hololive_CallShishiroBotan","Hololive_CallShiroganeNoel+1","Orrery","Dead Branch","Sadistic Nature+1","Hololive_CallMurasakiShion+1"],"campfire_rested":0,"item_purchase_floors":[5,29,29,37,37,53],"current_hp_per_floor":[32,32,32,25,25,25,25,25,25,24,24,24,24,24,24,24,32,32,32,32,32,32,32,32,32,32,32,24,24,28,32,32,36,44,48,52,52,56,56,60,64,68,68,72,76,80,80,84,84,85,87,87,87,91,73],"gold":837,"neow_bonus":"RANDOM_COLORLESS_2","is_daily":false,"chose_seed":false,"campfire_upgraded":7,"win_rate":0.0,"timestamp":1610628010,"path_taken":["M","M","M","M","$","R","E","M","T","M","M","E","R","E","R","BOSS","M","?","?","M","?","E","R","M","T","?","E","$","E","M","R","BOSS","M","?","$","M","?","E","?","E","T","E","M","E","R","M","R","BOSS","R","$","E","BOSS"],"items_purchased_type":["Card","Card","Relic","Relic","Card","Card"],"build_version":"2020-12-22","purchased_purges":2,"victory":true,"max_hp_per_floor":[35,35,35,35,35,35,35,35,35,35,35,35,35,35,35,35,35,35,35,35,35,35,35,35,35,35,35,35,35,39,43,43,47,47,51,55,55,59,59,63,67,71,71,75,79,83,83,87,87,88,88,88,88,92,93],"card_choices":[{"not_picked":["Magnetism","Violence"],"picked":"HandOfGreed","floor":0},{"not_picked":["Hololive_BringToTrial","Hololive_RevenueBasedLive","Hololive_Trident"],"picked":"Hololive_CallMomosuzuNene","floor":1},{"not_picked":["Hololive_FlyingPonyTail","Hololive_Spy","Hololive_CallAZKi"],"picked":"Hololive_CallYogiri","floor":2},{"not_picked":["Hololive_Breathe","Hololive_CallOkamiMio","Hololive_FlyingPonyTail","Hololive_Drill"],"picked":"SKIP","floor":3},{"not_picked":["Hololive_DevilCharm","Hololive_CocoNews","Hololive_CallFriendA"],"picked":"Hololive_CallSakuraMiko","floor":4},{"not_picked":["Hololive_StrengthChampion+1","Hololive_Rebound","Hololive_Breathe"],"picked":"Hololive_WolfAndLamb","floor":7},{"not_picked":["Hololive_Psychosis+1","Hololive_Drill+1","Hololive_HuntDinosaur"],"picked":"Hololive_CallYuzukiChoco","floor":8},{"not_picked":["Hololive_FlyingPonyTail","Hololive_Trident+1","Hololive_HuntDinosaur"],"picked":"Hololive_CallCivia","floor":10},{"not_picked":["Hololive_CandyCastle","Hololive_CocoNews+1","Hololive_LuckPotion"],"picked":"Hololive_CallShirakamiFubuki","floor":11},{"not_picked":["Hololive_WolfAndLamb","Hololive_Sequa+1","Hololive_LuckPotion","Hololive_BringToTrial"],"picked":"SKIP","floor":12},{"not_picked":["Hololive_StrengthChampion+1","Hololive_Watashimo","Hololive_CallShirakamiFubuki"],"picked":"Hololive_CallUsadaPekora","floor":14},{"not_picked":["Hololive_HighAtkLowDef","Hololive_ASMR+1","Hololive_BeCareful"],"picked":"Hololive_MaximGun+1","floor":16},{"not_picked":["Hololive_CallAkaiHaato","Hololive_Psychosis+1","Hololive_FlyingPonyTail+1","Hololive_CocoNews+1"],"picked":"SKIP","floor":18},{"not_picked":["Hololive_Drill+1","Hololive_OvertimeWork+1","Hololive_CallArtia","Hololive_FlyingPonyTail"],"picked":"SKIP","floor":21},{"not_picked":["Hololive_Drill+1","Hololive_OvertimeWork+1","Hololive_FlyingPonyTail"],"picked":"Hololive_CallArtia","floor":21},{"not_picked":["Hololive_CallShishiroBotan+1","Hololive_ScarfAndHalo+1","Hololive_Drill+1","Hololive_Psychosis+1"],"picked":"SKIP","floor":23},{"not_picked":["Hololive_Rebound","Hololive_CallRoboco+1","Hololive_CallNakiriAyame+1"],"picked":"Hololive_CallYukihanaLamy+1","floor":25},{"not_picked":["Hololive_OvertimeWork+1","Hololive_Breathe+1","Hololive_RevenueBasedLive+1"],"picked":"Hololive_CallOkamiMio+1","floor":28},{"not_picked":["Hololive_Breathe+1","Hololive_LuckPotion","Hololive_Rebirth"],"picked":"Hololive_CallAiraniIofifteen+1","floor":29},{"not_picked":["Hololive_RevenueBasedLive","Hololive_DurableLive","Hololive_FlyingPonyTail+1"],"picked":"Hololive_CallNekomataOkayu+1","floor":29},{"not_picked":["Hololive_LuckPotion+1","Hololive_CallSakuraMiko+1","Hololive_ScarfAndHalo+1"],"picked":"Hololive_CallHoshimachiSuisei+1","floor":29},{"not_picked":["Hololive_LuckPotion","Hololive_FlyingPonyTail","Hololive_Trident+1"],"picked":"Hololive_AWSL","floor":29},{"not_picked":["Hololive_Sequa+1","Hololive_OvertimeWork+1","Hololive_Drill+1"],"picked":"Hololive_RevenueBasedLive","floor":30},{"not_picked":["Hololive_SoulCatcher+1","Hololive_CallUruhaRushia+1","Hololive_CocoNews+1"],"picked":"Hololive_CallFriendA+1","floor":31},{"not_picked":["Hololive_FlareMind","Hololive_Thief","Hololive_StarCraft"],"picked":"Hololive_DiamondStrike+1","floor":33},{"not_picked":["Hololive_OvertimeWork+1","Hololive_LuckPotion","Hololive_Psychosis+1"],"picked":"Hololive_SoulCatcher+1","floor":35},{"not_picked":["Hololive_RevenueBasedLive","Hololive_CocoNews+1","Hololive_CallAZKi+1"],"picked":"Hololive_CallTokinoSora+1","floor":38},{"not_picked":["Hololive_CallOkamiMio+1","Hololive_CallTsunomakiWatame+1","Hololive_CallFriendA+1"],"picked":"Hololive_CallRosalyn+1","floor":40},{"not_picked":["Hololive_StrengthChampion+1","Hololive_CallFriendA+1","Hololive_Spy","Hololive_CallMoonaHoshinova+1"],"picked":"SKIP","floor":41},{"not_picked":["Hololive_OpenUp+1","Hololive_CallUsadaPekora+1","Hololive_RevenueBasedLive+1"],"picked":"Hololive_CallNakiriAyame+1","floor":42},{"not_picked":["Hololive_OvertimeWork+1","Hololive_CallTokinoSora+1","Hololive_CocoNews+1"],"picked":"Hololive_RevenueBasedLive","floor":44},{"not_picked":["Hololive_CallUsadaPekora+1","Hololive_Spy+1","Hololive_HuntDinosaur"],"picked":"Hololive_CallUruhaRushia+1","floor":45},{"not_picked":["Hololive_CallYogiri+1","Hololive_CallSpadeEcho+1","Hololive_CallOkamiMio+1"],"picked":"Hololive_CallTsunomakiWatame+1","floor":46},{"not_picked":["Hololive_Drill+1","Hololive_OvertimeWork+1","Hololive_CallMoonaHoshinova+1","Hololive_Sequa+1"],"picked":"SKIP","floor":48},{"not_picked":["Hololive_ScarfAndHalo+1","Hololive_Drill+1","Hololive_OvertimeWork+1","Hololive_Rebound"],"picked":"SKIP","floor":54}],"player_experience":1085120,"relics_obtained":[{"floor":7,"key":"Molten Egg 2"},{"floor":9,"key":"Lantern"},{"floor":12,"key":"MawBank"},{"floor":14,"key":"Whetstone"},{"floor":23,"key":"Frozen Egg 2"},{"floor":28,"key":"White Beast Statue"},{"floor":30,"key":"FossilizedHelix"},{"floor":36,"key":"Calipers"},{"floor":40,"key":"Vajra"},{"floor":42,"key":"Omamori"},{"floor":43,"key":"Bronze Scales"},{"floor":44,"key":"Anchor"},{"floor":46,"key":"StrikeDummy"},{"floor":54,"key":"Turnip"}],"event_choices":[{"cards_removed":["Hololive_Strike"],"damage_healed":0,"gold_gain":0,"player_choice":"Gave Gold","damage_taken":0,"max_hp_gain":0,"max_hp_loss":0,"event_name":"Beggar","floor":19,"gold_loss":75},{"damage_healed":0,"gold_gain":0,"cards_transformed":["Hololive_Defend","Hololive_Defend"],"player_choice":"Became Test Subject","damage_taken":0,"max_hp_gain":0,"max_hp_loss":0,"event_name":"Drug Dealer","floor":20,"gold_loss":0,"cards_obtained":["Hololive_RevenueBasedLive","Hololive_CallAyundaRisu"]},{"damage_healed":0,"gold_gain":0,"player_choice":"Ignored","damage_taken":0,"max_hp_gain":0,"max_hp_loss":0,"event_name":"Vampires","floor":22,"gold_loss":0},{"damage_healed":0,"gold_gain":0,"player_choice":"Upgraded","damage_taken":0,"max_hp_gain":0,"max_hp_loss":0,"event_name":"Upgrade Shrine","floor":27,"gold_loss":0,"cards_upgraded":["Hololive_CallArtia"]},{"damage_healed":0,"gold_gain":0,"player_choice":"Fight","damage_taken":0,"max_hp_gain":0,"max_hp_loss":0,"event_name":"Mysterious Sphere","floor":36,"gold_loss":0},{"cards_removed":["Hololive_LuckPotion"],"damage_healed":0,"gold_gain":0,"player_choice":"Removed Skill","damage_taken":0,"max_hp_gain":0,"max_hp_loss":0,"event_name":"Falling","floor":39,"gold_loss":0}],"is_beta":false,"boss_relics":[{"not_picked":["Hololive_ChaosS","SlaversCollar"],"picked":"Snecko Eye"},{"not_picked":["Pandora\u0027s Box","Hololive_TopUpMoneyS"],"picked":"Hololive_Finger"}],"items_purged_floors":[5,29],"is_endless":false,"potions_floor_spawned":[3,4,11,12,14,23,30,31,33,35,36,38,40,41,42,44,45,46,48,54],"ascension_level":7}}