{"host":"0mk07bycsqo1qk03","time":1610631373,"event":{"mods":["BaseMod","Bestiary","Downfall","Hermit","Hubris","Minty Spire (QoL Compilation)","Replay The Spire","StSLib","The Cursed","The Servant 0.9.4"],"gold_per_floor":[110,110,110,124,140,172,105,120,420,420,52,52,65,65,65,169,169,183,183,183,202,301,301,321,334,334,334,334,334],"floor_reached":28,"language":"ENG","playtime":1007,"items_purged":["Strike_B"],"score":316,"play_id":"bf87e2a9-e97c-4da0-8ef5-d077b9e00707","local_time":"20210114143613","is_ascension_mode":true,"campfire_choices":[{"data":"Zap","floor":10,"key":"SMITH"},{"data":"Chaos","floor":15,"key":"SMITH"},{"data":"Self Repair","floor":23,"key":"SMITH"},{"data":"Genetic Algorithm","floor":23,"key":"SMITH"}],"circlet_count":0,"master_deck":["Strike_B","Strike_B","Defend_B","Defend_B","Defend_B","Defend_B","Zap+1","Dualcast","Thunder Strike","Self Repair+1","Reboot","hubris:Ukulele","Genetic Algorithm+1","ReplayTheSpireMod:Calculation Training+1","Leap","Rebound","Chaos+1","hubris:SpecializedCircuitry","Crystallizer","Time Bomb","Sweeping Beam","ReplayTheSpireMod:Doomed","Zap"],"relics":["Cracked Core","hubris:Towel","Carrot","Old Coin","Replay:Baseball","Tiny Chest","hubris:Backtick","hubris:FunFungus","Replay:Arrowhead","DataDisk"],"acts_visited":["Exordium","TheCity"],"potions_floor_usage":[16,24,24,28],"damage_taken":[{"damage":2.0,"enemies":"2 Louse","floor":1.0,"turns":2.0},{"damage":0.0,"enemies":"Small Slimes","floor":4.0,"turns":3.0},{"damage":1.0,"enemies":"Cultist","floor":5.0,"turns":3.0},{"damage":23.0,"enemies":"Gremlin Nob","floor":6.0,"turns":4.0},{"damage":11,"enemies":"Looter","floor":8,"turns":3},{"damage":16,"enemies":"Exordium Thugs","floor":13,"turns":5},{"damage":38,"enemies":"The Guardian","floor":16,"turns":9},{"damage":40,"enemies":"2 Thieves","floor":18,"turns":5},{"damage":20,"enemies":"Spheric Guardian","floor":21,"turns":5},{"damage":22,"enemies":"Snecko","floor":24,"turns":5},{"damage":3,"enemies":"3 Cultists","floor":25,"turns":4},{"damage":16,"enemies":"Shelled Parasite and Fungi","floor":28,"turns":3}],"seed_played":"-8460457725504427615","potions_obtained":[{"floor":3.0,"key":"AttackPotion"},{"floor":3.0,"key":"PowerPotion"},{"floor":3.0,"key":"Regen Potion"},{"floor":16,"key":"sneckomod:MuddlingPotion"},{"floor":24,"key":"BlessingOfTheForge"}],"is_trial":false,"path_per_floor":["M","?","?","M","M","E","$","M","T","R","$","?","M","?","R","B",null,"M","?","T","M","?","R","M","M","T","?","M"],"character_chosen":"DEFECT","items_purchased":["ReplayTheSpireMod:Calculation Training","Replay:Baseball","Tiny Chest"],"campfire_rested":0,"item_purchase_floors":[7,11,11],"current_hp_per_floor":[66,66,66,73,75,59,59,55,55,55,55,55,46,46,46,15,60,29,29,29,17,17,17,19,16,16,16,0,0],"gold":334,"neow_bonus":"ONE_RANDOM_RARE_CARD","is_daily":false,"chose_seed":false,"campfire_upgraded":4,"win_rate":0.0,"timestamp":1610631373,"path_taken":["M","?","?","M","M","E","$","?","T","R","$","?","M","?","R","BOSS","M","?","?","M","?","R","M","M","T","?","M"],"items_purchased_type":["Card","Relic","Relic"],"build_version":"2020-12-22","purchased_purges":1,"victory":false,"max_hp_per_floor":[75,75,75,75,75,75,75,75,75,75,75,75,75,75,75,75,75,75,75,75,75,75,75,75,75,75,75,75,75],"card_choices":[{"not_picked":["Gash","FTL"],"picked":"Self Repair","floor":1.0},{"not_picked":["Turbo","Hologram"],"picked":"Reboot","floor":4.0},{"not_picked":["Go for the Eyes","Skim"],"picked":"hubris:Ukulele","floor":5.0},{"not_picked":["Gash","Streamline"],"picked":"Genetic Algorithm","floor":6},{"not_picked":["Coolheaded","Panic Button"],"picked":"Leap","floor":8},{"not_picked":["Hyperbeam","Go for the Eyes"],"picked":"Rebound","floor":13},{"not_picked":["Rainbow","Reboot"],"picked":"hubris:SpecializedCircuitry","floor":16},{"not_picked":["Darkness+1","Cold Snap"],"picked":"Crystallizer","floor":18},{"not_picked":["Cold Snap","Steam Power+1"],"picked":"Time Bomb","floor":21},{"not_picked":["ReplayTheSpireMod:Repulse","Turbo","Defragment"],"picked":"SKIP","floor":24},{"not_picked":["Streamline","Sweeping Beam+1","Doom and Gloom"],"picked":"SKIP","floor":25}],"player_experience":884406,"relics_obtained":[{"floor":6,"key":"Carrot"},{"floor":9,"key":"Old Coin"},{"floor":20,"key":"Replay:Arrowhead"},{"floor":26,"key":"DataDisk"}],"event_choices":[{"damage_healed":0.0,"max_hp_gain":0.0,"max_hp_loss":0.0,"gold_gain":0.0,"event_name":"Lab","player_choice":"Got Potions","floor":3.0,"gold_loss":0.0,"damage_taken":0.0},{"damage_healed":0,"gold_gain":0,"player_choice":"Grow","damage_taken":0,"max_hp_gain":0,"max_hp_loss":0,"event_name":"Living Wall","floor":12,"gold_loss":0,"cards_upgraded":["ReplayTheSpireMod:Calculation Training"]},{"damage_healed":0,"gold_gain":0,"cards_transformed":["Strike_B"],"player_choice":"Transformed","damage_taken":0,"max_hp_gain":0,"max_hp_loss":0,"event_name":"Transmorgrifier","floor":14,"gold_loss":0,"cards_obtained":["Chaos"]},{"damage_healed":0,"gold_gain":0,"player_choice":"Ignored","damage_taken":0,"max_hp_gain":0,"max_hp_loss":0,"event_name":"Vampires","floor":19,"gold_loss":0},{"damage_healed":0,"gold_gain":99,"player_choice":"Stole From Cult","damage_taken":0,"max_hp_gain":0,"max_hp_loss":0,"event_name":"Nest","floor":22,"gold_loss":0},{"damage_healed":0,"gold_gain":0,"player_choice":"3 cards matched","damage_taken":0,"max_hp_gain":0,"max_hp_loss":0,"event_name":"Match and Keep!","floor":27,"gold_loss":0,"cards_obtained":["Sweeping Beam","ReplayTheSpireMod:Doomed","Zap"]}],"is_beta":false,"boss_relics":[{"not_picked":["ChewingGum","hubris:RunicObelisk"],"picked":"hubris:Backtick"}],"items_purged_floors":[11],"is_endless":false,"potions_floor_spawned":[4,16,24],"killed_by":"Shelled Parasite and Fungi","ascension_level":9}}