{"host":"kmq7aw60w430zvtx","time":1610617040,"event":{"mods":["BaseMod","Downfall","GifTheSpireLib","Hermit","Hubris","Minty Spire (QoL Compilation)","Replay The Spire","StSLib","The Construct","The Cursed","The Hierophant","The Jungle","The Necromancer","The Runesmith"],"gold_per_floor":[118,40,102,117,117,117,117,142,191,222,222,222,232,39,39,143,143,163,163,163,177,193,219,219,219,219,249,317,317,332,158,173,193,193,193,193],"floor_reached":35,"language":"ENG","playtime":1728,"items_purged":[],"score":328,"play_id":"e41cb78d-e120-4d9b-a472-d13cd0170d0a","local_time":"20210114103720","is_ascension_mode":false,"campfire_choices":[{"floor":6,"key":"RECALL"},{"floor":11,"key":"REST"},{"data":"expansioncontent:DashGenerateEvil","floor":15,"key":"SMITH"},{"data":"TheCursedMod:NeowsMight","floor":29,"key":"SMITH"}],"circlet_count":0,"master_deck":["TheCursedMod:Strike_TheCursed","TheCursedMod:Strike_TheCursed","TheCursedMod:Strike_TheCursed+1","TheCursedMod:Strike_TheCursed","TheCursedMod:Defend_TheCursed","TheCursedMod:Defend_TheCursed","TheCursedMod:Defend_TheCursed","TheCursedMod:Defend_TheCursed","TheCursedMod:CursedWand","TheCursedMod:CleanUpWorkshop+1","TheCursedMod:Dregs","TheCursedMod:HellsGateOpen+1","TheCursedMod:AbyssShockwave","TheCursedMod:Wield+1","TheCursedMod:CursedAmulet","TheCursedMod:Obscuration","TheCursedMod:CircleOfFlame","expansioncontent:DashGenerateEvil+1","TheCursedMod:NeowsMight+1","TheCursedMod:CursedBlade","TheCursedMod:SurpriseAttack+1","TheCursedMod:SmokeScreen","TheCursedMod:CircleOfBlood","TheCursedMod:SoulCrush+1","TheCursedMod:Hemoplague","Madness","TheCursedMod:SpitefulPray","TheCursedMod:BloodBarrier+1"],"relics":["TheCursedMod:BlackMagic101","NeowsBlessing","Letter Opener","PreservedInsect","Akabeko","Ring of Chaos","hubris:PeanutButter","Blood Vial"],"acts_visited":["Exordium","TheCity"],"potions_floor_usage":[21,23,27,27,35,35,35],"damage_taken":[{"damage":0,"enemies":"2 Louse","floor":1,"turns":1},{"damage":0,"enemies":"Cultist","floor":4,"turns":1},{"damage":0,"enemies":"3 Sentries","floor":8,"turns":2},{"damage":16,"enemies":"Lagavulin","floor":10,"turns":5},{"damage":0,"enemies":"Jaw Worm","floor":13,"turns":2},{"damage":97,"enemies":"The Guardian","floor":16,"turns":12},{"damage":0,"enemies":"Chosen","floor":18,"turns":3},{"damage":0,"enemies":"2 Thieves","floor":21,"turns":3},{"damage":14,"enemies":"Cultist and Chosen","floor":22,"turns":5},{"damage":18,"enemies":"Gremlin Leader","floor":23,"turns":3},{"damage":2,"enemies":"Book of Stabbing","floor":27,"turns":4},{"damage":0,"enemies":"Centurion and Healer","floor":30,"turns":4},{"damage":10,"enemies":"Snake Plant","floor":32,"turns":4},{"damage":5,"enemies":"3 Cultists","floor":33,"turns":4},{"damage":84,"enemies":"Collector","floor":35,"turns":7}],"seed_played":"-5178691902898986252","potions_obtained":[{"floor":10,"key":"FairyPotion"},{"floor":13,"key":"construct:ShiftPotion"},{"floor":16,"key":"Adrenaline Potion"},{"floor":18,"key":"DuplicationPotion"},{"floor":21,"key":"EssenceOfSteel"},{"floor":23,"key":"Toxic Potion"},{"floor":34,"key":"Languid Potion"},{"floor":34,"key":"hexamod:EctoCoolerPotion"}],"is_trial":false,"path_per_floor":["M","$","?","M","?","R","?","E","T","E","R","?","M","$","R","B",null,"M","?","?","M","M","E","?","PTL","PTL","E","T","R","M","$","M","M","R","B"],"character_chosen":"THE_CURSED","items_purchased":["TheCursedMod:AbyssShockwave","expansioncontent:DashGenerateEvil","TheCursedMod:Hemoplague","Madness"],"campfire_rested":1,"item_purchase_floors":[2,14,31,31],"current_hp_per_floor":[75,75,75,75,75,75,60,60,60,44,66,66,66,66,66,22,75,75,75,75,75,61,43,75,75,75,73,73,73,75,75,65,68,68,0,0],"gold":193,"neow_bonus":"THREE_ENEMY_KILL","is_daily":false,"chose_seed":false,"campfire_upgraded":2,"win_rate":0.0,"timestamp":1610617040,"path_taken":["M","$","?","M","?","R","?","E","T","E","R","?","?","$","R","BOSS","M","?","?","M","M","E","?","PTL","PTL","E","T","R","M","$","M","?","R","BOSS"],"items_purchased_type":["Card","Card","Card","Card"],"build_version":"2020-12-22","purchased_purges":0,"victory":false,"max_hp_per_floor":[75,75,75,75,75,75,75,75,75,75,75,75,75,75,75,75,75,75,75,75,75,75,75,75,75,75,75,75,75,75,75,75,75,75,75,75],"card_choices":[{"not_picked":["TheCursedMod:Obscuration","TheCursedMod:RapidMovement"],"picked":"TheCursedMod:HellsGateOpen","floor":1},{"not_picked":["TheCursedMod:CircleOfAmplification","TheCursedMod:VitalStrike"],"picked":"TheCursedMod:Wield","floor":4},{"not_picked":["TheCursedMod:CursedArmor","TheCursedMod:TacticalStrike"],"picked":"TheCursedMod:CursedAmulet","floor":8},{"not_picked":["TheCursedMod:Wield","TheCursedMod:ShockAndAwe"],"picked":"TheCursedMod:Obscuration","floor":10},{"not_picked":["TheCursedMod:CursedAmulet","TheCursedMod:FleshFromBone"],"picked":"TheCursedMod:CircleOfFlame","floor":13},{"not_picked":["TheCursedMod:CursedRelics","TheCursedMod:OutForBlood"],"picked":"TheCursedMod:NeowsMight","floor":16},{"not_picked":["TheCursedMod:Wield+1","TheCursedMod:CursedShiv"],"picked":"TheCursedMod:CursedBlade","floor":18},{"not_picked":["TheCursedMod:CursedStaff","TheCursedMod:VitalStrike"],"picked":"TheCursedMod:SurpriseAttack+1","floor":21},{"not_picked":["TheCursedMod:CircleOfFlame","TheCursedMod:RapidMovement"],"picked":"TheCursedMod:SmokeScreen","floor":22},{"not_picked":["TheCursedMod:CircleOfAmplification","TheCursedMod:SpitefulPlan"],"picked":"TheCursedMod:Grudge+1","floor":23},{"not_picked":["TheCursedMod:Stretching","TheCursedMod:VitalStrike+1"],"picked":"TheCursedMod:CircleOfBlood","floor":27},{"not_picked":["TheCursedMod:HellsGateOpen","TheCursedMod:AshesToAshes"],"picked":"TheCursedMod:SoulCrush+1","floor":30},{"not_picked":["TheCursedMod:CursedMace","TheCursedMod:CircleOfAmplification"],"picked":"TheCursedMod:SpitefulPray","floor":32},{"not_picked":["TheCursedMod:RapidMovement","TheCursedMod:CursedAmulet"],"picked":"TheCursedMod:BloodBarrier+1","floor":33}],"player_experience":288966,"relics_obtained":[{"floor":8,"key":"Letter Opener"},{"floor":9,"key":"PreservedInsect"},{"floor":10,"key":"Akabeko"},{"floor":23,"key":"hubris:PeanutButter"},{"floor":27,"key":"Blood Vial"}],"event_choices":[{"damage_healed":0,"gold_gain":62,"player_choice":"Gained Gold","damage_taken":0,"max_hp_gain":0,"max_hp_loss":0,"event_name":"Golden Wing","floor":3,"gold_loss":0},{"damage_healed":0,"gold_gain":0,"player_choice":"Entered Light","damage_taken":15,"max_hp_gain":0,"max_hp_loss":0,"event_name":"Shining Light","floor":7,"gold_loss":0,"cards_upgraded":["TheCursedMod:HellsGateOpen","TheCursedMod:Strike_TheCursed"]},{"damage_healed":0,"gold_gain":0,"player_choice":"Upgraded","damage_taken":0,"max_hp_gain":0,"max_hp_loss":0,"event_name":"Upgrade Shrine","floor":12,"gold_loss":0,"cards_upgraded":["TheCursedMod:CleanUpWorkshop"]},{"damage_healed":0,"gold_gain":0,"player_choice":"Ignored","damage_taken":0,"max_hp_gain":0,"max_hp_loss":0,"event_name":"Ghosts","floor":19,"gold_loss":0},{"damage_healed":0,"gold_gain":0,"player_choice":"Ignored","damage_taken":0,"max_hp_gain":0,"max_hp_loss":0,"event_name":"Vampires","floor":20,"gold_loss":0},{"cards_removed":["TheCursedMod:Grudge"],"damage_healed":32,"gold_gain":0,"player_choice":"Offered Uncommon","damage_taken":0,"max_hp_gain":0,"max_hp_loss":0,"event_name":"Bonfire Elementals","floor":24,"gold_loss":0}],"is_beta":false,"boss_relics":[{"not_picked":["Painkiller Herb","hubris:Stopwatch"],"picked":"Ring of Chaos"}],"items_purged_floors":[],"is_endless":false,"potions_floor_spawned":[10,13,16,18,21,23],"killed_by":"Collector","ascension_level":0}}