{"host":"5padt50u07xd1iby","time":1610625473,"event":{"mods":["AchievementEnabler","Aspiration","BaseMod","Colored Map","Colored Powertips","Conspire","Dark Map","Downfall","Hubris","Minty Spire (QoL Compilation)","Replay The Spire","Retaliation","Shop Mod","StSLib","SuperFastMode","The Blue Laboratory","everything is the same but u backflip on backflip"],"gold_per_floor":[109,126,143,123,142,142,174,174,227,253,253,268,197,211,274,274,274],"floor_reached":16,"language":"ENG","playtime":1020,"items_purged":[],"score":112,"play_id":"71c0b7ed-d864-4325-bcbd-eb59e372faa5","local_time":"20210114125753","is_ascension_mode":false,"campfire_choices":[{"floor":11,"key":"REST"}],"circlet_count":0,"master_deck":["Strike_B","Strike_B","Strike_B","Defend_B","Defend_B","Zap","Dualcast","Nirvana","Sanctity","Chill","FlurryOfBlows","hubris:Sniper","Survivor","hubris:Counter","TalkToTheHand","Fission","Sanctity","Wireheading","Consecrate"],"relics":["aspiration:WatcherSkillbook","Ice Cream","Replay:Baseball","Centennial Puzzle"],"acts_visited":["Exordium"],"potions_floor_usage":[],"damage_taken":[{"damage":20,"enemies":"Jaw Worm","floor":1,"turns":4},{"damage":4,"enemies":"Cultist","floor":2,"turns":4},{"damage":3,"enemies":"2 Louse","floor":3,"turns":3},{"damage":14,"enemies":"Exordium Thugs","floor":5,"turns":9},{"damage":28,"enemies":"Lagavulin","floor":7,"turns":10},{"damage":29,"enemies":"3 Sentries","floor":10,"turns":10},{"damage":13,"enemies":"3 Louse","floor":12,"turns":6},{"damage":0,"enemies":"Large Slime","floor":14,"turns":7},{"damage":35,"enemies":"Slime Boss","floor":16,"turns":3}],"seed_played":"-6406841374228490720","potions_obtained":[{"floor":2,"key":"Reflective Coating"},{"floor":4,"key":"blueLaboratory:CreativityPotion"},{"floor":7,"key":"LifebloodPotion"}],"is_trial":false,"path_per_floor":["M","M","M","?","M","?","E","?","T","E","R","M","$","M","R_BF","B"],"character_chosen":"DEFECT","items_purchased":["Wireheading"],"campfire_rested":1,"item_purchase_floors":[13],"current_hp_per_floor":[55,51,48,48,34,34,6,31,31,2,24,11,11,11,11,0,0],"gold":274,"neow_bonus":"BOSS_RELIC","is_daily":false,"chose_seed":false,"campfire_upgraded":0,"win_rate":0.0,"timestamp":1610625473,"path_taken":["M","M","M","?","?","?","E","?","T","E","R","?","$","M","R_BF","BOSS"],"items_purchased_type":["Card"],"build_version":"2020-12-22","purchased_purges":0,"victory":false,"max_hp_per_floor":[75,75,75,75,75,75,75,75,75,75,75,75,75,75,75,75,75],"card_choices":[{"not_picked":["EmptyBody","Consecrate","EmptyMind"],"picked":"Nirvana","floor":1},{"not_picked":["EmptyMind","CrushJoints","Collect"],"picked":"Sanctity","floor":2},{"not_picked":["Redo","ReplayTheSpireMod:Reroute Power","Barrage"],"picked":"Chill","floor":3},{"not_picked":["Replay:Cycle","Wish","EmptyBody"],"picked":"FlurryOfBlows","floor":5},{"not_picked":["Rebound","Halt","Conserve Battery"],"picked":"TalkToTheHand","floor":7},{"not_picked":["ForeignInfluence","Weave","Leap"],"picked":"Fission","floor":10},{"not_picked":["ThirdEye","PathToVictory","Replay:DivineShield"],"picked":"Sanctity","floor":12},{"not_picked":["Crescendo","Steam","EmptyBody"],"picked":"Consecrate","floor":14}],"player_experience":103911,"relics_obtained":[{"floor":7,"key":"Ice Cream"},{"floor":9,"key":"Replay:Baseball"},{"floor":10,"key":"Centennial Puzzle"}],"event_choices":[{"damage_healed":0,"gold_gain":0,"player_choice":"Bought 1 Potion","damage_taken":0,"max_hp_gain":0,"max_hp_loss":0,"event_name":"The Woman in Blue","floor":4,"gold_loss":0},{"damage_healed":25,"gold_gain":0,"player_choice":"Banana","damage_taken":0,"max_hp_gain":0,"max_hp_loss":0,"event_name":"Big Fish","floor":8,"gold_loss":0}],"is_beta":false,"boss_relics":[],"items_purged_floors":[],"is_endless":false,"potions_floor_spawned":[2,7,12],"killed_by":"Slime Boss","ascension_level":0}}