{"host":"vex7walpoxzv48nx","time":1610652568,"event":{"mods":["BaseMod","Highlight Path","Minty Spire (QoL Compilation)","Permanent Neow","Quick Restart","Relic Stats"],"gold_per_floor":[19,19,36,56,6,31,51,51,51,51,84,101,163,163,163,291,291,284,63,63,84,104,104,104],"floor_reached":23,"language":"ENG","playtime":3293,"items_purged":["Strike_P"],"score":237,"play_id":"872eaf76-0a93-4e96-9b55-d46afa8fff6f","local_time":"20210114202928","is_ascension_mode":true,"campfire_choices":[{"data":"CutThroughFate","floor":8.0,"key":"SMITH"},{"floor":10.0,"key":"REST"},{"floor":15,"key":"REST"}],"circlet_count":0,"master_deck":["Strike_P+1","Defend_P+1","Defend_P+1","Defend_P+1","Eruption+1","Vigilance+1","LessonLearned+1","JustLucky+1","SashWhip+1","Meditate","CutThroughFate+1","Crescendo","TalkToTheHand+1","DeceiveReality","ClearTheMind","Establishment","ThirdEye","Vault","FollowUp","CrushJoints"],"relics":["PureWater","Shuriken","Question Card","Letter Opener","Anchor","Golden Idol","Busted Crown","Toolbox"],"acts_visited":["Exordium","TheCity"],"potions_floor_usage":[12,21],"damage_taken":[{"damage":4.0,"enemies":"2 Louse","floor":1.0,"turns":5.0},{"damage":0.0,"enemies":"Jaw Worm","floor":3.0,"turns":5.0},{"damage":1.0,"enemies":"Cultist","floor":4.0,"turns":5.0},{"damage":19.0,"enemies":"Gremlin Nob","floor":6.0,"turns":3.0},{"damage":3.0,"enemies":"3 Louse","floor":7.0,"turns":4.0},{"damage":0.0,"enemies":"Lagavulin","floor":11.0,"turns":4.0},{"damage":8,"enemies":"Blue Slaver","floor":12,"turns":3},{"damage":10,"enemies":"Lagavulin Event","floor":13,"turns":6},{"damage":11,"enemies":"Slime Boss","floor":16,"turns":7},{"damage":2,"enemies":"2 Thieves","floor":18,"turns":4},{"damage":0,"enemies":"Spheric Guardian","floor":21,"turns":3},{"damage":0,"enemies":"3 Cultists","floor":22,"turns":5},{"damage":0,"enemies":"Gremlin Leader","floor":23,"turns":2}],"seed_played":"-7946359869737676309","potions_obtained":[{"floor":1.0,"key":"Weak Potion"},{"floor":4.0,"key":"Regen Potion"},{"floor":11.0,"key":"EssenceOfSteel"},{"floor":13,"key":"Strength Potion"}],"is_trial":false,"path_per_floor":["M","?","M","M","?","E","M","R","T","R","E","M","?","?","R","B",null,"M","$","?","M","M","E"],"character_chosen":"WATCHER","items_purchased":["Toolbox"],"campfire_rested":2,"item_purchase_floors":[19],"current_hp_per_floor":[68,68,68,67,67,48,45,45,45,66,66,66,56,56,67,56,67,65,65,65,65,65,65,65],"gold":104,"neow_bonus":"THREE_RARE_CARDS","is_daily":false,"chose_seed":false,"campfire_upgraded":1,"win_rate":0.0,"timestamp":1610652568,"path_taken":["M","?","M","M","?","E","M","R","T","R","E","M","?","?","R","BOSS","M","$","?","M","M","E"],"items_purchased_type":["Relic"],"build_version":"2020-12-22","purchased_purges":1,"victory":false,"max_hp_per_floor":[72,72,72,72,72,72,72,72,72,72,72,72,72,67,67,67,67,67,67,67,67,67,67,67],"relic_stats":{"Busted Crown":6,"counters":[13,56],"Shuriken":[9],"Golden Idol":39,"Letter Opener":[10],"Question Card":7,"obtain_stats":[{"Anchor":13,"Busted Crown":17,"Shuriken":6,"Golden Idol":14,"Toolbox":19,"Letter Opener":11,"PureWater":0,"Question Card":9},{"Anchor":7,"Busted Crown":9,"Shuriken":4,"Golden Idol":8,"Toolbox":10,"Letter Opener":6,"PureWater":0,"Question Card":5},{"Anchor":29,"Busted Crown":42,"Shuriken":18,"Golden Idol":35,"Toolbox":46,"Letter Opener":26,"PureWater":0,"Question Card":22}]},"card_choices":[{"not_picked":["Blasphemy","Ragnarok"],"picked":"LessonLearned","floor":0.0},{"not_picked":["Worship","MentalFortress"],"picked":"JustLucky","floor":1.0},{"not_picked":["Evaluate","FollowUp"],"picked":"SashWhip","floor":3.0},{"not_picked":["FollowUp","Prostrate"],"picked":"Meditate","floor":4.0},{"not_picked":["Protect","Prostrate"],"picked":"CutThroughFate","floor":6.0},{"not_picked":["JustLucky","Collect"],"picked":"Crescendo","floor":7.0},{"not_picked":["ForeignInfluence","Perseverance","DeusExMachina"],"picked":"TalkToTheHand","floor":11.0},{"not_picked":["JustLucky","EmptyFist","FlurryOfBlows"],"picked":"DeceiveReality","floor":12},{"not_picked":["CutThroughFate","EmptyMind","Halt"],"picked":"ClearTheMind","floor":13},{"not_picked":["DeusExMachina","Ragnarok","Judgement"],"picked":"Establishment","floor":16},{"not_picked":["Nirvana"],"picked":"ThirdEye","floor":18},{"not_picked":["PathToVictory+1","EmptyBody"],"picked":"SKIP","floor":21},{"not_picked":["LikeWater"],"picked":"CrushJoints","floor":22}],"player_experience":124700,"relics_obtained":[{"floor":6.0,"key":"Shuriken"},{"floor":9.0,"key":"Question Card"},{"floor":11.0,"key":"Letter Opener"}],"event_choices":[{"damage_healed":0.0,"max_hp_gain":0.0,"max_hp_loss":0.0,"gold_gain":0.0,"event_name":"Living Wall","player_choice":"Grow","floor":2.0,"gold_loss":0.0,"damage_taken":0.0,"cards_upgraded":["LessonLearned"]},{"cards_removed":["Strike_P"],"damage_healed":0.0,"max_hp_gain":0.0,"max_hp_loss":0.0,"gold_gain":0.0,"event_name":"The Cleric","player_choice":"Card Removal","floor":5.0,"gold_loss":50.0,"damage_taken":0.0},{"damage_healed":0,"gold_gain":30,"player_choice":"Searched \u00273\u0027 times","damage_taken":0,"relics_obtained":["Anchor"],"max_hp_gain":0,"max_hp_loss":0,"event_name":"Dead Adventurer","floor":13,"gold_loss":0},{"damage_healed":0,"gold_gain":0,"player_choice":"Lose Max HP","damage_taken":0,"relics_obtained":["Golden Idol"],"max_hp_gain":0,"max_hp_loss":5,"event_name":"Golden Idol","floor":14,"gold_loss":0},{"damage_healed":0,"gold_gain":0,"cards_transformed":["Strike_P","Defend_P"],"player_choice":"Became Test Subject","damage_taken":0,"max_hp_gain":0,"max_hp_loss":0,"event_name":"Drug Dealer","floor":20,"gold_loss":0,"cards_obtained":["Vault","FollowUp"]}],"is_beta":false,"boss_relics":[{"not_picked":["VioletLotus","Runic Dome"],"picked":"Busted Crown"}],"items_purged_floors":[19],"is_endless":false,"potions_floor_spawned":[1,4,11,13,16],"killed_by":"Gremlin Leader","ascension_level":1}}