{"host":"wogey4gsknv4ot2d","time":1610620452,"event":{"mods":["AchievementEnabler","BaseMod","Bestiary","Colored Map","Colored Powertips","Googly Eyes","Key Reminder","Minty Spire (QoL Compilation)","Permanent Neow","Rare Cards Sparkle","Relic Stats","The IronCluck","slay the spire mod where everything is the same but ironclad has a cowboy hat"],"gold_per_floor":[109,109,33,108,131,165,165,183,183,183,183,183,204,227,227,347,347,363,363,34,34,44,75,75,92,117,146,146,146],"floor_reached":28,"language":"ENG","playtime":746,"items_purged":[],"score":236,"play_id":"1b590dd5-819f-42eb-a62f-db34343c1dc7","local_time":"20210114043412","is_ascension_mode":false,"campfire_choices":[{"floor":7,"key":"REST"},{"floor":10,"key":"REST"},{"data":"Hemokinesis","floor":15,"key":"SMITH"}],"circlet_count":0,"master_deck":["Strike_R+1","Strike_R+1","Strike_R+1","Strike_R+1","Defend_R+1","Defend_R+1","Defend_R+1","Defend_R+1","Bash+1","Clash","Hemokinesis+1","Thunderclap","Twin Strike","Disarm","Sword Boomerang","Demon Form","Iron Wave","Iron Wave","Clothesline","Iron Wave","Perfected Strike","Flex+1"],"relics":["Burning Blood","Lizard Tail","Bloody Idol","Meat on the Bone","InkBottle","Busted Crown","Letter Opener","Kunai","Dream Catcher","Red Mask"],"acts_visited":["Exordium","TheCity"],"potions_floor_usage":[6,14,23,23],"damage_taken":[{"damage":7,"enemies":"Small Slimes","floor":1,"turns":4},{"damage":4,"enemies":"2 Louse","floor":5,"turns":3},{"damage":15,"enemies":"Gremlin Nob","floor":6,"turns":4},{"damage":8,"enemies":"Jaw Worm","floor":8,"turns":2},{"damage":9,"enemies":"Blue Slaver","floor":13,"turns":3},{"damage":0,"enemies":"Gremlin Gang","floor":14,"turns":2},{"damage":66,"enemies":"The Guardian","floor":16,"turns":10},{"damage":20,"enemies":"3 Byrds","floor":18,"turns":5},{"damage":16,"enemies":"Shell Parasite","floor":22,"turns":4},{"damage":32,"enemies":"Gremlin Leader","floor":23,"turns":5},{"damage":25,"enemies":"Shelled Parasite and Fungi","floor":25,"turns":4},{"damage":47,"enemies":"Masked Bandits","floor":27,"turns":4},{"damage":37,"enemies":"Slavers","floor":28,"turns":2}],"seed_played":"4618534717692956166","potions_obtained":[{"floor":13,"key":"Explosive Potion"},{"floor":22,"key":"Block Potion"}],"is_trial":false,"path_per_floor":["M","?","$","?","M","E","R","M","T","R","?","?","M","M","R","B",null,"M","?","$","?","M","E","?","M","T","?","E"],"character_chosen":"IRONCLAD","items_purchased":["Regen Potion","Letter Opener","LiquidBronze"],"campfire_rested":2,"item_purchase_floors":[3,20,20],"current_hp_per_floor":[55,35,35,24,26,29,53,51,51,75,75,59,56,62,62,55,80,66,66,66,66,61,52,52,50,55,31,0,0],"gold":146,"neow_bonus":"ONE_RARE_RELIC","is_daily":false,"chose_seed":false,"campfire_upgraded":1,"win_rate":0.0,"timestamp":1610620452,"path_taken":["M","?","$","?","M","E","R","M","T","R","?","?","M","M","R","BOSS","M","?","$","?","M","E","?","?","T","?","E"],"items_purchased_type":["Potion","Relic","Potion"],"build_version":"2020-12-22","purchased_purges":0,"victory":false,"max_hp_per_floor":[80,80,80,80,80,80,80,80,80,80,80,80,80,80,80,80,80,80,80,80,80,80,80,80,80,80,80,80,80],"relic_stats":{"Lizard Tail":40,"Dream Catcher":0,"Busted Crown":10,"counters":[13,52],"Bloody Idol":25,"Letter Opener":[20],"Kunai":[4],"obtain_stats":[{"Lizard Tail":0,"Dream Catcher":26,"Busted Crown":17,"Golden Idol":2,"Bloody Idol":21,"Red Mask":27,"Letter Opener":20,"Kunai":23,"Burning Blood":0,"InkBottle":9,"Meat on the Bone":6},{"Lizard Tail":0,"Dream Catcher":11,"Busted Crown":7,"Golden Idol":1,"Bloody Idol":8,"Red Mask":12,"Letter Opener":8,"Kunai":10,"Burning Blood":0,"InkBottle":4,"Meat on the Bone":3},{"Lizard Tail":0,"Dream Catcher":46,"Busted Crown":28,"Golden Idol":4,"Bloody Idol":33,"Red Mask":50,"Letter Opener":33,"Kunai":42,"Burning Blood":0,"InkBottle":13,"Meat on the Bone":11}],"Burning Blood":72,"InkBottle":[11],"Meat on the Bone":48},"card_choices":[{"not_picked":["Armaments","Sever Soul"],"picked":"Clash","floor":1},{"not_picked":["Disarm","Clothesline"],"picked":"Hemokinesis","floor":5},{"not_picked":["Sword Boomerang","Cleave"],"picked":"Thunderclap","floor":6},{"not_picked":["Clothesline","Dark Embrace"],"picked":"Twin Strike","floor":8},{"not_picked":["Pummel","Anger"],"picked":"Disarm","floor":13},{"not_picked":["Reckless Charge","Dropkick"],"picked":"Sword Boomerang","floor":14},{"not_picked":["Berserk","Juggernaut"],"picked":"Demon Form","floor":16},{"not_picked":[],"picked":"Iron Wave","floor":18},{"not_picked":[],"picked":"Iron Wave","floor":22},{"not_picked":[],"picked":"Clothesline","floor":23},{"not_picked":[],"picked":"Perfected Strike","floor":25},{"not_picked":[],"picked":"Flex+1","floor":27}],"player_experience":30788,"relics_obtained":[{"floor":6,"key":"Meat on the Bone"},{"floor":9,"key":"InkBottle"},{"floor":23,"key":"Kunai"},{"floor":26,"key":"Dream Catcher"},{"floor":27,"key":"Red Mask"}],"event_choices":[{"damage_healed":0,"gold_gain":0,"player_choice":"Take Damage","damage_taken":20,"relics_obtained":["Golden Idol"],"max_hp_gain":0,"max_hp_loss":0,"event_name":"Golden Idol","floor":2,"gold_loss":0},{"damage_healed":0,"gold_gain":75,"player_choice":"Gather Gold","damage_taken":11,"max_hp_gain":0,"max_hp_loss":0,"event_name":"World of Goop","floor":4,"gold_loss":0},{"damage_healed":0,"gold_gain":0,"player_choice":"Leave","damage_taken":0,"max_hp_gain":0,"max_hp_loss":0,"event_name":"The Cleric","floor":11,"gold_loss":0},{"damage_healed":0,"gold_gain":0,"player_choice":"Entered Light","damage_taken":16,"max_hp_gain":0,"max_hp_loss":0,"event_name":"Shining Light","floor":12,"gold_loss":0,"cards_upgraded":["Defend_R","Bash"]},{"damage_healed":0,"gold_gain":0,"player_choice":"Simplicity","damage_taken":0,"max_hp_gain":0,"max_hp_loss":0,"event_name":"Back to Basics","floor":19,"gold_loss":0,"cards_upgraded":["Strike_R","Strike_R","Strike_R","Strike_R","Strike_R","Defend_R","Defend_R","Defend_R"]},{"damage_healed":0,"gold_gain":0,"player_choice":"Gave Idol","damage_taken":0,"relics_obtained":["Bloody Idol"],"max_hp_gain":0,"max_hp_loss":0,"event_name":"Forgotten Altar","floor":21,"relics_lost":["Golden Idol"],"gold_loss":0},{"cards_removed":["Strike_R"],"damage_healed":0,"gold_gain":0,"player_choice":"Took Card","damage_taken":0,"max_hp_gain":0,"max_hp_loss":0,"event_name":"NoteForYourself","floor":24,"gold_loss":0,"cards_obtained":["Iron Wave"]},{"damage_healed":0,"gold_gain":0,"player_choice":"Fought Bandits","damage_taken":0,"max_hp_gain":0,"max_hp_loss":0,"event_name":"Masked Bandits","floor":27,"gold_loss":0}],"is_beta":false,"boss_relics":[{"not_picked":["Velvet Choker","Fusion Hammer"],"picked":"Busted Crown"}],"items_purged_floors":[],"is_endless":false,"potions_floor_spawned":[13,14,22],"killed_by":"Slavers","ascension_level":0}}