{"host":"5h7tnviy6ct1qpjn","time":1610623328,"event":{"mods":["AchievementEnabler","BaseMod","BetterRewards","Colored Powertips","Minty Spire (QoL Compilation)","Shop Mod","StSLib"],"gold_per_floor":[117,117,137,154,171,21,51,51,78,92,92,11,11,26,26,125,125,112,211,211,76,95,95,109,109,109],"floor_reached":25,"language":"ENG","playtime":1530,"items_purged":["Strike_R"],"score":303,"play_id":"ffac370e-a381-4d18-9d16-78eb21a70c0e","local_time":"20210114122208","is_ascension_mode":false,"campfire_choices":[{"floor":8,"key":"REST"},{"data":"Barricade","floor":13,"key":"SMITH"},{"floor":15,"key":"RECALL"},{"data":"Trip","floor":23,"key":"SMITH"}],"circlet_count":0,"master_deck":["Strike_R","Strike_R","Defend_R","Defend_R","Defend_R","Defend_R","Bash","Limit Break+1","Heavy Blade+1","Flex","Bloodletting","Headbutt","Pommel Strike","Barricade+1","Thunderclap","Ghostly Armor","Cleave","Limit Break","Iron Wave","Trip+1","Heavy Blade"],"relics":["Burning Blood","Anchor","Vajra","Matryoshka","Empty Cage"],"acts_visited":["Exordium","TheCity"],"potions_floor_usage":[5,16],"damage_taken":[{"damage":0,"enemies":"Small Slimes","floor":1,"turns":4},{"damage":0,"enemies":"Cultist","floor":3,"turns":2},{"damage":1,"enemies":"Jaw Worm","floor":4,"turns":3},{"damage":12,"enemies":"Exordium Wildlife","floor":5,"turns":5},{"damage":52,"enemies":"Lagavulin","floor":7,"turns":7},{"damage":0,"enemies":"Blue Slaver","floor":10,"turns":2},{"damage":3,"enemies":"Red Slaver","floor":14,"turns":3},{"damage":11,"enemies":"Hexaghost","floor":16,"turns":9},{"damage":10,"enemies":"2 Thieves","floor":18,"turns":4},{"damage":4,"enemies":"Shell Parasite","floor":22,"turns":4},{"damage":27,"enemies":"Snake Plant","floor":24,"turns":4},{"damage":65,"enemies":"Slavers","floor":25,"turns":4}],"seed_played":"7667217513536700843","potions_obtained":[{"floor":3,"key":"BlessingOfTheForge"},{"floor":5,"key":"Fruit Juice"}],"is_trial":false,"path_per_floor":["M","?","M","M","M","$","E","R","T","M","T","$","R","M","R","B",null,"M","?","?","$","M","R","M","E"],"character_chosen":"IRONCLAD","items_purchased":["Limit Break","Anchor","Heavy Blade","Barricade","Ghostly Armor","Trip","Heavy Blade"],"campfire_rested":1,"item_purchase_floors":[0,0,0,6,12,21,21],"current_hp_per_floor":[78,78,80,80,79,79,33,58,58,64,64,64,64,67,67,62,85,81,81,81,81,83,83,62,0,0],"gold":109,"neow_bonus":"","is_daily":false,"chose_seed":false,"campfire_upgraded":2,"win_rate":0.0,"timestamp":1610623328,"path_taken":["M","?","M","M","?","?","E","R","T","M","?","$","R","M","R","BOSS","M","?","?","$","?","R","M","E"],"items_purchased_type":["Card","Relic","Card","Card","Card","Card","Card"],"build_version":"2020-12-22","purchased_purges":1,"victory":false,"max_hp_per_floor":[80,80,80,80,85,85,85,85,85,85,85,85,85,85,85,85,85,85,85,85,85,85,85,85,85,85],"card_choices":[{"not_picked":["Twin Strike","Armaments"],"picked":"Flex","floor":1},{"not_picked":["Fire Breathing","Whirlwind"],"picked":"Bloodletting","floor":3},{"not_picked":["Clash","Wild Strike"],"picked":"Headbutt","floor":4},{"not_picked":["Sentinel","True Grit"],"picked":"Pommel Strike","floor":5},{"not_picked":["Havoc","Clash","Wild Strike"],"picked":"SKIP","floor":7},{"not_picked":["Heavy Blade","Clash"],"picked":"Thunderclap","floor":10},{"not_picked":["Power Through","Warcry"],"picked":"Cleave","floor":14},{"not_picked":["Bludgeon","Reaper"],"picked":"Limit Break","floor":16},{"not_picked":["Twin Strike","Warcry"],"picked":"Iron Wave","floor":18},{"not_picked":["Clash","Clothesline","Barricade"],"picked":"SKIP","floor":22},{"not_picked":["Body Slam","Feel No Pain","Burning Pact"],"picked":"SKIP","floor":24}],"player_experience":76187,"relics_obtained":[{"floor":7,"key":"Vajra"},{"floor":11,"key":"Matryoshka"}],"event_choices":[{"damage_healed":0,"gold_gain":0,"player_choice":"Upgraded","damage_taken":0,"max_hp_gain":0,"max_hp_loss":0,"event_name":"Upgrade Shrine","floor":2,"gold_loss":0,"cards_upgraded":["Limit Break"]},{"damage_healed":0,"gold_gain":99,"player_choice":"Stole From Cult","damage_taken":0,"max_hp_gain":0,"max_hp_loss":0,"event_name":"Nest","floor":19,"gold_loss":0},{"damage_healed":0,"gold_gain":0,"player_choice":"Upgraded","damage_taken":0,"max_hp_gain":0,"max_hp_loss":0,"event_name":"Upgrade Shrine","floor":20,"gold_loss":0,"cards_upgraded":["Heavy Blade"]}],"is_beta":false,"boss_relics":[{"not_picked":["Runic Pyramid","Coffee Dripper"],"picked":"Empty Cage"}],"items_purged_floors":[6],"is_endless":false,"potions_floor_spawned":[3,5],"killed_by":"Slavers","ascension_level":0}}