{"host":"saki","time":1610612273,"event":{"mods":["BaseMod","Marisa£®ÏF”Í°°ƒß¿Ì…≥£©","Minty Spire (QoL Compilation)","StSLib","TestMod","Waifu the Spire"],"gold_per_floor":[11,11,37,52,86,86,104,104,174,174,204,261,261,261,261,261,261],"floor_reached":16,"language":"ZHS","playtime":526,"items_purged":[],"score":173,"play_id":"cde27f82-58ab-4eea-8261-1d37d03b8acb","local_time":"20210114161753","is_ascension_mode":true,"campfire_choices":[{"data":"MillisecondPulsars","floor":6,"key":"SMITH"},{"data":"PowerUp","floor":8,"key":"SMITH"},{"floor":13,"key":"REST"},{"data":"WitchOfGreed","floor":15,"key":"SMITH"}],"circlet_count":0,"master_deck":["Strike_MRS","Strike_MRS","Strike_MRS","Strike_MRS","Defend_MRS","Defend_MRS","Defend_MRS","Defend_MRS","MasterSpark","UpSweep","WitchOfGreed","PowerUp+1","WitchOfGreed+1","MillisecondPulsars+1","GrandCross","Regret","MilkyWay","GravityBeat"],"relics":["MiniHakkero","testmod-TestBox","testmod-Brilliant","testmod-D®¶j®§vu","Darkstone Periapt","Happy Flower","Blue Candle","Mummified Hand"],"acts_visited":["Exordium"],"potions_floor_usage":[12,16],"damage_taken":[{"damage":4,"enemies":"2 Louse","floor":1,"turns":2},{"damage":10,"enemies":"Cultist","floor":3,"turns":5},{"damage":0,"enemies":"Small Slimes","floor":4,"turns":2},{"damage":2,"enemies":"Exordium Thugs","floor":5,"turns":3},{"damage":11,"enemies":"Blue Slaver","floor":7,"turns":3},{"damage":8,"enemies":"Looter","floor":11,"turns":2},{"damage":28,"enemies":"Lagavulin","floor":12,"turns":4},{"damage":57,"enemies":"The Guardian","floor":16,"turns":8}],"seed_played":"7646911581495363477","potions_obtained":[{"floor":3,"key":"ColorlessPotion"},{"floor":5,"key":"SkillPotion"},{"floor":11,"key":"DuplicationPotion"},{"floor":12,"key":"SteroidPotion"}],"is_trial":false,"path_per_floor":["M","?","M","M","M","R","M","R","T","?","M","E","R","?","R","B"],"character_chosen":"MARISA","items_purchased":[],"campfire_rested":1,"item_purchase_floors":[],"current_hp_per_floor":[78,78,68,68,66,66,55,55,55,61,53,25,53,53,53,0,0],"gold":261,"neow_bonus":"TWENTY_PERCENT_HP_BONUS","is_daily":false,"chose_seed":false,"campfire_upgraded":3,"win_rate":0.0,"timestamp":1610612273,"path_taken":["M","?","M","M","?","R","M","R","T","?","M","E","R","?","R","BOSS"],"items_purchased_type":[],"build_version":"2020-12-18","purchased_purges":0,"victory":false,"max_hp_per_floor":[89,89,89,89,89,89,89,89,89,95,95,95,95,95,95,95,95],"card_choices":[{"not_picked":["DC","PowerUp"],"picked":"WitchOfGreed","floor":1},{"not_picked":["MysteriousBeam","WitchLeyline"],"picked":"PowerUp","floor":3},{"not_picked":["ChargingUp","GrandCross"],"picked":"WitchOfGreed","floor":4},{"not_picked":["StarBarrage","StarlightTyphoon"],"picked":"MillisecondPulsars","floor":5},{"not_picked":["WitchOfGreed","MilkyWay"],"picked":"GrandCross","floor":7},{"not_picked":["DoubleSpark","SuperPerseids"],"picked":"MilkyWay","floor":11},{"not_picked":["6A","StarlightTyphoon"],"picked":"GravityBeat","floor":12}],"player_experience":255600,"relics_obtained":[{"floor":2,"key":"testmod-D®¶j®§vu"},{"floor":9,"key":"Darkstone Periapt"},{"floor":12,"key":"Blue Candle"}],"event_choices":[{"damage_healed":0,"gold_gain":0,"player_choice":"Relic","damage_taken":0,"max_hp_gain":0,"max_hp_loss":0,"event_name":"Wheel of Change","floor":2,"gold_loss":0},{"damage_healed":0,"gold_gain":0,"player_choice":"Box","damage_taken":0,"relics_obtained":["Happy Flower"],"max_hp_gain":0,"max_hp_loss":0,"event_name":"Big Fish","floor":10,"gold_loss":0,"cards_obtained":["Regret"]},{"damage_healed":0,"gold_gain":0,"player_choice":"Gave Potion","damage_taken":0,"relics_obtained":["Mummified Hand"],"max_hp_gain":0,"max_hp_loss":0,"event_name":"WeMeetAgain","floor":14,"gold_loss":0}],"is_beta":true,"boss_relics":[],"items_purged_floors":[],"is_endless":false,"potions_floor_spawned":[5,11,12],"killed_by":"The Guardian","ascension_level":9}}