{"host":"0ulgfg5uyx5zlmwg","time":1610628128,"event":{"mods":["Act Like it!","BaseMod","BetterRewards","Challenge The Spire","Grow up Mod","Marked Mod","Minty Spire (QoL Compilation)","RumiaBox-露米娅的神秘盒子","Shop Mod","Spicy Shops","StSLib","TestMod","Transform Curses","vexMod","【功能Mod】混沌之环修复补丁","【遗物卡牌】REMEMod","篝火指南"],"gold_per_floor":[112,1111,1180,561,579,282,66,97,97,113,148,165,165,190,33,133,133,151,165,440,451,451,461,171,197,223,223,241,271,283,299,72,170,170,189,189,199,249,268,303,321,347,373,416,456,466,466,477,477,597,597,30,15,57,57],"floor_reached":56,"language":"ZHS","playtime":5332,"items_purged":["Regret","Doubt"],"score":1834,"play_id":"1811ca41-25ba-4168-9bfa-5cbad408e92f","local_time":"20210114204208","is_ascension_mode":true,"campfire_choices":[{"floor":49,"key":"RECALL"}],"circlet_count":0,"master_deck":["Core Surge+1","Offering","Iron Wave","Perfected Strike","Shrug It Off","Pummel+1","Dual Wield","Shrug It Off","Juggernaut","Impervious","Impervious","Brutality","REME_Fury","Fiend Fire","Juggernaut","Juggernaut","Bludgeon","Corruption","Flex","Thunderclap+1","Bite","Bite","Bite","Bite","Bite","Flex","Rage","REME_TheLastStrike","Demon Form","Rage","Armaments+1","Flex+1","Cleave","Shrug It Off","Heavy Blade+1","Sword Boomerang","REME_EyeOfCthun","Warcry","Disarm"],"relics":["Burning Blood","REME_ComplimentaryCards","testmod-TimeTraveler","SecretRecord","Gremlin Horn","Mummified Hand","REME_HandOfSuture","vexMod:PaidLearning","vexMod:Cooldron","SumBook","vexMod:InvisibilityCloak","Art of War","Sling","Coffee Dripper","Lantern","ZombieArmy","testmod-LifeArmor","Vajra","Charon\u0027s Ashes","SacredBark","AddBug","SumBook","testmod-BlackFramedGlasses","HornCleat","CeramicFish","Strawberry","REME_PuzzleBoxRelic","HornCleat","testmod-CyclicPeriapt","Strange Spoon","testmod-InjuryResistance"],"acts_visited":["Exordium","TheCity","TheBeyond","TheEnding"],"potions_floor_usage":[35,38,39,40,40,40,40,41,42,42,42,42,42,42,44,44,46,46,47,50,50,50,50,50,50,50,50,50,50,50,50,55,55,55,55,55,55,55],"damage_taken":[{"damage":0.0,"enemies":"Cultist","floor":1.0,"turns":2.0},{"damage":0.0,"enemies":"Small Slimes","floor":5.0,"turns":2.0},{"damage":0.0,"enemies":"Jaw Worm","floor":8.0,"turns":1.0},{"damage":0.0,"enemies":"Looter","floor":10.0,"turns":2.0},{"damage":0.0,"enemies":"Lagavulin","floor":11.0,"turns":2.0},{"damage":0.0,"enemies":"Exordium Thugs","floor":12.0,"turns":3.0},{"damage":0.0,"enemies":"Gremlin Nob","floor":14.0,"turns":2.0},{"damage":0.0,"enemies":"The Guardian","floor":16.0,"turns":5.0},{"damage":0.0,"enemies":"Shell Parasite","floor":18.0,"turns":1.0},{"damage":0.0,"enemies":"3 Byrds","floor":19.0,"turns":2.0},{"damage":0.0,"enemies":"Snecko","floor":21.0,"turns":2.0},{"damage":6.0,"enemies":"Centurion and Healer","floor":23.0,"turns":3.0},{"damage":6.0,"enemies":"Gremlin Leader","floor":25.0,"turns":3.0},{"damage":2.0,"enemies":"Snake Plant","floor":28.0,"turns":2.0},{"damage":0.0,"enemies":"Slavers","floor":29.0,"turns":2.0},{"damage":0.0,"enemies":"Shelled Parasite and Fungi","floor":30.0,"turns":3.0},{"damage":6.0,"enemies":"Cultist and Chosen","floor":31.0,"turns":3.0},{"damage":13.0,"enemies":"Automaton","floor":33.0,"turns":3.0},{"damage":0,"enemies":"3 Shapes","floor":35,"turns":2},{"damage":0,"enemies":"Orb Walker","floor":37,"turns":3},{"damage":0,"enemies":"Mind Bloom Boss Battle","floor":38,"turns":2},{"damage":0,"enemies":"Spire Growth","floor":39,"turns":2},{"damage":0,"enemies":"Reptomancer","floor":40,"turns":1},{"damage":0,"enemies":"Sphere and 2 Shapes","floor":41,"turns":2},{"damage":4,"enemies":"Giant Head","floor":42,"turns":3},{"damage":6,"enemies":"Nemesis","floor":44,"turns":1},{"damage":0,"enemies":"Jaw Worm Horde","floor":45,"turns":2},{"damage":6,"enemies":"Spire Growth","floor":46,"turns":2},{"damage":6,"enemies":"Maw","floor":48,"turns":5},{"damage":0,"enemies":"Donu and Deca","floor":50,"turns":3},{"damage":0,"enemies":"Shield and Spear","floor":54,"turns":2},{"damage":6,"enemies":"The Heart","floor":55,"turns":5}],"seed_played":"3418853947301131986","potions_obtained":[{"floor":1.0,"key":"ColorlessPotion"},{"floor":8.0,"key":"EntropicBrew"},{"floor":11.0,"key":"EntropicBrew"},{"floor":12.0,"key":"EntropicBrew"},{"floor":16.0,"key":"EntropicBrew"},{"floor":18.0,"key":"EntropicBrew"},{"floor":21.0,"key":"EntropicBrew"},{"floor":23.0,"key":"EntropicBrew"},{"floor":31.0,"key":"EntropicBrew"},{"floor":33.0,"key":"EntropicBrew"},{"floor":39,"key":"EntropicBrew"},{"floor":40,"key":"EntropicBrew"},{"floor":41,"key":"EntropicBrew"},{"floor":42,"key":"EntropicBrew"},{"floor":45,"key":"EntropicBrew"},{"floor":47,"key":"Fruit Juice"},{"floor":48,"key":"EntropicBrew"},{"floor":54,"key":"EntropicBrew"}],"is_trial":false,"path_per_floor":["M","?","?","$","M","R","$","M","T","M","E","M","?","E","R","B",null,"M","M","?","M","?","M","R","E","T","$","M","E","M","M","R","B",null,"M","?","M","?","M","E","M","E","T","E","M","M","?","M","R","B",null,"R","$","E","B",null],"character_chosen":"IRONCLAD","items_purchased":["Perfected Strike","Gremlin Horn","Mummified Hand","Shrug It Off","REME_HandOfSuture","vexMod:PaidLearning","testmod-SpacePotion","vexMod:Cooldron","Sling","Rage","REME_TheLastStrike","Vajra","Charon\u0027s Ashes","Sword Boomerang","testmod-CyclicPeriapt","Strange Spoon","REME_EyeOfCthun","Warcry"],"campfire_rested":0,"item_purchase_floors":[4,4,4,4,6,6,7,7,15,24,24,32,32,52,52,52,52,53],"current_hp_per_floor":[100,110,120,130,140,150,160,170,180,190,200,210,168,184,194,250,260,270,280,290,300,220,230,240,250,260,270,280,290,300,310,320,330,340,350,360,370,380,390,400,410,420,437,447,457,467,487,497,507,517,527,537,547,557,577],"gold":57,"neow_bonus":"ONE_RANDOM_RARE_CARD","is_daily":false,"chose_seed":false,"campfire_upgraded":0,"win_rate":0.0,"timestamp":1610628128,"path_taken":["M","?","?","?","M","R","$","M","T","M","E","M","?","E","R","BOSS","M","M","?","?","?","M","R","E","T","$","M","E","M","M","R","BOSS","M","?","M","?","M","E","M","E","T","E","M","M","?","M","R","BOSS","R","$","E","BOSS"],"items_purchased_type":["Card","Relic","Relic","Card","Relic","Relic","Potion","Relic","Relic","Card","Card","Relic","Relic","Card","Relic","Relic","Card","Card"],"build_version":"2020-12-22","purchased_purges":2,"victory":true,"max_hp_per_floor":[100,110,120,130,140,150,160,170,180,190,200,210,220,230,240,250,260,270,280,290,300,220,230,240,250,260,270,280,290,300,310,320,330,340,350,360,370,380,390,400,410,420,437,447,457,467,487,497,507,517,527,537,547,557,577],"card_choices":[{"not_picked":["True Grit","Heavy Blade"],"picked":"Iron Wave","floor":1.0},{"not_picked":["Clash","Pommel Strike"],"picked":"Pummel","floor":5.0},{"not_picked":["Metallicize","REME_Scribble"],"picked":"Dual Wield","floor":8.0},{"not_picked":["Ghostly Armor","Havoc"],"picked":"Shrug It Off","floor":10.0},{"not_picked":["Juggernaut","Anger","Berserk"],"picked":"SKIP","floor":11.0},{"not_picked":["Uppercut","Sentinel","REME_SingleHolding"],"picked":"SKIP","floor":12.0},{"not_picked":["Impervious","Twin Strike","Iron Wave"],"picked":"SKIP","floor":14.0},{"not_picked":["Carnage+1","Cleave"],"picked":"Flex","floor":18.0},{"not_picked":["Body Slam","Wild Strike","Havoc"],"picked":"SKIP","floor":19.0},{"not_picked":["Iron Wave","Anger"],"picked":"Thunderclap+1","floor":21.0},{"not_picked":["Evolve","Heavy Blade+1"],"picked":"Flex","floor":23.0},{"not_picked":["Heavy Blade","Thunderclap"],"picked":"Demon Form","floor":25.0},{"not_picked":["Iron Wave","Shrug It Off","Ghostly Armor"],"picked":"SKIP","floor":28.0},{"not_picked":["Entrench","REME_SingleHolding"],"picked":"Rage","floor":29.0},{"not_picked":["True Grit","Bloodletting+1","Clash"],"picked":"SKIP","floor":30.0},{"not_picked":["Battle Trance","Perfected Strike","Whirlwind"],"picked":"SKIP","floor":31.0},{"not_picked":["Combust+1","Body Slam+1"],"picked":"Armaments+1","floor":35},{"not_picked":["Body Slam","Dark Embrace"],"picked":"Flex+1","floor":37},{"not_picked":["Seeing Red","Metallicize","Iron Wave"],"picked":"SKIP","floor":39},{"not_picked":["Body Slam+1","Shrug It Off","Power Through+1"],"picked":"SKIP","floor":40},{"not_picked":["Ghostly Armor","Second Wind"],"picked":"Cleave","floor":41},{"not_picked":["REME_SingleHolding","Dropkick","Feed"],"picked":"SKIP","floor":42},{"not_picked":["Immolate","Blood for Blood"],"picked":"Shrug It Off","floor":44},{"not_picked":["Wild Strike+1","Clothesline"],"picked":"Heavy Blade+1","floor":45},{"not_picked":["Iron Wave","Ghostly Armor+1","Pommel Strike+1"],"picked":"SKIP","floor":46},{"not_picked":["True Grit","Impervious","Cleave"],"picked":"SKIP","floor":48},{"not_picked":["True Grit+1","Feed"],"picked":"Disarm","floor":54}],"player_experience":487305,"relics_obtained":[{"floor":1.0,"key":"AddBug"},{"floor":11.0,"key":"SumBook"},{"floor":14.0,"key":"Art of War"},{"floor":25.0,"key":"Lantern"},{"floor":26.0,"key":"ZombieArmy"},{"floor":29.0,"key":"testmod-LifeArmor"},{"floor":37,"key":"SumBook"},{"floor":38,"key":"testmod-BlackFramedGlasses"},{"floor":40,"key":"HornCleat"},{"floor":42,"key":"CeramicFish"},{"floor":43,"key":"Strawberry"},{"floor":44,"key":"REME_PuzzleBoxRelic"},{"floor":48,"key":"HornCleat"},{"floor":54,"key":"testmod-InjuryResistance"}],"event_choices":[{"damage_healed":0.0,"max_hp_gain":0.0,"max_hp_loss":0.0,"gold_gain":999.0,"event_name":"恩洛斯的盘子","player_choice":"Sell","floor":2.0,"relics_lost":["AddBug"],"gold_loss":0.0,"damage_taken":0.0},{"damage_healed":0.0,"max_hp_gain":0.0,"max_hp_loss":0.0,"gold_gain":69.0,"event_name":"Golden Wing","player_choice":"Gained Gold","floor":3.0,"gold_loss":0.0,"damage_taken":0.0},{"damage_healed":0.0,"max_hp_gain":0.0,"max_hp_loss":0.0,"gold_gain":0.0,"event_name":"Scrap Ooze","player_choice":"Success","floor":13.0,"gold_loss":0.0,"damage_taken":52.0,"relics_obtained":["vexMod:InvisibilityCloak"]},{"damage_healed":0.0,"max_hp_gain":0.0,"max_hp_loss":0.0,"gold_gain":275.0,"event_name":"Golden Shrine","player_choice":"Desecrate","floor":20.0,"gold_loss":0.0,"damage_taken":0.0,"cards_obtained":["Regret"]},{"damage_healed":0.0,"max_hp_gain":0.0,"max_hp_loss":90.0,"gold_gain":0.0,"event_name":"Vampires","player_choice":"Became a vampire","floor":22.0,"gold_loss":0.0,"damage_taken":0.0,"cards_obtained":["Bite","Bite","Bite","Bite","Bite"]},{"damage_healed":0,"gold_gain":0,"player_choice":"Swap Relic","damage_taken":0,"relics_obtained":["AddBug"],"max_hp_gain":0,"max_hp_loss":0,"event_name":"给自己的盒子","floor":36,"relics_lost":["testmod-TestBox"],"gold_loss":0},{"damage_healed":0,"gold_gain":0,"player_choice":"Fight","damage_taken":0,"max_hp_gain":0,"max_hp_loss":0,"event_name":"MindBloom","floor":38,"gold_loss":0}],"is_beta":false,"boss_relics":[{"not_picked":["Busted Crown","Astrolabe"],"picked":"Coffee Dripper"},{"not_picked":["testmod-IncinerationGenerator","Velvet Choker"],"picked":"SacredBark"}],"items_purged_floors":[24,32],"is_endless":false,"potions_floor_spawned":[1,8,11,12,16,18,21,23,31,33,39,40,41,42,45,48,54],"ascension_level":1}}