{"host":"d3wn6ylxoasccvbu","time":1610586708,"event":{"mods":["BaseMod","Better Debug","Downfall","Minty Spire (QoL Compilation)","StSLib"],"gold_per_floor":[117,133,145,70,70,70,245,261,285,44,44,54,68,96,96,194,194,205,130,5,34,53,70,70,18,42,42,52,83,83,101,101,199,199,215,65,83,98,320,320,350,370,396,443,468,480,542,554,566,578,578],"floor_reached":50,"language":"ENG","playtime":4052,"items_purged":["Strike_G","Doubt","Strike_G","Strike_G"],"score":572,"play_id":"d68213a5-39f6-4071-9578-c866e697fc28","local_time":"20210113201148","is_ascension_mode":false,"campfire_choices":[{"data":"Catalyst","floor":6,"key":"SMITH"},{"data":"Night Terror","floor":11,"key":"SMITH"},{"floor":15,"key":"REST"},{"data":"Acrobatics","floor":24,"key":"SMITH"},{"data":"Prepared","floor":27,"key":"SMITH"},{"floor":32,"key":"REST"},{"data":"Adrenaline","floor":40,"key":"SMITH"},{"floor":46,"key":"REST"},{"floor":49,"key":"REST"}],"circlet_count":0,"master_deck":["Strike_G","Defend_G","Defend_G+1","Defend_G","Defend_G","Defend_G","Survivor","Neutralize+1","Night Terror+1","Catalyst+1","Caltrops","Deadly Poison","Dagger Throw+1","After Image","Flying Knee","Crippling Poison","Deflect","Corpse Explosion","PiercingWail+1","Tactician+1","Backflip+1","Acrobatics+1","Prepared+1","Noxious Fumes+1","Leg Sweep+1","Dash","Adrenaline+1","Acrobatics+1","Reflex+1","Dagger Throw+1","Tactician","Catalyst+1","Dagger Throw"],"relics":["Ring of the Snake","Dream Catcher","Centennial Puzzle","Snecko Eye","Red Mask","Lantern","Whetstone","SlaversCollar","Strawberry","MawBank","White Beast Statue","War Paint"],"acts_visited":["Exordium","TheCity","TheBeyond"],"potions_floor_usage":[8,14,18,21,23,29,29,41,42,44,50],"damage_taken":[{"damage":12,"enemies":"Small Slimes","floor":1,"turns":5},{"damage":2,"enemies":"2 Louse","floor":2,"turns":3},{"damage":3,"enemies":"Jaw Worm","floor":3,"turns":7},{"damage":18,"enemies":"3 Louse","floor":8,"turns":4},{"damage":1,"enemies":"Exordium Thugs","floor":12,"turns":6},{"damage":7,"enemies":"Looter","floor":13,"turns":4},{"damage":15,"enemies":"Lagavulin","floor":14,"turns":5},{"damage":19,"enemies":"Hexaghost","floor":16,"turns":10},{"damage":6,"enemies":"Chosen","floor":18,"turns":4},{"damage":16,"enemies":"Masked Bandits","floor":21,"turns":3},{"damage":0,"enemies":"2 Thieves","floor":22,"turns":3},{"damage":0,"enemies":"Cultist and Chosen","floor":23,"turns":5},{"damage":9,"enemies":"3 Cultists","floor":28,"turns":4},{"damage":19,"enemies":"Book of Stabbing","floor":29,"turns":7},{"damage":8,"enemies":"Snecko","floor":31,"turns":5},{"damage":4,"enemies":"Automaton","floor":33,"turns":3},{"damage":0,"enemies":"3 Shapes","floor":35,"turns":3},{"damage":3,"enemies":"Orb Walker","floor":37,"turns":5},{"damage":10,"enemies":"Writhing Mass","floor":38,"turns":6},{"damage":11,"enemies":"Reptomancer","floor":41,"turns":5},{"damage":25,"enemies":"Transient","floor":42,"turns":5},{"damage":5,"enemies":"Nemesis","floor":44,"turns":5},{"damage":10,"enemies":"Maw","floor":45,"turns":8},{"damage":53,"enemies":"Time Eater","floor":50,"turns":9}],"seed_played":"4476025734853778474","potions_obtained":[{"floor":3,"key":"SkillPotion"},{"floor":12,"key":"Strength Potion"},{"floor":14,"key":"sneckomod:MuddlingPotion"},{"floor":16,"key":"Dexterity Potion"},{"floor":18,"key":"PowerPotion"},{"floor":21,"key":"PowerPotion"},{"floor":23,"key":"GhostInAJar"},{"floor":37,"key":"EssenceOfSteel"},{"floor":41,"key":"Fire Potion"},{"floor":42,"key":"SkillPotion"},{"floor":45,"key":"DistilledChaos"}],"is_trial":false,"path_per_floor":["M","M","M","$","?","R","?","M","T","$","R","M","M","E","R","B",null,"M","?","$","?","M","M","R","$","T","R","M","E","?","M","R","B",null,"M","$","M","M","?","R","E","M","T","E","M","R","T","?","R","B"],"character_chosen":"THE_SILENT","items_purchased":["After Image","Prepared"],"campfire_rested":4,"item_purchase_floors":[10,25],"current_hp_per_floor":[51,49,46,46,46,46,46,28,28,28,28,27,20,5,23,4,63,57,57,57,41,41,41,41,41,41,41,32,13,13,5,23,19,63,63,63,60,50,50,50,46,21,21,16,6,27,27,27,48,0,0],"gold":578,"neow_bonus":"THREE_RARE_CARDS","is_daily":false,"chose_seed":false,"campfire_upgraded":5,"win_rate":0.0,"timestamp":1610586708,"path_taken":["M","M","M","$","?","R","?","M","T","$","R","M","M","E","R","BOSS","M","?","$","?","M","M","R","$","T","R","M","E","?","M","R","BOSS","M","$","M","M","?","R","E","M","T","E","M","R","?","?","R","BOSS"],"items_purchased_type":["Card","Card"],"build_version":"2020-12-22","purchased_purges":4,"victory":false,"max_hp_per_floor":[63,63,63,63,63,63,63,63,63,63,63,63,63,63,63,63,63,63,63,63,63,63,63,63,63,63,63,63,63,63,63,63,63,63,63,63,63,63,63,63,70,70,70,70,70,70,70,70,70,70,70],"card_choices":[{"not_picked":["Bullet Time","Glass Knife"],"picked":"Night Terror","floor":0},{"not_picked":["Dagger Throw","Terror"],"picked":"Catalyst","floor":1},{"not_picked":["Heel Hook","Backflip"],"picked":"Caltrops","floor":2},{"not_picked":["Backflip","Dagger Spray"],"picked":"Deadly Poison","floor":3},{"not_picked":["Eviscerate","Calculated Gamble"],"picked":"Dagger Throw","floor":8},{"not_picked":["Skewer","Quick Slash"],"picked":"Flying Knee","floor":12},{"not_picked":["Deflect","Flying Knee"],"picked":"Poisoned Stab","floor":13},{"not_picked":["Acrobatics","Endless Agony"],"picked":"Crippling Poison","floor":14},{"not_picked":["Dodge and Roll","Poisoned Stab"],"picked":"Deflect","floor":15},{"not_picked":["Phantasmal Killer","Bullet Time"],"picked":"Corpse Explosion","floor":16},{"not_picked":["Dagger Throw","Outmaneuver+1"],"picked":"PiercingWail+1","floor":18},{"not_picked":["Dagger Throw","Outmaneuver+1"],"picked":"Tactician+1","floor":21},{"not_picked":["Slice+1","Infinite Blades"],"picked":"Backflip","floor":22},{"not_picked":["Quick Slash","Dagger Spray"],"picked":"Acrobatics","floor":23},{"not_picked":["Bouncing Flask","Terror"],"picked":"Noxious Fumes+1","floor":28},{"not_picked":["Sucker Punch","Predator"],"picked":"Leg Sweep+1","floor":29},{"not_picked":["Choke","PiercingWail+1","Poisoned Stab"],"picked":"SKIP","floor":31},{"not_picked":["Deflect+1","Quick Slash"],"picked":"Dash","floor":32},{"not_picked":["Doppelganger","Unload"],"picked":"Adrenaline","floor":33},{"not_picked":["Infinite Blades","PiercingWail","Slice+1"],"picked":"SKIP","floor":35},{"not_picked":["Prepared+1","Dagger Throw"],"picked":"Acrobatics+1","floor":37},{"not_picked":["Slice","Predator+1"],"picked":"Reflex+1","floor":38},{"not_picked":["Calculated Gamble","Slice+1"],"picked":"Dagger Throw+1","floor":41},{"not_picked":["Crippling Poison","Tools of the Trade"],"picked":"Tactician","floor":42},{"not_picked":["Dodge and Roll","Dash","Slice"],"picked":"SKIP","floor":44},{"not_picked":["Poisoned Stab+1","Bane+1"],"picked":"Catalyst+1","floor":45},{"not_picked":["Bane+1","Masterful Stab+1"],"picked":"Dagger Throw","floor":49}],"player_experience":64679,"relics_obtained":[{"floor":9,"key":"Dream Catcher"},{"floor":14,"key":"Centennial Puzzle"},{"floor":21,"key":"Red Mask"},{"floor":26,"key":"Lantern"},{"floor":29,"key":"Whetstone"},{"floor":41,"key":"Strawberry"},{"floor":43,"key":"MawBank"},{"floor":44,"key":"White Beast Statue"},{"floor":47,"key":"War Paint"}],"event_choices":[{"damage_healed":0,"gold_gain":0,"player_choice":"Ignored","damage_taken":0,"max_hp_gain":0,"max_hp_loss":0,"event_name":"Golden Idol","floor":5,"gold_loss":0},{"damage_healed":0,"gold_gain":175,"player_choice":"AGREE","damage_taken":0,"max_hp_gain":0,"max_hp_loss":0,"event_name":"Liars Game","floor":7,"gold_loss":0,"cards_obtained":["Doubt"]},{"cards_removed":["Strike_G"],"damage_healed":0,"gold_gain":0,"player_choice":"Gave Gold","damage_taken":0,"max_hp_gain":0,"max_hp_loss":0,"event_name":"Beggar","floor":19,"gold_loss":75},{"damage_healed":0,"gold_gain":0,"player_choice":"Fought Bandits","damage_taken":0,"max_hp_gain":0,"max_hp_loss":0,"event_name":"Masked Bandits","floor":21,"gold_loss":0},{"damage_healed":0,"gold_gain":222,"player_choice":"Wore Mask","damage_taken":0,"max_hp_gain":0,"max_hp_loss":0,"event_name":"Tomb of Lord Red Mask","floor":39,"gold_loss":0},{"cards_removed":["Poisoned Stab"],"damage_healed":0,"gold_gain":0,"player_choice":"Removed Attack","damage_taken":0,"max_hp_gain":0,"max_hp_loss":0,"event_name":"Falling","floor":48,"gold_loss":0}],"is_beta":false,"boss_relics":[{"not_picked":["Runic Pyramid","Runic Dome"],"picked":"Snecko Eye"},{"not_picked":["Tiny House","Cursed Key"],"picked":"SlaversCollar"}],"items_purged_floors":[4,10,20,36],"is_endless":false,"potions_floor_spawned":[3,12,14,16,18,21,23,37,41,42,45],"killed_by":"Time Eater","ascension_level":0}}