{"host":"y76x98twjnyyxs83","time":1610654840,"event":{"mods":["BaseMod","Colored Powertips","Minty Spire (QoL Compilation)","Permanent Neow","Quick Restart","Rare Cards Sparkle","Relic Stats","StSLib"],"gold_per_floor":[118,135,153,42,54,82,82,110,110,124,124,50,82,92,92,163,163,204,230,255,255],"floor_reached":20,"language":"ENG","playtime":919,"items_purged":[],"score":438,"play_id":"710b3572-ccbd-453f-b86a-347effb4fcf0","local_time":"20210115040720","is_ascension_mode":true,"campfire_choices":[{"data":"TalkToTheHand","floor":7.0,"key":"SMITH"},{"data":"TalkToTheHand","floor":11.0,"key":"SMITH"},{"data":"CrushJoints","floor":15.0,"key":"SMITH"}],"circlet_count":0,"master_deck":["AscendersBane","Strike_P","Strike_P","Strike_P","Strike_P","Defend_P","Defend_P","Defend_P","Defend_P","Eruption","Vigilance","JustLucky","TalkToTheHand+1","Wallop","Adaptation","EmptyFist","SandsOfTime","TalkToTheHand+1","WaveOfTheHand","TalkToTheHand","ReachHeaven","CrushJoints+1","Wish","Halt","ClearTheMind+1"],"relics":["SlaversCollar","Blood Vial","Gremlin Horn","Bird Faced Urn","Thread and Needle","Runic Pyramid","Red Mask"],"acts_visited":["Exordium","TheCity"],"potions_floor_usage":[19,20],"damage_taken":[{"damage":1.0,"enemies":"Cultist","floor":1.0,"turns":4.0},{"damage":2.0,"enemies":"Jaw Worm","floor":2.0,"turns":4.0},{"damage":4.0,"enemies":"Small Slimes","floor":3.0,"turns":5.0},{"damage":5.0,"enemies":"2 Fungi Beasts","floor":5.0,"turns":5.0},{"damage":0.0,"enemies":"Gremlin Nob","floor":6.0,"turns":3.0},{"damage":12.0,"enemies":"Lagavulin","floor":8.0,"turns":6.0},{"damage":9.0,"enemies":"Looter","floor":10.0,"turns":4.0},{"damage":19.0,"enemies":"3 Sentries","floor":13.0,"turns":11.0},{"damage":0.0,"enemies":"Blue Slaver","floor":14.0,"turns":3.0},{"damage":14.0,"enemies":"Slime Boss","floor":16.0,"turns":5.0},{"damage":0.0,"enemies":"Chosen","floor":18.0,"turns":7.0},{"damage":48,"enemies":"Masked Bandits","floor":19,"turns":6},{"damage":22,"enemies":"3 Byrds","floor":20,"turns":4}],"seed_played":"-1099179603057621869","potions_obtained":[{"floor":1.0,"key":"Block Potion"},{"floor":5.0,"key":"EssenceOfSteel"},{"floor":10.0,"key":"StancePotion"},{"floor":19,"key":"LiquidMemories"}],"is_trial":false,"path_per_floor":["M","M","M","$","M","E","R","E","T","M","R","$","E","M","R","B",null,"M","?","M"],"character_chosen":"WATCHER","items_purchased":["Adaptation","EmptyFist","TalkToTheHand"],"campfire_rested":0,"item_purchase_floors":[4,4,12],"current_hp_per_floor":[60,58,54,54,49,49,49,39,39,32,32,32,17,19,19,9,53,57,11,0,0],"gold":255,"neow_bonus":"BOSS_RELIC","is_daily":false,"chose_seed":false,"campfire_upgraded":3,"win_rate":0.0,"timestamp":1610654840,"path_taken":["M","M","M","$","M","E","R","E","T","?","R","?","E","M","R","BOSS","M","?","M"],"items_purchased_type":["Card","Card","Card"],"build_version":"2020-12-22","purchased_purges":0,"victory":false,"max_hp_per_floor":[68,68,68,68,68,68,68,68,68,68,68,68,68,68,68,68,68,68,68,68,68],"relic_stats":{"Blood Vial":16,"Gremlin Horn":[5,5],"counters":[13,67],"Bird Faced Urn":[6],"obtain_stats":[{"Blood Vial":6,"SlaversCollar":0,"Gremlin Horn":8,"Bird Faced Urn":9,"Thread and Needle":13,"Red Mask":19,"PureWater":0,"Runic Pyramid":17},{"Blood Vial":5,"SlaversCollar":0,"Gremlin Horn":6,"Bird Faced Urn":6,"Thread and Needle":8,"Red Mask":12,"PureWater":0,"Runic Pyramid":10},{"Blood Vial":21,"SlaversCollar":0,"Gremlin Horn":27,"Bird Faced Urn":27,"Thread and Needle":42,"Red Mask":63,"PureWater":0,"Runic Pyramid":50}]},"card_choices":[{"not_picked":["Weave","MentalFortress"],"picked":"JustLucky","floor":1.0},{"not_picked":["Halt","ClearTheMind"],"picked":"TalkToTheHand","floor":2.0},{"not_picked":["FlurryOfBlows","Protect"],"picked":"Wallop","floor":3.0},{"not_picked":["BowlingBash","Devotion"],"picked":"SandsOfTime","floor":5.0},{"not_picked":["EmptyBody","Evaluate","Nirvana"],"picked":"SKIP","floor":6.0},{"not_picked":["Prostrate","SignatureMove"],"picked":"TalkToTheHand","floor":8.0},{"not_picked":["Sanctity","JustLucky"],"picked":"WaveOfTheHand","floor":10.0},{"not_picked":["CarveReality","Protect"],"picked":"ReachHeaven","floor":13.0},{"not_picked":["CrushJoints","JustLucky","FollowUp"],"picked":"SKIP","floor":14.0},{"not_picked":["JustLucky","FollowUp"],"picked":"CrushJoints","floor":14.0},{"not_picked":["DevaForm","Blasphemy"],"picked":"Wish","floor":16.0},{"not_picked":["SandsOfTime+1","FlyingSleeves"],"picked":"Halt","floor":18.0},{"not_picked":["Prostrate","EmptyFist"],"picked":"ClearTheMind+1","floor":19}],"player_experience":1141015,"relics_obtained":[{"floor":6.0,"key":"Blood Vial"},{"floor":8.0,"key":"Gremlin Horn"},{"floor":9.0,"key":"Bird Faced Urn"},{"floor":13.0,"key":"Thread and Needle"},{"floor":19,"key":"Red Mask"}],"event_choices":[{"damage_healed":0,"gold_gain":0,"player_choice":"Fought Bandits","damage_taken":0,"max_hp_gain":0,"max_hp_loss":0,"event_name":"Masked Bandits","floor":19,"gold_loss":0}],"is_beta":false,"boss_relics":[{"not_picked":["Busted Crown","Black Star"],"picked":"Runic Pyramid"}],"items_purged_floors":[],"is_endless":false,"potions_floor_spawned":[1,5,10,19],"killed_by":"3 Byrds","ascension_level":20}}