{"host":"obplhmlw33xb91v8","time":1610644618,"event":{"mods":["BaseMod","Block Reminder","Curses Come First","Evolution","Minty Spire (QoL Compilation)","Quick Restart","Relic Stats","Spicy Shops","StSLib","Uncapped","Waifu the Spire","slay the spire mod where everything is the same but ironclad has a cowboy hat"],"gold_per_floor":[118,135,210,287,301,336,336,352,352,370,395,395,395,431,431,561,561,546,570,589,602,627,627,94,119,144,0,0,36,36,36,36,164,164,180,196,209,234,248,248,35,100,123,123,156,175,175,196,196,196,196,196,49,87,87,87],"floor_reached":55,"language":"ENG","playtime":2839,"items_purged":["Sweeping Beam"],"score":1059,"play_id":"5f493207-e92c-4eb5-892d-c4e81a212862","local_time":"20210114121658","is_ascension_mode":true,"campfire_choices":[{"floor":7.0,"key":"REST"},{"floor":12.0,"key":"REST"},{"floor":15.0,"key":"REST"},{"floor":23.0,"key":"REST"},{"floor":30,"key":"REST"},{"floor":32,"key":"REST"},{"floor":40,"key":"RECALL"},{"floor":47,"key":"REST"},{"floor":49,"key":"REST"},{"floor":52,"key":"REST"}],"circlet_count":0,"master_deck":["Sweeping Beam","Sweeping Beam","Sweeping Beam","Defend_B","Defend_B","Defend_B","Defend_B","Zap","Dualcast","Chill","Fusion","Gash","Conserve Battery","Electrodynamics","Echo Form","Cold Snap","Buffer","Doom and Gloom","Echo Form","Ghostly","Ghostly","Ghostly","Ghostly","Ghostly","Core Surge","Biased Cognition"],"relics":["EVO:Axolotl","Fusion Hammer","Kunai","Oddly Smooth Stone","Turnip","Ginger","Golden Idol","Mango","Inserter","Blood Vial","DollysMirror","Omamori","Juzu Bracelet","Bronze Scales","HornCleat","Unceasing Top","Busted Crown","Sling","Orichalcum","TungstenRod","Ice Cream","Anchor","Dead Branch"],"acts_visited":["Exordium","TheCity","TheBeyond","TheEnding"],"potions_floor_usage":[33,37,50,55,55],"damage_taken":[{"damage":10.0,"enemies":"Small Slimes","floor":1.0,"turns":2.0},{"damage":2.0,"enemies":"Jaw Worm","floor":2.0,"turns":3.0},{"damage":0.0,"enemies":"2 Louse","floor":5.0,"turns":1.0},{"damage":4.0,"enemies":"3 Sentries","floor":6.0,"turns":4.0},{"damage":9.0,"enemies":"Looter","floor":8.0,"turns":3.0},{"damage":24.0,"enemies":"Large Slime","floor":10.0,"turns":4.0},{"damage":8.0,"enemies":"Lagavulin","floor":11.0,"turns":7.0},{"damage":42.0,"enemies":"Gremlin Nob","floor":14.0,"turns":5.0},{"damage":31.0,"enemies":"The Guardian","floor":16.0,"turns":10.0},{"damage":23.0,"enemies":"2 Thieves","floor":18.0,"turns":4.0},{"damage":7.0,"enemies":"Spheric Guardian","floor":19.0,"turns":4.0},{"damage":16.0,"enemies":"Snake Plant","floor":20.0,"turns":5.0},{"damage":24.0,"enemies":"3 Cultists","floor":21.0,"turns":4.0},{"damage":3.0,"enemies":"Snecko","floor":22.0,"turns":6.0},{"damage":15.0,"enemies":"Centurion and Healer","floor":25.0,"turns":6.0},{"damage":17,"enemies":"Slavers","floor":29,"turns":5},{"damage":0,"enemies":"Automaton","floor":33,"turns":10},{"damage":21,"enemies":"3 Shapes","floor":35,"turns":4},{"damage":0,"enemies":"3 Darklings","floor":36,"turns":5},{"damage":10,"enemies":"4 Shapes","floor":37,"turns":7},{"damage":0,"enemies":"Maw","floor":38,"turns":8},{"damage":0,"enemies":"Spire Growth","floor":39,"turns":7},{"damage":0,"enemies":"2 Orb Walkers","floor":42,"turns":6},{"damage":0,"enemies":"Reptomancer","floor":45,"turns":7},{"damage":0,"enemies":"Jaw Worm Horde","floor":46,"turns":6},{"damage":0,"enemies":"4 Shapes","floor":48,"turns":3},{"damage":0,"enemies":"Donu and Deca","floor":50,"turns":10},{"damage":0,"enemies":"Shield and Spear","floor":54,"turns":7},{"damage":43,"enemies":"The Heart","floor":55,"turns":9}],"seed_played":"1663982634956371724","potions_obtained":[{"floor":1.0,"key":"Block Potion"},{"floor":2.0,"key":"SpeedPotion"},{"floor":14.0,"key":"LiquidBronze"},{"floor":16.0,"key":"ColorlessPotion"},{"floor":18.0,"key":"EssenceOfSteel"},{"floor":19.0,"key":"SteroidPotion"},{"floor":20.0,"key":"Strength Potion"},{"floor":33,"key":"SkillPotion"},{"floor":37,"key":"FocusPotion"},{"floor":39,"key":"SkillPotion"},{"floor":46,"key":"EssenceOfDarkness"}],"is_trial":false,"path_per_floor":["M","M","?","T","M","E","R","M","T","M","E","R","?","E","R","B",null,"M","M","M","M","M","R","$","M","T","$","?","E","R","?","R","B",null,"M","M","M","M","M","R","$","?","T","?","E","M","R","M","R","B",null,"R","$","E","B"],"character_chosen":"DEFECT","items_purchased":["Blood Vial","DollysMirror","Omamori","Bronze Scales","Sling","Orichalcum","Anchor"],"campfire_rested":9,"item_purchase_floors":[24,24,24,27,41,41,53],"current_hp_per_floor":[65,63,52,52,52,48,70,61,61,37,29,51,51,23,47,16,83,60,53,37,13,10,34,34,21,21,21,21,6,18,18,30,32,41,20,22,14,16,18,18,18,20,20,20,22,24,35,37,39,39,39,39,39,39,0,0],"gold":87,"neow_bonus":"BOSS_RELIC","is_daily":false,"chose_seed":false,"campfire_upgraded":0,"win_rate":0.0,"timestamp":1610644618,"path_taken":["M","M","?","?","M","E","R","M","T","M","E","R","?","E","R","BOSS","M","M","M","M","M","R","$","M","T","$","?","E","R","?","R","BOSS","M","M","M","M","M","R","$","?","T","?","E","M","R","M","R","BOSS","R","$","E","BOSS"],"items_purchased_type":["Relic","Relic","Relic","Relic","Relic","Relic","Relic"],"build_version":"2020-12-22","purchased_purges":1,"victory":false,"max_hp_per_floor":[75,75,75,75,75,75,75,75,75,75,75,75,69,83,83,83,83,83,83,83,83,83,83,83,83,83,83,41,41,41,41,41,41,41,41,41,41,41,41,41,41,41,41,39,39,39,39,39,39,39,39,39,39,39,39,39],"relic_stats":{"Inserter":[61],"counters":[29,162],"Golden Idol":168,"Dead Branch":[12],"Juzu Bracelet":1,"Ginger":[11],"Orichalcum":[60],"Blood Vial":22,"Busted Crown":20,"Bronze Scales":[421],"Turnip":[16],"Kunai":[65],"obtain_stats":[{"Ice Cream":45,"Inserter":17,"Golden Idol":13,"Dead Branch":54,"Oddly Smooth Stone":6,"Mango":14,"Omamori":24,"Juzu Bracelet":26,"EVO:Axolotl":0,"Ginger":11,"Orichalcum":41,"Sling":41,"Blood Vial":24,"Anchor":53,"HornCleat":29,"Busted Crown":34,"DollysMirror":24,"Bronze Scales":27,"Fusion Hammer":0,"Turnip":9,"Kunai":4,"Cracked Core":0,"Unceasing Top":31,"TungstenRod":42},{"Ice Cream":24,"Inserter":9,"Golden Idol":7,"Dead Branch":28,"Oddly Smooth Stone":4,"Mango":8,"Omamori":14,"Juzu Bracelet":15,"EVO:Axolotl":0,"Ginger":7,"Orichalcum":22,"Sling":22,"Blood Vial":14,"Anchor":27,"HornCleat":16,"Busted Crown":17,"DollysMirror":14,"Bronze Scales":15,"Fusion Hammer":0,"Turnip":5,"Kunai":2,"Cracked Core":0,"Unceasing Top":16,"TungstenRod":23},{"Ice Cream":127,"Inserter":39,"Golden Idol":24,"Dead Branch":153,"Oddly Smooth Stone":10,"Mango":29,"Omamori":62,"Juzu Bracelet":68,"EVO:Axolotl":0,"Ginger":24,"Orichalcum":114,"Sling":114,"Blood Vial":62,"Anchor":146,"HornCleat":73,"Busted Crown":83,"DollysMirror":62,"Bronze Scales":68,"Fusion Hammer":0,"Turnip":13,"Kunai":5,"Cracked Core":0,"Unceasing Top":73,"TungstenRod":120}],"Unceasing Top":[20],"TungstenRod":57},"card_choices":[{"not_picked":["Darkness","Redo","Consume"],"picked":"SKIP","floor":1.0},{"not_picked":["Steam","Hologram","Tempest"],"picked":"SKIP","floor":2.0},{"not_picked":["Rebound","Conserve Battery"],"picked":"Chill","floor":5.0},{"not_picked":["Rebound","Meteor Strike"],"picked":"Fusion","floor":6.0},{"not_picked":["Darkness","Beam Cell"],"picked":"Gash","floor":8.0},{"not_picked":["Blizzard","Hello World","Coolheaded"],"picked":"SKIP","floor":10.0},{"not_picked":["Coolheaded","Rip and Tear"],"picked":"Conserve Battery","floor":11.0},{"not_picked":["Redo","Gash"],"picked":"Electrodynamics","floor":14.0},{"not_picked":["Seek","Thunder Strike"],"picked":"Echo Form","floor":16.0},{"not_picked":["Sweeping Beam+1","FTL"],"picked":"Cold Snap","floor":18.0},{"not_picked":["Compile Driver","Redo+1","Steam+1"],"picked":"SKIP","floor":19.0},{"not_picked":["Turbo","Conserve Battery+1"],"picked":"Buffer","floor":20.0},{"not_picked":["Conserve Battery","Redo"],"picked":"Doom and Gloom","floor":21.0},{"not_picked":["Barrage","Steam","Go for the Eyes+1"],"picked":"SKIP","floor":22.0},{"not_picked":["Turbo+1","Cold Snap+1","Melter"],"picked":"SKIP","floor":25.0},{"not_picked":["Leap","Ball Lightning"],"picked":"Core Surge","floor":29},{"not_picked":["Echo Form","Thunder Strike"],"picked":"Biased Cognition","floor":33},{"not_picked":["Auto Shields"],"picked":"SKIP","floor":35},{"not_picked":["Darkness+1"],"picked":"SKIP","floor":36},{"not_picked":["Cold Snap+1"],"picked":"SKIP","floor":37},{"not_picked":["Glacier"],"picked":"SKIP","floor":38},{"not_picked":["Coolheaded"],"picked":"SKIP","floor":39},{"not_picked":["Beam Cell+1"],"picked":"SKIP","floor":45},{"not_picked":["Coolheaded+1"],"picked":"SKIP","floor":46},{"not_picked":["Blizzard"],"picked":"SKIP","floor":48},{"not_picked":["Sweeping Beam"],"picked":"SKIP","floor":54}],"player_experience":193686,"relics_obtained":[{"floor":4.0,"key":"Kunai"},{"floor":6.0,"key":"Oddly Smooth Stone"},{"floor":9.0,"key":"Turnip"},{"floor":11.0,"key":"Ginger"},{"floor":14.0,"key":"Mango"},{"floor":26.0,"key":"Juzu Bracelet"},{"floor":29,"key":"HornCleat"},{"floor":42,"key":"TungstenRod"},{"floor":45,"key":"Ice Cream"},{"floor":54,"key":"Dead Branch"}],"event_choices":[{"damage_healed":0.0,"max_hp_gain":0.0,"max_hp_loss":0.0,"gold_gain":75.0,"event_name":"World of Goop","player_choice":"Gather Gold","floor":3.0,"gold_loss":0.0,"damage_taken":11.0},{"damage_healed":0.0,"max_hp_gain":0.0,"max_hp_loss":6.0,"gold_gain":0.0,"event_name":"Golden Idol","player_choice":"Lose Max HP","floor":13.0,"gold_loss":0.0,"damage_taken":0.0,"relics_obtained":["Golden Idol"]},{"damage_healed":0.0,"max_hp_gain":0.0,"max_hp_loss":42.0,"gold_gain":0.0,"event_name":"Ghosts","player_choice":"Became a Ghost","floor":28.0,"gold_loss":0.0,"damage_taken":0.0,"cards_obtained":["Ghostly","Ghostly","Ghostly","Ghostly","Ghostly"]},{"damage_healed":0,"gold_gain":0,"player_choice":"Gave Potion","damage_taken":0,"relics_obtained":["Unceasing Top"],"max_hp_gain":0,"max_hp_loss":0,"event_name":"WeMeetAgain","floor":31,"gold_loss":0},{"damage_healed":0,"gold_gain":0,"player_choice":"Fight","damage_taken":0,"max_hp_gain":0,"max_hp_loss":0,"event_name":"Mysterious Sphere","floor":42,"gold_loss":0},{"damage_healed":0,"gold_gain":0,"player_choice":"Max HP","damage_taken":0,"max_hp_gain":0,"max_hp_loss":2,"event_name":"Winding Halls","floor":44,"gold_loss":0}],"is_beta":false,"boss_relics":[{"not_picked":["Sozu","Tiny House"],"picked":"Inserter"},{"not_picked":["Cursed Key","Runic Dome"],"picked":"Busted Crown"}],"items_purged_floors":[24],"is_endless":false,"potions_floor_spawned":[1,2,14,16,18,19,20,33,37,39,46],"killed_by":"The Heart","ascension_level":4}}