{"host":"oehe2dxjvdgux73m","time":1610640035,"event":{"mods":["AchievementEnabler","BaseMod","Colored Map","Colored Powertips","DeckTracker","Keyboard Shortcuts","Minty Spire (QoL Compilation)","Permanent Neow","Quick Restart","StSLib","SuperFastMode"],"gold_per_floor":[111,111,36,53,65,65,65,65,65,85,118,118,0,0,0,73,73,86,161,177,177,196,196,221,221,221,248,264,179,193,216,216,216,216],"floor_reached":33,"language":"KOR","playtime":670,"items_purged":["Strike_G"],"score":481,"play_id":"90a8a6ce-b9e8-4b19-9aad-5339c83b3db0","local_time":"20210115010035","is_ascension_mode":true,"campfire_choices":[{"data":"Blade Dance","floor":6.0,"key":"SMITH"},{"data":"Neutralize","floor":12.0,"key":"SMITH"},{"data":"Accuracy","floor":15.0,"key":"SMITH"},{"data":"Acrobatics","floor":23.0,"key":"SMITH"},{"data":"Prepared","floor":32.0,"key":"SMITH"}],"circlet_count":0,"master_deck":["AscendersBane","Strike_G","Strike_G","Strike_G","Strike_G","Defend_G","Defend_G","Defend_G","Defend_G","Defend_G","Survivor","Neutralize+1","Bane","Blade Dance+1","Finisher","Blade Dance","Accuracy+1","PiercingWail+1","Acrobatics+1","Prepared+1","Tactician","Infinite Blades+1"],"relics":["Ring of the Snake","NeowsBlessing","Calipers","Oddly Smooth Stone","Bottled Tornado","WristBlade","Blood Vial","Letter Opener","Thread and Needle","Pear","Anchor"],"acts_visited":["Exordium","TheCity"],"potions_floor_usage":[33,33],"damage_taken":[{"damage":0.0,"enemies":"2 Louse","floor":1.0,"turns":1.0},{"damage":0.0,"enemies":"Cultist","floor":4.0,"turns":1.0},{"damage":0.0,"enemies":"Jaw Worm","floor":5.0,"turns":1.0},{"damage":1.0,"enemies":"Looter","floor":10.0,"turns":3.0},{"damage":13.0,"enemies":"Gremlin Nob","floor":11.0,"turns":3.0},{"damage":22.0,"enemies":"Hexaghost","floor":16.0,"turns":8.0},{"damage":3.0,"enemies":"3 Byrds","floor":18.0,"turns":5.0},{"damage":0.0,"enemies":"Shell Parasite","floor":20.0,"turns":1.0},{"damage":0.0,"enemies":"Cultist and Chosen","floor":22.0,"turns":3.0},{"damage":23.0,"enemies":"Book of Stabbing","floor":24.0,"turns":3.0},{"damage":12.0,"enemies":"Slavers","floor":27.0,"turns":4.0},{"damage":0.0,"enemies":"Centurion and Healer","floor":28.0,"turns":3.0},{"damage":0.0,"enemies":"3 Cultists","floor":30.0,"turns":4.0},{"damage":50,"enemies":"Automaton","floor":33,"turns":6}],"seed_played":"1552675943362582660","potions_obtained":[{"floor":1.0,"key":"DuplicationPotion"},{"floor":2.0,"key":"Poison Potion"},{"floor":16.0,"key":"Weak Potion"},{"floor":27.0,"key":"BlessingOfTheForge"},{"floor":28.0,"key":"SkillPotion"}],"is_trial":false,"path_per_floor":["M","?","$","M","M","R","?","$","T","M","E","R","$","T","R","B",null,"M","?","M","?","M","R","E","?","T","E","M","?","M","T","R","B"],"character_chosen":"THE_SILENT","items_purchased":["Blade Dance","Accuracy"],"campfire_rested":0,"item_purchase_floors":[13,13],"current_hp_per_floor":[59,59,59,59,59,59,59,59,59,58,45,45,45,45,45,23,55,52,46,46,46,46,46,23,23,23,13,15,25,27,27,27,0,0],"gold":216,"neow_bonus":"THREE_ENEMY_KILL","is_daily":false,"chose_seed":false,"campfire_upgraded":5,"win_rate":0.0,"timestamp":1610640035,"path_taken":["M","?","?","?","M","R","?","?","T","M","E","R","$","?","R","BOSS","M","?","?","?","M","R","E","?","T","E","M","?","M","?","R","BOSS"],"items_purchased_type":["Card","Card"],"build_version":"2020-12-22","purchased_purges":1,"victory":false,"max_hp_per_floor":[66,66,66,66,66,66,66,66,66,66,66,66,66,66,66,66,66,66,66,66,66,66,66,66,66,66,66,66,76,76,76,76,76,76],"card_choices":[{"not_picked":["Noxious Fumes","Underhanded Strike"],"picked":"Bane","floor":1.0},{"not_picked":["Dodge and Roll","Bouncing Flask"],"picked":"Blade Dance","floor":4.0},{"not_picked":["Bane","Masterful Stab","Infinite Blades"],"picked":"SKIP","floor":5.0},{"not_picked":["Well Laid Plans","Dodge and Roll"],"picked":"Finisher","floor":10.0},{"not_picked":["Caltrops","Dagger Throw","Distraction"],"picked":"SKIP","floor":11.0},{"not_picked":["Skewer","Bane"],"picked":"PiercingWail+1","floor":18.0},{"not_picked":["Blade Dance","Venomology"],"picked":"Acrobatics","floor":20.0},{"not_picked":["Heel Hook","Riddle With Holes","Setup+1"],"picked":"SKIP","floor":22.0},{"not_picked":["Footwork","Acrobatics"],"picked":"Prepared","floor":24.0},{"not_picked":["Masterful Stab","Dagger Throw","Dagger Spray"],"picked":"SKIP","floor":27.0},{"not_picked":["Underhanded Strike","Deadly Poison"],"picked":"Infinite Blades+1","floor":28.0},{"not_picked":["Cloak And Dagger","Blade Dance","Slice+1"],"picked":"SKIP","floor":30.0}],"player_experience":199114,"relics_obtained":[{"floor":9.0,"key":"Calipers"},{"floor":11.0,"key":"Oddly Smooth Stone"},{"floor":14.0,"key":"Bottled Tornado"},{"floor":24.0,"key":"Blood Vial"},{"floor":26.0,"key":"Letter Opener"},{"floor":27.0,"key":"Thread and Needle"},{"floor":31.0,"key":"Anchor"}],"event_choices":[{"damage_healed":0.0,"max_hp_gain":0.0,"max_hp_loss":0.0,"gold_gain":0.0,"event_name":"Lab","player_choice":"Got Potions","floor":2.0,"gold_loss":0.0,"damage_taken":0.0},{"damage_healed":0.0,"max_hp_gain":0.0,"max_hp_loss":0.0,"gold_gain":0.0,"event_name":"The Woman in Blue","player_choice":"Bought 0 Potions","floor":7.0,"gold_loss":0.0,"damage_taken":0.0},{"damage_healed":0.0,"max_hp_gain":0.0,"max_hp_loss":0.0,"gold_gain":75.0,"event_name":"FaceTrader","player_choice":"Touch","floor":19.0,"gold_loss":0.0,"damage_taken":6.0},{"damage_healed":0.0,"max_hp_gain":0.0,"max_hp_loss":0.0,"gold_gain":0.0,"event_name":"Vampires","player_choice":"Ignored","floor":21.0,"gold_loss":0.0,"damage_taken":0.0},{"damage_healed":0.0,"max_hp_gain":0.0,"max_hp_loss":0.0,"gold_gain":0.0,"event_name":"The Library","player_choice":"Read","floor":25.0,"gold_loss":0.0,"damage_taken":0.0,"cards_obtained":["Tactician"]},{"damage_healed":0.0,"max_hp_gain":0.0,"max_hp_loss":0.0,"gold_gain":0.0,"event_name":"Addict","player_choice":"Obtained Relic","floor":29.0,"gold_loss":85.0,"damage_taken":0.0,"relics_obtained":["Pear"]}],"is_beta":false,"boss_relics":[{"not_picked":["Ectoplasm","Empty Cage"],"picked":"WristBlade"}],"items_purged_floors":[3],"is_endless":false,"potions_floor_spawned":[1,16,18,27,28,30],"killed_by":"Automaton","ascension_level":14}}