{"host":"0009l0kk6tb2u2kt","time":1610633290,"event":{"mods":["BaseMod","Downfall","Hermit","Hubris","Minty Spire (QoL Compilation)","Replay The Spire","StSLib"],"gold_per_floor":[99,99,99,99,49,49,76,102,117,143,12,44,144,57,73,73,73,73],"floor_reached":16,"language":"ENG","playtime":1592,"items_purged":["Guardian:Defend_Guardian"],"score":116,"play_id":"b4a203ee-7e77-4611-b38a-9f60a73aa35f","local_time":"20210114150810","is_ascension_mode":false,"campfire_choices":[{"data":"Guardian:TwinSlam","floor":1,"key":"SMITH"},{"data":"Guardian:Harden","floor":6,"key":"SMITH"}],"circlet_count":0,"master_deck":["Guardian:Strike_Guardian","Guardian:Strike_Guardian","Guardian:Strike_Guardian","Guardian:Strike_Guardian","Guardian:Defend_Guardian","Guardian:Defend_Guardian","Guardian:Defend_Guardian","Guardian:CurlUp","Guardian:TwinSlam+1","Guardian:ShieldSpikes","Guardian:Harden+1","Guardian:PiercingHide","Guardian:Gem_Crimson","Guardian:PrismaticBeam","Guardian:Gem_Synthetic","Guardian:Gem_Lightblue","Guardian:Gem_Cyan","Guardian:RevengeProtocol"],"relics":["Guardian:ModeShifter","downfall:HeartsMalice","hubris:Towel","Replay:Wax Seal","ReplayTheSpireMod:Shallot","hubris:TenFootPole","Pear"],"acts_visited":["Exordium"],"potions_floor_usage":[10,12,16,16],"damage_taken":[{"damage":0,"enemies":"Cultist","floor":2,"turns":1},{"damage":0,"enemies":"Small Slimes","floor":3,"turns":1},{"damage":0,"enemies":"downfall:FleeingMerchant","floor":5,"turns":1},{"damage":17,"enemies":"3 Sentries","floor":8,"turns":10},{"damage":0,"enemies":"2 Louse","floor":9,"turns":2},{"damage":22,"enemies":"Lagavulin","floor":10,"turns":9},{"damage":1,"enemies":"downfall:FleeingMerchant","floor":11,"turns":4},{"damage":11,"enemies":"Gremlin Nob","floor":12,"turns":5},{"damage":0,"enemies":"Red Slaver","floor":14,"turns":4},{"damage":5,"enemies":"Large Slime","floor":15,"turns":8},{"damage":48,"enemies":"downfall:Ironclad","floor":16,"turns":9}],"seed_played":"-7904179051104027294","potions_obtained":[{"floor":8,"key":"Cursed Concoction"},{"floor":10,"key":"Fire Potion"},{"floor":14,"key":"Dexterity Potion"},{"floor":15,"key":"Guardian:DefensiveModePotion"}],"is_trial":false,"path_per_floor":["R","M","M","?","$","R","T","E","M","E","$","E","?","M","M","B"],"character_chosen":"GUARDIAN","items_purchased":["Guardian:Gem_Red","Guardian:Gem_Synthetic"],"campfire_rested":0,"item_purchase_floors":[5,11],"current_hp_per_floor":[80,80,80,80,80,80,80,63,63,41,40,39,39,39,34,0,0,0],"gold":73,"neow_bonus":"THREE_ENEMY_KILL","is_daily":false,"chose_seed":false,"campfire_upgraded":2,"win_rate":0.0,"timestamp":1610633290,"path_taken":["R","M","M","?","$","R","T","E","M","E","$","E","?","M","M","BOSS"],"items_purchased_type":["Card","Card"],"build_version":"2020-12-22","purchased_purges":1,"victory":false,"max_hp_per_floor":[80,80,80,80,80,80,80,80,80,80,80,90,90,90,90,90,90,90],"card_choices":[{"not_picked":["Guardian:Gem_Lightblue","Guardian:Planning"],"picked":"Guardian:ShieldSpikes","floor":2},{"not_picked":["Guardian:PrimingBeam","Guardian:Recover"],"picked":"Guardian:Harden","floor":3},{"not_picked":["Guardian:TemporalStrike","Guardian:TemporalShield","Guardian:PrimingBeam"],"picked":"SKIP","floor":5},{"not_picked":["Guardian:Gem_Blue","Guardian:TemporalStrike"],"picked":"Guardian:PiercingHide","floor":8},{"not_picked":["Guardian:StasisStrike","Guardian:Gem_Lightblue"],"picked":"Guardian:Gem_Crimson","floor":9},{"not_picked":["Guardian:PiercingHide","Guardian:BronzeArmor"],"picked":"Guardian:PrismaticBeam","floor":10},{"not_picked":["Guardian:PrismaticBarrier","Guardian:FastForward","Guardian:VentSteam"],"picked":"SKIP","floor":11},{"not_picked":["Guardian:Recover","Guardian:TimeCapacitor"],"picked":"Guardian:Gem_Lightblue","floor":12},{"not_picked":["Guardian:Gem_Blue","Guardian:VentSteam"],"picked":"Guardian:Gem_Cyan","floor":14},{"not_picked":["Guardian:CrystalBeam","Guardian:Emergency"],"picked":"Guardian:RevengeProtocol","floor":15}],"player_experience":213084,"relics_obtained":[{"floor":7,"key":"Replay:Wax Seal"},{"floor":8,"key":"ReplayTheSpireMod:Shallot"},{"floor":10,"key":"hubris:TenFootPole"},{"floor":12,"key":"Pear"}],"event_choices":[],"is_beta":false,"boss_relics":[],"items_purged_floors":[11],"is_endless":false,"potions_floor_spawned":[8,10,14,15],"killed_by":"downfall:Ironclad","ascension_level":0}}