{"host":"Rich","time":1610662241,"event":{"mods":["AchievementEnabler","BaseMod","Highlight Path","Minty Spire (QoL Compilation)","Relic Stats"],"gold_per_floor":[110,126,47,59,59,59,84,84,163,179,179,207,207,56,56,130,130,90,90,90,90],"floor_reached":20,"language":"ENG","playtime":563,"items_purged":["Strike_G"],"score":360,"play_id":"3d13e9b0-9084-4b93-8ac8-1f51355606d2","local_time":"20210114171041","is_ascension_mode":true,"campfire_choices":[{"data":"Cloak And Dagger","floor":6.0,"key":"SMITH"},{"floor":8.0,"key":"REST"},{"floor":13.0,"key":"DIG"},{"floor":15.0,"key":"DIG"}],"circlet_count":0,"master_deck":["AscendersBane","Strike_G+1","Strike_G+1","Strike_G+1","Strike_G+1","Defend_G+1","Defend_G+1","Defend_G+1","Defend_G+1","Defend_G+1","Survivor","Neutralize","Skewer","Cloak And Dagger+1","Footwork","Blur","Dodge and Roll","Noxious Fumes","Parasite","Caltrops","Noxious Fumes","Adrenaline","Poisoned Stab"],"relics":["Ring of the Snake","NeowsBlessing","Bag of Marbles","Sundial","Shovel","Kunai","HornCleat","SacredBark"],"acts_visited":["Exordium","TheCity"],"potions_floor_usage":[],"damage_taken":[{"damage":0.0,"enemies":"Cultist","floor":1.0,"turns":1.0},{"damage":0.0,"enemies":"Small Slimes","floor":2.0,"turns":1.0},{"damage":0.0,"enemies":"Jaw Worm","floor":4.0,"turns":1.0},{"damage":41.0,"enemies":"Gremlin Nob","floor":7.0,"turns":5.0},{"damage":13.0,"enemies":"Exordium Wildlife","floor":10.0,"turns":8.0},{"damage":6.0,"enemies":"Lagavulin","floor":12.0,"turns":9.0},{"damage":9.0,"enemies":"The Guardian","floor":16.0,"turns":11.0},{"damage":23.0,"enemies":"2 Thieves","floor":18.0,"turns":5.0},{"damage":36,"enemies":"Masked Bandits","floor":20,"turns":3}],"seed_played":"-667132902339095896","potions_obtained":[{"floor":1.0,"key":"FearPotion"},{"floor":7.0,"key":"SteroidPotion"}],"is_trial":false,"path_per_floor":["M","M","$","M","?","R","E","R","T","M","?","E","R","$","R","B",null,"M","?","?"],"character_chosen":"THE_SILENT","items_purchased":["Footwork","Noxious Fumes"],"campfire_rested":1,"item_purchase_floors":[3,14],"current_hp_per_floor":[59,59,59,59,59,59,18,37,37,24,40,34,34,34,34,25,56,33,33,0,0],"gold":90,"neow_bonus":"THREE_ENEMY_KILL","is_daily":false,"chose_seed":false,"campfire_upgraded":1,"win_rate":0.0,"timestamp":1610662241,"path_taken":["M","M","$","?","?","R","E","R","T","M","?","E","R","?","R","BOSS","M","?","?"],"items_purchased_type":["Card","Card"],"build_version":"2020-12-18","purchased_purges":1,"victory":false,"max_hp_per_floor":[66,66,66,66,66,66,66,66,66,66,66,66,66,66,66,66,66,66,66,66,66],"relic_stats":{"Shovel":2,"counters":[9,44],"Sundial":[4],"Kunai":[2],"obtain_stats":[{"Shovel":12,"HornCleat":15,"NeowsBlessing":0,"Sundial":9,"SacredBark":17,"Bag of Marbles":7,"Kunai":13,"Ring of the Snake":0},{"Shovel":6,"HornCleat":6,"NeowsBlessing":0,"Sundial":4,"SacredBark":7,"Bag of Marbles":4,"Kunai":6,"Ring of the Snake":0},{"Shovel":25,"HornCleat":25,"NeowsBlessing":0,"Sundial":8,"SacredBark":36,"Bag of Marbles":8,"Kunai":25,"Ring of the Snake":0}],"Ring of the Snake":[18]},"card_choices":[{"not_picked":["Caltrops","Sucker Punch"],"picked":"Skewer","floor":1.0},{"not_picked":["Quick Slash","Acrobatics"],"picked":"Cloak And Dagger","floor":2.0},{"not_picked":["Choke","Deflect"],"picked":"Blur","floor":4.0},{"not_picked":["Outmaneuver","Flying Knee"],"picked":"Dodge and Roll","floor":7.0},{"not_picked":["Distraction","Infinite Blades"],"picked":"Noxious Fumes","floor":10.0},{"not_picked":["Footwork","Underhanded Strike"],"picked":"Caltrops","floor":12.0},{"not_picked":["Burst","Unload"],"picked":"Adrenaline","floor":16.0},{"not_picked":["Dagger Spray","Cloak And Dagger"],"picked":"Poisoned Stab","floor":18.0}],"player_experience":1987155,"relics_obtained":[{"floor":7.0,"key":"Bag of Marbles"},{"floor":9.0,"key":"Sundial"},{"floor":12.0,"key":"Shovel"},{"floor":13.0,"key":"Kunai"},{"floor":15.0,"key":"HornCleat"}],"event_choices":[{"damage_healed":0.0,"max_hp_gain":0.0,"max_hp_loss":0.0,"gold_gain":0.0,"event_name":"Liars Game","player_choice":"Ignored","floor":5.0,"gold_loss":0.0,"damage_taken":0.0},{"damage_healed":16.0,"max_hp_gain":0.0,"max_hp_loss":0.0,"gold_gain":0.0,"event_name":"Mushrooms","player_choice":"Healed and dodged fight","floor":11.0,"gold_loss":0.0,"damage_taken":0.0,"cards_obtained":["Parasite"]},{"damage_healed":0.0,"max_hp_gain":0.0,"max_hp_loss":0.0,"gold_gain":0.0,"event_name":"Back to Basics","player_choice":"Simplicity","floor":19.0,"gold_loss":0.0,"damage_taken":0.0,"cards_upgraded":["Strike_G","Strike_G","Strike_G","Strike_G","Defend_G","Defend_G","Defend_G","Defend_G","Defend_G"]},{"damage_healed":0,"gold_gain":0,"player_choice":"Fought Bandits","damage_taken":0,"max_hp_gain":0,"max_hp_loss":0,"event_name":"Masked Bandits","floor":20,"gold_loss":0}],"is_beta":true,"boss_relics":[{"not_picked":["Ectoplasm","Fusion Hammer"],"picked":"SacredBark"}],"items_purged_floors":[14],"is_endless":false,"potions_floor_spawned":[1,7],"killed_by":"Masked Bandits","ascension_level":20}}