{"host":"qik6c64y69p9jmph","time":1610608465,"event":{"mods":["AchievementEnabler","BaseMod","BetterRewards","Highlight Path","Minty Spire (QoL Compilation)","Quick Restart","Replay The Spire","StSLib","Synergy Search"],"gold_per_floor":[112,131,306,322,322,348,348,348,348],"floor_reached":8,"language":"ENG","playtime":307,"items_purged":[],"score":67,"play_id":"1ef2db50-b945-4db5-a943-0374da7632dc","local_time":"20210114021425","is_ascension_mode":true,"campfire_choices":[{"data":"Corruption","floor":7,"key":"SMITH"}],"circlet_count":0,"master_deck":["Strike_R","Strike_R","Strike_R","Strike_R","Strike_R","Defend_R","Defend_R","Defend_R","Defend_R","Bash","Corruption+1","Havoc","Ghostly Armor","Defy Death"],"relics":["Burning Blood","Pear"],"acts_visited":["Exordium"],"potions_floor_usage":[],"damage_taken":[{"damage":5,"enemies":"2 Louse","floor":1,"turns":4},{"damage":3,"enemies":"Small Slimes","floor":2,"turns":5},{"damage":6,"enemies":"Cultist","floor":4,"turns":4},{"damage":21,"enemies":"Lagavulin","floor":6,"turns":7},{"damage":82,"enemies":"Gremlin Nob","floor":8,"turns":6}],"seed_played":"5299588855270641004","potions_obtained":[{"floor":2,"key":"Ancient Potion"}],"is_trial":false,"path_per_floor":["M","M","?","M","?","E","R","E"],"character_chosen":"IRONCLAD","items_purchased":[],"campfire_rested":0,"item_purchase_floors":[],"current_hp_per_floor":[80,80,80,80,80,75,75,0,0],"gold":348,"neow_bonus":"ONE_RANDOM_RARE_CARD","is_daily":false,"chose_seed":false,"campfire_upgraded":1,"win_rate":0.0,"timestamp":1610608465,"path_taken":["M","M","?","M","?","E","R","E"],"items_purchased_type":[],"build_version":"2020-12-22","purchased_purges":0,"victory":false,"max_hp_per_floor":[80,80,80,80,80,90,90,90,90],"card_choices":[{"not_picked":["Clash","True Grit"],"picked":"Havoc","floor":1},{"not_picked":["Anger","Perfected Strike"],"picked":"Ghostly Armor","floor":2},{"not_picked":["Wild Strike","ReplayReversal"],"picked":"Defy Death","floor":4},{"not_picked":["Anger","Thunderclap","Warcry"],"picked":"SKIP","floor":6}],"player_experience":491317,"relics_obtained":[{"floor":6,"key":"Pear"}],"event_choices":[{"damage_healed":0,"gold_gain":175,"player_choice":"AGREE","damage_taken":0,"max_hp_gain":0,"max_hp_loss":0,"event_name":"Liars Game","floor":3,"gold_loss":0,"cards_obtained":["Doubt"]},{"cards_removed":["Doubt"],"damage_healed":0,"gold_gain":0,"player_choice":"Removed Curses","damage_taken":0,"max_hp_gain":0,"max_hp_loss":0,"event_name":"Fountain of Cleansing","floor":5,"gold_loss":0}],"is_beta":false,"boss_relics":[],"items_purged_floors":[],"is_endless":false,"potions_floor_spawned":[2],"killed_by":"Gremlin Nob","ascension_level":4}}