{"host":"qrt7o4dq2qslzw13","time":1610604936,"event":{"mods":["AchievementEnabler","BaseMod","Colored Map","Colored Powertips","Minty Spire (QoL Compilation)","Quick Restart","StSLib","SuperFastMode"],"gold_per_floor":[111,111,111,126,0,31,31,31,31,31,51,86,86,86,86,212,212,228,28,52,15,15,49,49,72,72,72,72,72,72],"floor_reached":29,"language":"ENG","playtime":980,"items_purged":[],"score":349,"play_id":"f0a91257-a85b-41b5-9b0b-6070a76662bb","local_time":"20210114011536","is_ascension_mode":false,"campfire_choices":[{"data":"Adaptation","floor":8.0,"key":"SMITH"},{"data":"DeusExMachina","floor":13.0,"key":"SMITH"},{"data":"Prostrate","floor":15.0,"key":"SMITH"},{"data":"Omniscience","floor":24.0,"key":"SMITH"},{"data":"Indignation","floor":28.0,"key":"SMITH"}],"circlet_count":0,"master_deck":["Strike_P","Defend_P","Defend_P","Defend_P+1","Defend_P","Eruption","Vigilance","Halt","Injury","Evaluate","Brilliance","EmptyBody","Adaptation+1","Regret","Prostrate+1","DeusExMachina+1","Omniscience+1","Protect+1","ThirdEye+1","BowlingBash+1","SignatureMove+1","Prostrate+1","LikeWater+1","Sanctity","FlyingSleeves+1","LessonLearned","InnerPeace+1","CrushJoints+1","Indignation+1","Prostrate+1"],"relics":["PureWater","NeowsBlessing","Golden Idol","Oddly Smooth Stone","CloakClasp","Incense Burner","Mummified Hand","FaceOfCleric","Mango","Astrolabe","Orrery","The Courier"],"acts_visited":["Exordium","TheCity"],"potions_floor_usage":[],"damage_taken":[{"damage":0.0,"enemies":"Small Slimes","floor":1.0,"turns":1.0},{"damage":0.0,"enemies":"2 Louse","floor":4.0,"turns":1.0},{"damage":0.0,"enemies":"Gremlin Nob","floor":6.0,"turns":1.0},{"damage":5.0,"enemies":"Jaw Worm","floor":11.0,"turns":5.0},{"damage":8.0,"enemies":"3 Sentries","floor":12.0,"turns":12.0},{"damage":0.0,"enemies":"Lots of Slimes","floor":14.0,"turns":2.0},{"damage":32.0,"enemies":"The Guardian","floor":16.0,"turns":12.0},{"damage":5.0,"enemies":"Spheric Guardian","floor":18.0,"turns":3.0},{"damage":0.0,"enemies":"3 Byrds","floor":20.0,"turns":3.0},{"damage":2.0,"enemies":"Slavers","floor":23.0,"turns":7.0},{"damage":5.0,"enemies":"Snecko","floor":25.0,"turns":5.0},{"damage":13,"enemies":"Cultist and Chosen","floor":29,"turns":6}],"seed_played":"3422067287984692858","potions_obtained":[{"floor":4.0,"key":"SmokeBomb"},{"floor":11.0,"key":"LiquidMemories"},{"floor":16.0,"key":"Strength Potion"},{"floor":18.0,"key":"AttackPotion"},{"floor":20.0,"key":"BlessingOfTheForge"}],"is_trial":false,"path_per_floor":["M","?","?","M","$","E","?","R","T","?","M","E","R","M","R","B",null,"M","$","M","$","$","E","R","M","T","$","R","M"],"character_chosen":"WATCHER","items_purchased":["Brilliance","EmptyBody","Prostrate","Orrery","Indignation"],"campfire_rested":0,"item_purchase_floors":[5,5,19,19,21],"current_hp_per_floor":[72,72,60,60,60,60,60,60,60,60,56,63,63,64,64,33,90,86,86,87,87,87,86,86,82,82,82,82,69,69],"gold":72,"neow_bonus":"THREE_ENEMY_KILL","is_daily":false,"chose_seed":false,"campfire_upgraded":5,"win_rate":0.0,"timestamp":1610604936,"path_taken":["M","?","?","?","?","E","?","R","T","?","M","E","R","M","R","BOSS","M","$","?","?","$","E","R","M","T","$","R","M"],"items_purchased_type":["Card","Card","Card","Relic","Card"],"build_version":"2020-12-22","purchased_purges":0,"victory":false,"max_hp_per_floor":[72,72,72,72,72,72,72,72,72,72,73,88,88,89,89,90,90,91,91,92,92,92,93,93,94,94,94,94,94,94],"card_choices":[{"not_picked":["ThirdEye","FlurryOfBlows"],"picked":"Halt","floor":1.0},{"not_picked":["Protect","Meditate"],"picked":"Evaluate","floor":4.0},{"not_picked":["Consecrate","FlurryOfBlows"],"picked":"Adaptation","floor":6.0},{"not_picked":["Adaptation","BattleHymn"],"picked":"Prostrate","floor":11.0},{"not_picked":["ThirdEye","LessonLearned"],"picked":"DeusExMachina","floor":12.0},{"not_picked":["SpiritShield","MasterReality"],"picked":"Omniscience","floor":16.0},{"not_picked":["FlyingSleeves","Protect"],"picked":"SignatureMove+1","floor":18.0},{"not_picked":["Crescendo","BowlingBash"],"picked":"LikeWater+1","floor":19.0},{"not_picked":["Evaluate","Protect"],"picked":"Sanctity","floor":19.0},{"not_picked":["Scrawl","CutThroughFate+1"],"picked":"FlyingSleeves+1","floor":19.0},{"not_picked":["WheelKick","EmptyFist+1"],"picked":"LessonLearned","floor":19.0},{"not_picked":["Prostrate","EmptyFist"],"picked":"InnerPeace+1","floor":19.0},{"not_picked":["JustLucky","CutThroughFate"],"picked":"CrushJoints+1","floor":20.0},{"not_picked":["ThirdEye+1","FlurryOfBlows","Halt"],"picked":"SKIP","floor":23.0},{"not_picked":["EmptyFist+1","Evaluate"],"picked":"Prostrate+1","floor":25.0}],"player_experience":565804,"relics_obtained":[{"floor":6.0,"key":"CloakClasp"},{"floor":9.0,"key":"Mummified Hand"},{"floor":12.0,"key":"Mango"},{"floor":23.0,"key":"The Courier"}],"event_choices":[{"damage_healed":0.0,"max_hp_gain":0.0,"max_hp_loss":0.0,"gold_gain":0.0,"event_name":"Golden Idol","player_choice":"Take Wound","floor":2.0,"gold_loss":0.0,"damage_taken":0.0,"relics_obtained":["Golden Idol"],"cards_obtained":["Injury"]},{"damage_healed":0.0,"max_hp_gain":0.0,"max_hp_loss":0.0,"gold_gain":0.0,"event_name":"Scrap Ooze","player_choice":"Success","floor":3.0,"gold_loss":0.0,"damage_taken":12.0,"relics_obtained":["Oddly Smooth Stone"]},{"damage_healed":0.0,"max_hp_gain":0.0,"max_hp_loss":0.0,"gold_gain":0.0,"event_name":"Big Fish","player_choice":"Box","floor":7.0,"gold_loss":0.0,"damage_taken":0.0,"relics_obtained":["Incense Burner"],"cards_obtained":["Regret"]},{"damage_healed":0.0,"max_hp_gain":0.0,"max_hp_loss":0.0,"gold_gain":0.0,"event_name":"FaceTrader","player_choice":"Trade","floor":10.0,"gold_loss":0.0,"damage_taken":0.0,"relics_obtained":["FaceOfCleric"]}],"is_beta":false,"boss_relics":[{"not_picked":["Black Star","Pandora\u0027s Box"],"picked":"Astrolabe"}],"items_purged_floors":[],"is_endless":false,"potions_floor_spawned":[4,11,16,18,20],"killed_by":"Cultist and Chosen","ascension_level":0}}