{"host":"0cgp910o8339lr91","time":1610634087,"event":{"mods":["BaseMod","Block Reminder","Colored Map","Colored Powertips","Minty Spire (QoL Compilation)","Relic Stats","Slay-I","ojb\u0027s Better Paths Mod","ojb\u0027s Info Mod"],"gold_per_floor":[118,118,293,308,87,112,124,124,151,185,185,9,27,47,47,126,126,136,149,248,248,262,262,290,290,338,338,371,394,435,435,435,515,515,540,540,549,575,586,586,613,633,666,687,716,716,318,336,336,336,336,336,63,90,90,90],"floor_reached":55,"language":"ENG","playtime":8515,"items_purged":["Doubt","Strike_B","Normality"],"score":1687,"play_id":"c0e298ad-fc1b-44a3-98d5-f8f6fa73bf33","local_time":"20210114152127","is_ascension_mode":true,"campfire_choices":[{"data":"Zap","floor":8.0,"key":"SMITH"},{"data":"Hologram","floor":11.0,"key":"SMITH"},{"data":"Consume","floor":15.0,"key":"SMITH"},{"data":"Defragment","floor":23.0,"key":"SMITH"},{"data":"Biased Cognition","floor":27,"key":"SMITH"},{"data":"Blizzard","floor":32,"key":"SMITH"},{"data":"Recycle","floor":40,"key":"SMITH"},{"floor":46,"key":"RECALL"},{"data":"Capacitor","floor":49,"key":"SMITH"},{"data":"Capacitor","floor":52,"key":"SMITH"}],"circlet_count":0,"master_deck":["AscendersBane","Strike_B+1","Defend_B+1","Defend_B","Zap+1","Dualcast","Ball Lightning","Hologram+1","Reinforced Body","Cold Snap","Defragment+1","Consume+1","Ball Lightning","Biased Cognition+1","Force Field+1","Go for the Eyes+1","Chill+1","Hologram+1","Coolheaded","Capacitor+1","Chill","Reboot","Blizzard+1","Seek","Hologram+1","Redo","Recycle+1","Chill","Hologram+1","Echo Form","Capacitor+1","Coolheaded+1","Loop"],"relics":["SacredBark","Runic Capacitor","Oddly Smooth Stone","Pen Nib","Question Card","Astrolabe","Shuriken","CeramicFish","Bottled Tornado","Pocketwatch","Cursed Key","FossilizedHelix","Orrery","Medical Kit","Orichalcum"],"acts_visited":["Exordium","TheCity","TheBeyond","TheEnding"],"potions_floor_usage":[24,28,45,50,55,55],"damage_taken":[{"damage":11.0,"enemies":"2 Louse","floor":1.0,"turns":4.0},{"damage":2.0,"enemies":"Jaw Worm","floor":4.0,"turns":3.0},{"damage":17.0,"enemies":"Lagavulin","floor":6.0,"turns":7.0},{"damage":2.0,"enemies":"Cultist","floor":7.0,"turns":3.0},{"damage":4.0,"enemies":"3 Sentries","floor":10.0,"turns":6.0},{"damage":4.0,"enemies":"2 Fungi Beasts","floor":13.0,"turns":3.0},{"damage":5.0,"enemies":"Looter","floor":14.0,"turns":3.0},{"damage":0.0,"enemies":"Hexaghost","floor":16.0,"turns":8.0},{"damage":0.0,"enemies":"Shell Parasite","floor":18.0,"turns":4.0},{"damage":4.0,"enemies":"2 Thieves","floor":19.0,"turns":4.0},{"damage":0.0,"enemies":"Snecko","floor":22.0,"turns":3.0},{"damage":14,"enemies":"Book of Stabbing","floor":24,"turns":3},{"damage":6,"enemies":"Slavers","floor":28,"turns":8},{"damage":14,"enemies":"Snake Plant","floor":29,"turns":6},{"damage":0,"enemies":"Gremlin Leader","floor":30,"turns":10},{"damage":0,"enemies":"Automaton","floor":33,"turns":15},{"damage":0,"enemies":"3 Shapes","floor":35,"turns":4},{"damage":0,"enemies":"3 Darklings","floor":38,"turns":4},{"damage":0,"enemies":"Writhing Mass","floor":39,"turns":9},{"damage":0,"enemies":"Nemesis","floor":41,"turns":11},{"damage":0,"enemies":"Spire Growth","floor":42,"turns":6},{"damage":0,"enemies":"Transient","floor":44,"turns":5},{"damage":0,"enemies":"Jaw Worm Horde","floor":45,"turns":3},{"damage":0,"enemies":"Sphere and 2 Shapes","floor":48,"turns":7},{"damage":0,"enemies":"Awakened One","floor":50,"turns":14},{"damage":42,"enemies":"Shield and Spear","floor":54,"turns":10},{"damage":59,"enemies":"The Heart","floor":55,"turns":17}],"seed_played":"-4250611389263622481","potions_obtained":[{"floor":6.0,"key":"PotionOfCapacity"},{"floor":7.0,"key":"Fire Potion"},{"floor":16.0,"key":"DistilledChaos"},{"floor":21.0,"key":"DuplicationPotion"},{"floor":22.0,"key":"EssenceOfDarkness"},{"floor":24,"key":"BlessingOfTheForge"},{"floor":29,"key":"AttackPotion"},{"floor":35,"key":"Weak Potion"},{"floor":44,"key":"DistilledChaos"}],"is_trial":false,"path_per_floor":["M","?","?","M","$","E","M","R","T","E","R","$","M","M","R","B",null,"M","M","?","?","M","R","E","?","T","R","E","M","E","?","R","B",null,"M","?","?","M","M","R","E","M","T","M","M","R","$","M","R","B",null,"R","$","E","B"],"character_chosen":"DEFECT","items_purchased":["Runic Capacitor","Defragment","Capacitor","Orrery","DistilledChaos","Medical Kit","Loop","Strength Potion"],"campfire_rested":0,"item_purchase_floors":[5,12,47,47,47,53,53,53],"current_hp_per_floor":[57,42,42,40,40,23,21,21,21,17,17,17,13,8,8,8,58,58,54,54,54,54,54,40,40,40,40,34,20,20,20,20,20,61,61,61,61,61,61,61,61,61,61,61,61,61,61,61,61,61,72,72,72,30,0,0],"gold":90,"neow_bonus":"BOSS_RELIC","is_daily":false,"chose_seed":false,"campfire_upgraded":9,"win_rate":0.0,"timestamp":1610634087,"path_taken":["M","?","?","M","$","E","M","R","T","E","R","?","M","M","R","BOSS","BOSS","M","M","?","?","?","R","E","?","T","R","E","M","E","?","R","BOSS","M","?","?","M","M","R","E","M","T","M","M","R","$","M","R","BOSS","R","$","E","BOSS"],"items_purchased_type":["Relic","Card","Card","Relic","Potion","Relic","Card","Potion"],"build_version":"2020-12-22","purchased_purges":3,"victory":false,"max_hp_per_floor":[75,75,75,75,75,75,75,75,75,75,75,75,75,75,75,75,75,75,75,75,75,75,75,75,75,75,75,75,75,75,75,75,75,75,75,75,75,75,75,75,75,75,75,75,75,75,75,75,75,75,75,75,75,75,75,75],"relic_stats":{"counters":[27,180],"Shuriken":[12],"Astrolabe":["Force Field","Go for the Eyes","Chill"],"CeramicFish":117,"Pen Nib":[20],"Orichalcum":[6],"Question Card":26,"Cursed Key":1,"Medical Kit":[7],"obtain_stats":[{"SacredBark":0,"Astrolabe":17,"CeramicFish":26,"Oddly Smooth Stone":6,"Pen Nib":9,"Runic Capacitor":5,"Bottled Tornado":28,"Orichalcum":54,"Question Card":10,"Cursed Key":34,"Medical Kit":53,"Shuriken":24,"Orrery":47,"Cracked Core":0,"FossilizedHelix":41,"Pocketwatch":30},{"SacredBark":0,"Astrolabe":8,"CeramicFish":12,"Oddly Smooth Stone":3,"Pen Nib":4,"Runic Capacitor":2,"Bottled Tornado":13,"Orichalcum":26,"Question Card":5,"Cursed Key":16,"Medical Kit":25,"Shuriken":12,"Orrery":23,"Cracked Core":0,"FossilizedHelix":20,"Pocketwatch":15},{"SacredBark":0,"Astrolabe":37,"CeramicFish":51,"Oddly Smooth Stone":14,"Pen Nib":17,"Runic Capacitor":7,"Bottled Tornado":59,"Orichalcum":163,"Question Card":23,"Cursed Key":90,"Medical Kit":153,"Shuriken":51,"Orrery":132,"Cracked Core":0,"FossilizedHelix":118,"Pocketwatch":75}],"Pocketwatch":[87]},"card_choices":[{"not_picked":["Coolheaded","Streamline"],"picked":"Ball Lightning","floor":1.0},{"not_picked":["Turbo","Tempest"],"picked":"Hologram","floor":4.0},{"not_picked":["Sweeping Beam","Force Field","Amplify"],"picked":"SKIP","floor":6.0},{"not_picked":["Streamline","Barrage"],"picked":"Reinforced Body","floor":7.0},{"not_picked":["Beam Cell","Hologram"],"picked":"Cold Snap","floor":10.0},{"not_picked":["Go for the Eyes","Beam Cell","Blizzard"],"picked":"Consume","floor":13.0},{"not_picked":["Sweeping Beam","Rebound","Undo"],"picked":"Ball Lightning","floor":14.0},{"not_picked":["All For One","Meteor Strike","Fission"],"picked":"Biased Cognition","floor":16.0},{"not_picked":["Sweeping Beam","Scrape","Compile Driver"],"picked":"Hologram+1","floor":18.0},{"not_picked":["Scrape","Redo","Storm","Go for the Eyes"],"picked":"SKIP","floor":19.0},{"not_picked":["Chill","Stack","Sunder"],"picked":"Coolheaded","floor":22.0},{"not_picked":["Ball Lightning","Sweeping Beam","Meteor Strike"],"picked":"Capacitor","floor":24},{"not_picked":["White Noise","Hello World","Hologram","Barrage"],"picked":"SKIP","floor":28},{"not_picked":["Rebound","Streamline","Force Field"],"picked":"Reboot","floor":29},{"not_picked":["Steam","Undo","Streamline+1"],"picked":"Blizzard","floor":30},{"not_picked":["All For One","Machine Learning","Amplify"],"picked":"Seek","floor":33},{"not_picked":["Stack","Conserve Battery","Cold Snap"],"picked":"Hologram+1","floor":35},{"not_picked":["Force Field","Gash","Tempest+1"],"picked":"Recycle","floor":38},{"not_picked":["Hologram","Compile Driver","Go for the Eyes","Streamline+1"],"picked":"SKIP","floor":39},{"not_picked":["Go for the Eyes+1","Stack","Thunder Strike","Streamline"],"picked":"SKIP","floor":41},{"not_picked":["Darkness","Sweeping Beam+1","Tempest"],"picked":"Chill","floor":42},{"not_picked":["Redo","Gash","Rip and Tear"],"picked":"Hologram+1","floor":44},{"not_picked":["Beam Cell","Tempest","Steam+1"],"picked":"Echo Form","floor":45},{"not_picked":["Double Energy","Redo","Reboot"],"picked":"Coolheaded+1","floor":47},{"not_picked":["Steam","Melter","Steam Power","Darkness"],"picked":"SKIP","floor":48},{"not_picked":["Streamline","Go for the Eyes","Turbo+1","Tempest"],"picked":"SKIP","floor":54}],"player_experience":1413123,"relics_obtained":[{"floor":6.0,"key":"Oddly Smooth Stone"},{"floor":9.0,"key":"Pen Nib"},{"floor":10.0,"key":"Question Card"},{"floor":24,"key":"Shuriken"},{"floor":26,"key":"CeramicFish"},{"floor":28,"key":"Bottled Tornado"},{"floor":30,"key":"Pocketwatch"},{"floor":41,"key":"FossilizedHelix"},{"floor":54,"key":"Orichalcum"}],"event_choices":[{"damage_healed":0.0,"max_hp_gain":0.0,"max_hp_loss":0.0,"gold_gain":0.0,"event_name":"Shining Light","player_choice":"Entered Light","floor":2.0,"gold_loss":0.0,"damage_taken":15.0,"cards_upgraded":["Defend_B","Strike_B"]},{"damage_healed":0.0,"max_hp_gain":0.0,"max_hp_loss":0.0,"gold_gain":175.0,"event_name":"Liars Game","player_choice":"AGREE","floor":3.0,"gold_loss":0.0,"damage_taken":0.0,"cards_obtained":["Doubt"]},{"damage_healed":0.0,"max_hp_gain":0.0,"max_hp_loss":0.0,"gold_gain":99.0,"event_name":"Nest","player_choice":"Stole From Cult","floor":20.0,"gold_loss":0.0,"damage_taken":0.0},{"damage_healed":0.0,"max_hp_gain":0.0,"max_hp_loss":0.0,"gold_gain":0.0,"event_name":"Lab","player_choice":"Got Potions","floor":21.0,"gold_loss":0.0,"damage_taken":0.0},{"damage_healed":0,"gold_gain":0,"player_choice":"Read","damage_taken":0,"max_hp_gain":0,"max_hp_loss":0,"event_name":"The Library","floor":25,"gold_loss":0,"cards_obtained":["Chill"]},{"damage_healed":0,"gold_gain":0,"player_choice":"Ignored","damage_taken":0,"max_hp_gain":0,"max_hp_loss":0,"event_name":"Vampires","floor":31,"gold_loss":0},{"damage_healed":0,"gold_gain":0,"player_choice":"Ignored","damage_taken":0,"max_hp_gain":0,"max_hp_loss":0,"event_name":"Tomb of Lord Red Mask","floor":36,"gold_loss":0},{"damage_healed":0,"gold_gain":0,"cards_transformed":["Defend_B"],"player_choice":"Transformed","damage_taken":0,"max_hp_gain":0,"max_hp_loss":0,"event_name":"Transmorgrifier","floor":37,"gold_loss":0,"cards_obtained":["Redo"]}],"is_beta":false,"boss_relics":[{"not_picked":["Fusion Hammer","SlaversCollar"],"picked":"Astrolabe"},{"not_picked":["Tiny House","Runic Dome"],"picked":"Cursed Key"}],"items_purged_floors":[5,12,47],"is_endless":false,"potions_floor_spawned":[6,7,16,22,24,29,35,39,44],"killed_by":"The Heart","ascension_level":13}}