{"host":"a1u4jo6xlg3w0wsm","time":1610625111,"event":{"mods":["BaseMod","Better Third Choice","DeckTracker","Downfall","Hermit","Hubris","Minty Spire (QoL Compilation)","Rare Cards Sparkle","Replay The Spire","StSLib","The Cursed"],"gold_per_floor":[115,134,134,134,134,134,146,180,180,200,279,279,279,279,279],"floor_reached":14,"playtime":475,"items_purged":[],"score":106,"play_id":"e5fbb2fb-9c5c-494a-85fb-7865e508cb55","local_time":"20210115005151","is_ascension_mode":true,"campfire_choices":[{"data":"hermit:Grudge","floor":9,"key":"SMITH"}],"circlet_count":0,"master_deck":["hermit:Strike_Hermit","hermit:Strike_Hermit","hermit:Strike_Hermit","hermit:Strike_Hermit","hermit:Defend_Hermit","hermit:Defend_Hermit","hermit:Defend_Hermit","hermit:Defend_Hermit","hermit:Snapshot","hermit:Covet","hermit:Quickdraw","hermit:Grudge+1","hermit:FromBeyond","Parasite"],"relics":["hermit:Momento","Replay:Rubber Ducky","FaceOfCleric","Replay:Bottled Flurry"],"acts_visited":["Exordium"],"potions_floor_usage":[8,8,14],"damage_taken":[{"damage":7,"enemies":"Jaw Worm","floor":1,"turns":3},{"damage":0,"enemies":"Cultist","floor":2,"turns":3},{"damage":5,"enemies":"2 Louse","floor":7,"turns":2},{"damage":15,"enemies":"Lagavulin","floor":8,"turns":5},{"damage":31,"enemies":"Exordium Wildlife","floor":10,"turns":5},{"damage":27,"enemies":"Gremlin Nob","floor":14,"turns":5}],"seed_played":"-5008623638423537090","potions_obtained":[{"floor":2,"key":"Venom Potion"},{"floor":7,"key":"AttackPotion"},{"floor":10,"key":"Weak Potion"}],"is_trial":false,"path_per_floor":["M","M","?","$","PTL","PTL","M","E","R","M","T","?","?","E"],"character_chosen":"HERMIT","items_purchased":[],"campfire_rested":0,"item_purchase_floors":[],"current_hp_per_floor":[68,68,68,68,68,68,64,50,50,20,20,46,65,38,38],"gold":279,"neow_bonus":"RANDOM_COMMON_RELIC","is_daily":false,"chose_seed":false,"campfire_upgraded":1,"win_rate":0.0,"timestamp":1610625111,"path_taken":["M","M","?","$","PTL","PTL","M","E","R","?","T","?","?","E"],"items_purchased_type":[],"build_version":"2020-12-13","purchased_purges":0,"victory":false,"max_hp_per_floor":[75,75,75,75,75,75,76,77,77,78,78,78,78,78,78],"card_choices":[{"not_picked":["hermit:Desperado","hermit:Snipe"],"picked":"hermit:Quickdraw","floor":1},{"not_picked":["hermit:LowProfile","hermit:HoleUp"],"picked":"hermit:Grudge","floor":2},{"not_picked":["hermit:Cheat","hermit:DeadMansHand","hermit:HoleUp"],"picked":"SKIP","floor":7},{"not_picked":["hermit:Headshot","hermit:DeadOrAlive"],"picked":"hermit:FromBeyond","floor":8},{"not_picked":["hermit:LowProfile","hermit:BodyArmor","hermit:WideOpen"],"picked":"SKIP","floor":10}],"player_experience":330983,"relics_obtained":[{"floor":11,"key":"Replay:Bottled Flurry"}],"event_choices":[{"damage_healed":0,"gold_gain":0,"player_choice":"Trade","damage_taken":0,"relics_obtained":["FaceOfCleric"],"max_hp_gain":0,"max_hp_loss":0,"event_name":"FaceTrader","floor":3,"gold_loss":0},{"damage_healed":26,"gold_gain":0,"player_choice":"Banana","damage_taken":0,"max_hp_gain":0,"max_hp_loss":0,"event_name":"Big Fish","floor":12,"gold_loss":0},{"damage_healed":19,"gold_gain":0,"player_choice":"Healed and dodged fight","damage_taken":0,"max_hp_gain":0,"max_hp_loss":0,"event_name":"Mushrooms","floor":13,"gold_loss":0,"cards_obtained":["Parasite"]}],"is_beta":false,"boss_relics":[],"items_purged_floors":[],"is_endless":false,"potions_floor_spawned":[2,7,10],"killed_by":"Gremlin Nob","ascension_level":4}}