{"host":"3y2rtlgteqp2nuo3","time":1610597882,"event":{"mods":["2.2 Compatiblity","AchievementEnabler","BaseMod","Colored Map","DeckTracker","Highlight Path","Keyboard Shortcuts","Minty Spire (QoL Compilation)","Permanent Neow","Quick Restart","StSLib","SuperFastMode","everything is the same but u backflip on backflip"],"gold_per_floor":[117,131,147,1,21,21,35,53,78,78,78,78,96,116,116,116,116],"floor_reached":16,"language":"KOR","playtime":381,"items_purged":[],"score":149,"play_id":"273b518f-d6a0-4900-ba45-903cc9bc8099","local_time":"20210114131802","is_ascension_mode":true,"campfire_choices":[{"data":"Deadly Poison","floor":6.0,"key":"SMITH"},{"data":"Deadly Poison","floor":10.0,"key":"SMITH"},{"data":"Neutralize","floor":12.0,"key":"SMITH"},{"floor":15.0,"key":"REST"}],"circlet_count":0,"master_deck":["AscendersBane","Strike_G","Strike_G","Strike_G","Strike_G","Defend_G","Defend_G","Defend_G","Defend_G","Defend_G","Survivor","Neutralize+1","Tools of the Trade","Deadly Poison+1","Poisoned Stab","Deadly Poison+1","Noxious Fumes","Bane","Calculated Gamble","Crippling Poison"],"relics":["Ring of the Snake","OrangePellets","Happy Flower"],"acts_visited":["Exordium"],"potions_floor_usage":[],"damage_taken":[{"damage":0.0,"enemies":"Cultist","floor":1.0,"turns":5.0},{"damage":2.0,"enemies":"Jaw Worm","floor":2.0,"turns":5.0},{"damage":0.0,"enemies":"Small Slimes","floor":3.0,"turns":3.0},{"damage":5.0,"enemies":"Red Slaver","floor":5.0,"turns":4.0},{"damage":1.0,"enemies":"3 Louse","floor":7.0,"turns":5.0},{"damage":19.0,"enemies":"Large Slime","floor":8.0,"turns":6.0},{"damage":3.0,"enemies":"Looter","floor":13.0,"turns":3.0},{"damage":25.0,"enemies":"Lots of Slimes","floor":14.0,"turns":3.0},{"damage":28,"enemies":"Slime Boss","floor":16,"turns":3}],"seed_played":"-7738275514301651116","potions_obtained":[{"floor":2.0,"key":"SteroidPotion"},{"floor":7.0,"key":"FearPotion"}],"is_trial":false,"path_per_floor":["M","M","M","$","M","R","M","M","T","R","?","R","M","M","R","B"],"character_chosen":"THE_SILENT","items_purchased":["OrangePellets"],"campfire_rested":1,"item_purchase_floors":[4],"current_hp_per_floor":[63,61,61,61,56,56,55,36,36,36,36,36,33,8,26,0,0],"gold":116,"neow_bonus":"THREE_RARE_CARDS","is_daily":false,"chose_seed":false,"campfire_upgraded":3,"win_rate":0.0,"timestamp":1610597882,"path_taken":["M","?","M","$","M","R","M","M","T","R","?","R","?","M","R","BOSS"],"items_purchased_type":["Relic"],"build_version":"2020-12-22","purchased_purges":0,"victory":false,"max_hp_per_floor":[63,63,63,63,63,63,63,63,63,63,63,63,63,63,63,63,63],"card_choices":[{"not_picked":["Envenom","Unload"],"picked":"Tools of the Trade","floor":0.0},{"not_picked":["Quick Slash","Dodge and Roll"],"picked":"Deadly Poison","floor":1.0},{"not_picked":["Deflect","Underhanded Strike"],"picked":"Poisoned Stab","floor":2.0},{"not_picked":["PiercingWail","Slice"],"picked":"Deadly Poison","floor":3.0},{"not_picked":["Poisoned Stab","Blur"],"picked":"Noxious Fumes","floor":5.0},{"not_picked":["Heel Hook","Endless Agony"],"picked":"Bane","floor":7.0},{"not_picked":["Deadly Poison","Prepared"],"picked":"Calculated Gamble","floor":8.0},{"not_picked":["Deflect","Backflip"],"picked":"Crippling Poison","floor":13.0},{"not_picked":["Blade Dance","Well Laid Plans","Underhanded Strike"],"picked":"SKIP","floor":14.0}],"player_experience":688075,"relics_obtained":[{"floor":9.0,"key":"Happy Flower"}],"event_choices":[{"cards_removed":["Strike_G"],"damage_healed":0.0,"max_hp_gain":0.0,"max_hp_loss":0.0,"gold_gain":0.0,"event_name":"Purifier","player_choice":"Purged","floor":11.0,"gold_loss":0.0,"damage_taken":0.0}],"is_beta":false,"boss_relics":[],"items_purged_floors":[],"is_endless":false,"potions_floor_spawned":[2,7,14],"killed_by":"Slime Boss","ascension_level":11}}