{"host":"x4juqxtivqd4pvh0","time":1610587859,"event":{"mods":["AchievementEnabler","BaseMod","Colored Map","Colored Powertips","Googly Eyes","Minty Spire (QoL Compilation)","Rare Cards Sparkle","Shop Mod","SuperFastMode"],"gold_per_floor":[115,115,115,128,71,71,91,104,129,58,58,23,39,50,50,149,149,168,168,168,83,95,95,107,126,149,149,149,249,262,187,187,283,283,298,6,6,6,0,0,0,0,23,47,78,109,121,152,164,176,176],"floor_reached":50,"language":"ENG","playtime":1753,"items_purged":[],"score":482,"play_id":"6cb51433-6ef3-4da8-bfb8-0fdc4b8c761c","local_time":"20210114120059","is_ascension_mode":false,"campfire_choices":[{"data":"Perfected Strike","floor":6,"key":"SMITH"},{"data":"Pummel","floor":15,"key":"SMITH"},{"data":"Anger","floor":23,"key":"SMITH"},{"floor":27,"key":"REST"},{"floor":32,"key":"REST"},{"data":"Battle Trance","floor":40,"key":"SMITH"},{"data":"Ghostly Armor","floor":42,"key":"SMITH"},{"floor":47,"key":"REST"},{"data":"Intimidate","floor":49,"key":"SMITH"}],"circlet_count":0,"master_deck":["Strike_R","Strike_R","Strike_R","Strike_R","Strike_R","Defend_R","Defend_R","Defend_R","Defend_R","Limit Break","Perfected Strike+1","Anger+1","Pummel+1","Pummel+1","Body Slam+1","Decay","Perfected Strike+1","Ghostly Armor+1","Intimidate+1","Battle Trance+1","Perfected Strike+1","Perfected Strike+1","Rampage+1","Anger+1","Immolate+1","Perfected Strike+1","Anger+1","Bash+1","Carnage+1","Flex+1","Flex+1"],"relics":["Burning Blood","Boot","MealTicket","Molten Egg 2","SacredBark","Dream Catcher","Thread and Needle","PreservedInsect","Lizard Tail","Meat on the Bone","SlaversCollar","Ornamental Fan","Red Mask","MawBank"],"acts_visited":["Exordium","TheCity","TheBeyond"],"potions_floor_usage":[16,16,30,33,33,46,50],"damage_taken":[{"damage":11,"enemies":"Jaw Worm","floor":1,"turns":5},{"damage":10,"enemies":"Small Slimes","floor":4,"turns":4},{"damage":1,"enemies":"Cultist","floor":7,"turns":3},{"damage":8,"enemies":"Red Slaver","floor":8,"turns":4},{"damage":5,"enemies":"3 Louse","floor":13,"turns":3},{"damage":5,"enemies":"Looter","floor":14,"turns":2},{"damage":84,"enemies":"The Guardian","floor":16,"turns":10},{"damage":23,"enemies":"3 Byrds","floor":18,"turns":4},{"damage":3,"enemies":"Chosen","floor":22,"turns":4},{"damage":39,"enemies":"Snake Plant","floor":24,"turns":5},{"damage":26,"enemies":"3 Cultists","floor":25,"turns":6},{"damage":11,"enemies":"Colosseum Slavers","floor":29,"turns":4},{"damage":14,"enemies":"Colosseum Nobs","floor":29,"turns":4},{"damage":19,"enemies":"Shelled Parasite and Fungi","floor":30,"turns":4},{"damage":111,"enemies":"Automaton","floor":33,"turns":11},{"damage":9,"enemies":"Orb Walker","floor":35,"turns":3},{"damage":0,"enemies":"3 Shapes","floor":44,"turns":2},{"damage":25,"enemies":"Jaw Worm Horde","floor":45,"turns":4},{"damage":9,"enemies":"Spire Growth","floor":46,"turns":3},{"damage":11,"enemies":"4 Shapes","floor":48,"turns":3},{"damage":98,"enemies":"Donu and Deca","floor":50,"turns":6}],"seed_played":"-8613322644168937017","potions_obtained":[{"floor":8,"key":"Swift Potion"},{"floor":13,"key":"FearPotion"},{"floor":14,"key":"DuplicationPotion"},{"floor":29,"key":"Explosive Potion"},{"floor":30,"key":"DistilledChaos"},{"floor":33,"key":"Fire Potion"},{"floor":46,"key":"Energy Potion"},{"floor":48,"key":"GamblersBrew"}],"is_trial":false,"path_per_floor":["M","?","?","M","?","R","M","M","T","$","?","$","M","M","R","B",null,"M","?","?","?","M","R","M","M","T","R","?","?","M","$","R","B",null,"M","$","?","$","?","R","?","R","T","M","M","M","R","M","R","B"],"character_chosen":"IRONCLAD","items_purchased":["Pummel","Pummel+1","Rampage+1","Anger+1","Ornamental Fan"],"campfire_rested":3,"item_purchase_floors":[10,12,31,36,36],"current_hp_per_floor":[75,75,80,76,76,76,81,79,79,85,85,85,85,85,85,7,85,68,68,68,68,71,71,38,18,18,43,43,30,29,44,69,20,85,82,85,85,85,85,85,85,85,85,85,66,63,85,80,80,0,0],"gold":176,"neow_bonus":"ONE_RANDOM_RARE_CARD","is_daily":false,"chose_seed":false,"campfire_upgraded":6,"win_rate":0.0,"timestamp":1610587859,"path_taken":["M","?","?","M","?","R","M","?","T","?","?","$","M","M","R","BOSS","M","?","?","?","?","R","M","M","T","R","?","?","M","$","R","BOSS","M","$","?","$","?","R","?","R","T","M","M","M","R","?","R","BOSS"],"items_purchased_type":["Card","Card","Card","Card","Relic"],"build_version":"2020-12-22","purchased_purges":0,"victory":false,"max_hp_per_floor":[80,80,85,85,85,85,85,85,85,85,85,85,85,85,85,85,85,85,85,85,85,85,85,85,85,85,85,85,85,85,85,85,85,85,85,85,85,85,85,85,85,85,85,85,85,85,85,85,85,85,85],"card_choices":[{"not_picked":["Clothesline","Wild Strike","Burning Pact"],"picked":"SKIP","floor":1},{"not_picked":["Searing Blow","Burning Pact"],"picked":"Perfected Strike","floor":4},{"not_picked":["Rupture","Sword Boomerang","Combust"],"picked":"SKIP","floor":7},{"not_picked":["Shrug It Off","Perfected Strike"],"picked":"Anger","floor":8},{"not_picked":["Sword Boomerang+1","Blood for Blood+1"],"picked":"Body Slam+1","floor":13},{"not_picked":["True Grit","Armaments","Rupture"],"picked":"SKIP","floor":14},{"not_picked":["Infernal Blade","Combust","True Grit"],"picked":"SKIP","floor":18},{"not_picked":["Flame Barrier+1","Armaments"],"picked":"Perfected Strike+1","floor":22},{"not_picked":["Pommel Strike+1","Intimidate"],"picked":"Ghostly Armor","floor":24},{"not_picked":["Rampage+1","Pommel Strike+1"],"picked":"Intimidate","floor":25},{"not_picked":["Armaments","Clothesline+1"],"picked":"Battle Trance","floor":27},{"not_picked":["Fiend Fire+1","Iron Wave+1"],"picked":"Perfected Strike+1","floor":30},{"not_picked":["Blood for Blood+1","Sword Boomerang+1"],"picked":"Anger+1","floor":32},{"not_picked":["Fiend Fire+1","Corruption"],"picked":"Immolate+1","floor":33},{"not_picked":["Bloodletting+1","Havoc"],"picked":"Perfected Strike+1","floor":35},{"not_picked":["Sword Boomerang+1","Twin Strike+1","Armaments+1"],"picked":"SKIP","floor":44},{"not_picked":["Twin Strike+1","Shrug It Off","Clothesline+1"],"picked":"SKIP","floor":45},{"not_picked":["Rampage+1","Combust+1"],"picked":"Carnage+1","floor":46},{"not_picked":["Exhume","Carnage+1"],"picked":"Flex+1","floor":47},{"not_picked":["Burning Pact+1","Body Slam+1"],"picked":"Flex+1","floor":48}],"player_experience":62861,"relics_obtained":[{"floor":9,"key":"MealTicket"},{"floor":26,"key":"PreservedInsect"},{"floor":29,"key":"Lizard Tail"},{"floor":29,"key":"Meat on the Bone"},{"floor":43,"key":"MawBank"}],"event_choices":[{"cards_removed":["Bash"],"damage_healed":0,"gold_gain":0,"player_choice":"Forget","damage_taken":0,"max_hp_gain":0,"max_hp_loss":0,"event_name":"Living Wall","floor":2,"gold_loss":0},{"damage_healed":0,"gold_gain":0,"player_choice":"Donut","damage_taken":0,"max_hp_gain":5,"max_hp_loss":0,"event_name":"Big Fish","floor":3,"gold_loss":0},{"damage_healed":0,"gold_gain":0,"player_choice":"Paid Gold","damage_taken":0,"relics_obtained":["Boot"],"max_hp_gain":0,"max_hp_loss":0,"event_name":"WeMeetAgain","floor":5,"gold_loss":57},{"damage_healed":0,"gold_gain":0,"player_choice":"Searched \u00272\u0027 times","damage_taken":0,"relics_obtained":["Molten Egg 2"],"max_hp_gain":0,"max_hp_loss":0,"event_name":"Dead Adventurer","floor":11,"gold_loss":0},{"damage_healed":0,"gold_gain":0,"player_choice":"Smashed Altar","damage_taken":0,"max_hp_gain":0,"max_hp_loss":0,"event_name":"Forgotten Altar","floor":19,"gold_loss":0,"cards_obtained":["Decay"]},{"damage_healed":0,"gold_gain":0,"player_choice":"Opened","damage_taken":0,"relics_obtained":["Dream Catcher"],"max_hp_gain":0,"max_hp_loss":0,"event_name":"The Mausoleum","floor":20,"gold_loss":0},{"damage_healed":0,"gold_gain":0,"player_choice":"Obtained Relic","damage_taken":0,"relics_obtained":["Thread and Needle"],"max_hp_gain":0,"max_hp_loss":0,"event_name":"Addict","floor":21,"gold_loss":85},{"damage_healed":0,"gold_gain":0,"player_choice":"Read","damage_taken":0,"max_hp_gain":0,"max_hp_loss":0,"event_name":"The Library","floor":28,"gold_loss":0,"cards_obtained":["Perfected Strike"]},{"damage_healed":0,"gold_gain":0,"player_choice":"Fight","damage_taken":0,"max_hp_gain":0,"max_hp_loss":0,"event_name":"Colosseum","floor":29,"gold_loss":0},{"damage_healed":0,"gold_gain":0,"player_choice":"Fought Nobs","damage_taken":0,"max_hp_gain":0,"max_hp_loss":0,"event_name":"Colosseum","floor":29,"gold_loss":0},{"damage_healed":0,"gold_gain":0,"player_choice":"Ignored","damage_taken":0,"max_hp_gain":0,"max_hp_loss":0,"event_name":"Mysterious Sphere","floor":37,"gold_loss":0},{"damage_healed":0,"gold_gain":0,"player_choice":"Paid","damage_taken":0,"relics_obtained":["Red Mask"],"max_hp_gain":0,"max_hp_loss":0,"event_name":"Tomb of Lord Red Mask","floor":39,"gold_loss":6},{"damage_healed":0,"gold_gain":0,"player_choice":"1 cards matched","damage_taken":0,"max_hp_gain":0,"max_hp_loss":0,"event_name":"Match and Keep!","floor":41,"gold_loss":0,"cards_obtained":["Bash"]}],"is_beta":false,"boss_relics":[{"not_picked":["Runic Dome","Astrolabe"],"picked":"SacredBark"},{"not_picked":["Cursed Key","Black Star"],"picked":"SlaversCollar"}],"items_purged_floors":[],"is_endless":false,"potions_floor_spawned":[8,13,14,29,29,30,33,46,48],"killed_by":"Donu and Deca","ascension_level":0}}