{"host":"2yhbarjh4s9lrrzt","time":1610612515,"event":{"mods":["BaseMod","Better Third Choice","Minty Spire (QoL Compilation)","Replay The Spire","StSLib"],"gold_per_floor":[218,218,229,8,22,22,37,54,102,112,142,158,173,190,190,292,292,307,326,326,326],"floor_reached":20,"language":"ENG","playtime":2525,"items_purged":[],"score":172,"play_id":"ce1f2b6c-9610-4135-ac7e-e0b687c477c1","local_time":"20210114032155","is_ascension_mode":false,"campfire_choices":[{"floor":6,"key":"RECALL"}],"circlet_count":0,"master_deck":["Strike_P","Strike_P","Strike_P","Strike_P","Defend_P","Defend_P","Defend_P","Eruption","Vigilance","Pray","PathToVictory","TalkToTheHand","SashWhip","MentalFortress","Prostrate+1","SandsOfTime","Tantrum","WaveOfTheHand","Meditate","Nirvana","DeusExMachina","Replay:ManipulateFuture","ThirdEye","ConjureBlade","Fasting2+1","Wireheading"],"relics":["PureWater","Runic Pyramid"],"acts_visited":["Exordium","TheCity"],"potions_floor_usage":[12,13,16,16,19,20],"damage_taken":[{"damage":0,"enemies":"Small Slimes","floor":1,"turns":3},{"damage":0,"enemies":"Cultist","floor":3,"turns":3},{"damage":3,"enemies":"Jaw Worm","floor":5,"turns":4},{"damage":21,"enemies":"Exordium Thugs","floor":7,"turns":6},{"damage":5,"enemies":"Blue Slaver","floor":8,"turns":5},{"damage":0,"enemies":"Looter","floor":10,"turns":3},{"damage":25,"enemies":"Exordium Wildlife","floor":12,"turns":6},{"damage":4,"enemies":"3 Louse","floor":13,"turns":6},{"damage":0,"enemies":"2 Fungi Beasts","floor":14,"turns":4},{"damage":33,"enemies":"Fading Forest","floor":16,"turns":11},{"damage":27,"enemies":"2 Thieves","floor":18,"turns":4},{"damage":18,"enemies":"Chosen","floor":19,"turns":8},{"damage":33,"enemies":"Snake Plant","floor":20,"turns":5}],"seed_played":"-4682839345602214525","potions_obtained":[{"floor":1,"key":"Energy Potion"},{"floor":5,"key":"Weak Potion"},{"floor":12,"key":"Elixir"},{"floor":14,"key":"FearPotion"},{"floor":16,"key":"BlessingOfTheForge"},{"floor":18,"key":"Swift Potion"}],"is_trial":false,"path_per_floor":["M","?","M","$","M","R","M","M","T","M","?","M","M","M","R","B",null,"M","M","M"],"character_chosen":"WATCHER","items_purchased":["SashWhip","MentalFortress","Prostrate","SandsOfTime"],"campfire_rested":0,"item_purchase_floors":[4,4,4,4],"current_hp_per_floor":[72,72,72,72,69,69,48,43,43,43,43,18,14,14,35,12,72,45,27,0,0],"gold":326,"neow_bonus":"HUNDRED_GOLD","is_daily":false,"chose_seed":false,"campfire_upgraded":0,"win_rate":0.0,"timestamp":1610612515,"path_taken":["M","?","?","$","M","R","M","M","T","M","?","M","M","M","R","BOSS","M","M","M"],"items_purchased_type":["Card","Card","Card","Card"],"build_version":"2020-12-22","purchased_purges":0,"victory":false,"max_hp_per_floor":[72,72,72,72,72,72,72,72,72,72,72,72,72,72,72,72,72,72,72,72,72],"card_choices":[{"not_picked":["CutThroughFate","SashWhip"],"picked":"Pray","floor":1},{"not_picked":["CutThroughFate","Prostrate"],"picked":"TalkToTheHand","floor":3},{"not_picked":["ClearTheMind","Prostrate"],"picked":"Tantrum","floor":5},{"not_picked":["Prostrate","Indignation"],"picked":"WaveOfTheHand","floor":7},{"not_picked":["FollowUp","BowlingBash"],"picked":"Meditate","floor":8},{"not_picked":["Replay:AtTheReady","Crescendo"],"picked":"Nirvana","floor":10},{"not_picked":["EmptyFist","Consecrate"],"picked":"DeusExMachina","floor":12},{"not_picked":["Collect","JustLucky"],"picked":"Replay:ManipulateFuture","floor":13},{"not_picked":["Vengeance","Replay:BluntJabs"],"picked":"ThirdEye","floor":14},{"not_picked":["Omniscience","Replay:AllIn"],"picked":"ConjureBlade","floor":16},{"not_picked":["Consecrate","WheelKick"],"picked":"Fasting2+1","floor":18},{"not_picked":["TalkToTheHand","Consecrate"],"picked":"Wireheading","floor":19}],"player_experience":196415,"relics_obtained":[],"event_choices":[{"damage_healed":0,"gold_gain":0,"cards_transformed":["Defend_P"],"player_choice":"Transformed","damage_taken":0,"max_hp_gain":0,"max_hp_loss":0,"event_name":"Transmorgrifier","floor":2,"gold_loss":0,"cards_obtained":["PathToVictory"]},{"damage_healed":0,"gold_gain":30,"player_choice":"Searched \u00271\u0027 times","damage_taken":0,"max_hp_gain":0,"max_hp_loss":0,"event_name":"Dead Adventurer","floor":11,"gold_loss":0}],"is_beta":false,"boss_relics":[{"not_picked":["Black Star","Replay:Wanted Poster"],"picked":"Runic Pyramid"}],"items_purged_floors":[],"is_endless":false,"potions_floor_spawned":[1,5,12,14,16,18],"killed_by":"Snake Plant","ascension_level":0}}