{"host":"kh4wzxwh3q3yppxp","time":1610650018,"event":{"mods":["AchievementEnabler","BaseMod","Colored Map","DeckTracker","Minty Spire (QoL Compilation)","Quick Restart","StSLib"],"gold_per_floor":[115,76,76,26,26,26,107,107,107,123,147,180,180,5,5,136,136,149,12,12,32,56,56,70,88,88,101,16,51,74,74,74,202,202,217,240,14,32,32,32,46,46,125,139,39,57,57,70,70,70,70,70,70,114,114],"floor_reached":56,"language":"ENG","playtime":3646,"items_purged":["Strike_G","Writhe","Defend_G"],"score":1119,"play_id":"61dcb20b-3dc5-4760-bd19-5f567e65aaff","local_time":"20210114204658","is_ascension_mode":false,"campfire_choices":[{"data":"Poisoned Stab","floor":6.0,"key":"SMITH"},{"data":"Blur","floor":8.0,"key":"SMITH"},{"floor":15,"key":"REST"},{"data":"Catalyst","floor":23,"key":"SMITH"},{"floor":32,"key":"REST"},{"floor":40,"key":"RECALL"},{"data":"Apotheosis","floor":49,"key":"SMITH"},{"data":"Adrenaline","floor":52,"key":"SMITH"}],"circlet_count":0,"master_deck":["Defend_G","Defend_G","Defend_G","Defend_G+1","Survivor","Neutralize+1","Poisoned Stab+1","Noxious Fumes+1","Blur+1","Flying Knee","Adrenaline","Adrenaline+1","Catalyst+1","Master of Strategy","Backflip+1","Escape Plan+1","Poisoned Stab+1","Bane+1","Dodge and Roll+1","Malaise","CurseOfTheBell","Deadly Poison","Adrenaline","Apotheosis+1","Acrobatics+1"],"relics":["Ring of the Snake","Golden Idol","Akabeko","The Courier","Paper Crane","Medical Kit","Empty Cage","Prayer Wheel","HornCleat","Boot","Orichalcum","MutagenicStrength","Calling Bell","War Paint","Ninja Scroll","Dead Branch","Mercury Hourglass"],"acts_visited":["Exordium","TheCity","TheBeyond","TheEnding"],"potions_floor_usage":[33,33,54,55,55],"damage_taken":[{"damage":1.0,"enemies":"Cultist","floor":1.0,"turns":4.0},{"damage":9.0,"enemies":"Gremlin Nob","floor":7.0,"turns":4.0},{"damage":0.0,"enemies":"Small Slimes","floor":10.0,"turns":2.0},{"damage":0.0,"enemies":"2 Louse","floor":11.0,"turns":2.0},{"damage":14.0,"enemies":"3 Sentries","floor":12.0,"turns":8.0},{"damage":10,"enemies":"Slime Boss","floor":16,"turns":12},{"damage":11,"enemies":"2 Thieves","floor":18,"turns":5},{"damage":1,"enemies":"Chosen","floor":21,"turns":5},{"damage":6,"enemies":"3 Cultists","floor":22,"turns":8},{"damage":14,"enemies":"Snake Plant","floor":24,"turns":6},{"damage":2,"enemies":"Cultist and Chosen","floor":25,"turns":6},{"damage":1,"enemies":"Centurion and Healer","floor":27,"turns":6},{"damage":16,"enemies":"Slavers","floor":29,"turns":5},{"damage":3,"enemies":"Snake Plant","floor":30,"turns":4},{"damage":16,"enemies":"Automaton","floor":33,"turns":11},{"damage":0,"enemies":"3 Shapes","floor":35,"turns":6},{"damage":0,"enemies":"3 Darklings","floor":36,"turns":3},{"damage":6,"enemies":"Spire Growth","floor":38,"turns":4},{"damage":0,"enemies":"Sphere and 2 Shapes","floor":41,"turns":5},{"damage":0,"enemies":"Transient","floor":44,"turns":5},{"damage":0,"enemies":"Spire Growth","floor":46,"turns":4},{"damage":0,"enemies":"Writhing Mass","floor":48,"turns":5},{"damage":31,"enemies":"Donu and Deca","floor":50,"turns":12},{"damage":8,"enemies":"Shield and Spear","floor":54,"turns":6},{"damage":55,"enemies":"The Heart","floor":55,"turns":11}],"seed_played":"6402160277564745531","potions_obtained":[{"floor":1.0,"key":"Ancient Potion"},{"floor":7.0,"key":"CunningPotion"},{"floor":11.0,"key":"Dexterity Potion"},{"floor":22,"key":"Poison Potion"},{"floor":33,"key":"SkillPotion"},{"floor":35,"key":"AttackPotion"},{"floor":38,"key":"PowerPotion"},{"floor":54,"key":"SneckoOil"}],"is_trial":false,"path_per_floor":["M","$","?","?","?","R","?","R","T","M","M","E","?","$","R","B",null,"M","$","?","M","M","R","M","M","T","M","?","E","M","?","R","B",null,"M","M","$","M","?","R","M","?","T","M","$","M","?","M","R","B",null,"R","$","E","B",null],"character_chosen":"THE_SILENT","items_purchased":["Noxious Fumes","Medical Kit","Master of Strategy","Apotheosis"],"campfire_rested":2,"item_purchase_floors":[2,14,19,37],"current_hp_per_floor":[69,69,69,69,52,52,43,43,43,43,43,29,29,29,50,40,70,59,59,59,58,52,52,38,36,36,35,35,19,16,16,37,21,70,70,70,70,64,64,64,64,64,64,64,64,64,64,64,64,33,66,66,66,58,3],"gold":114,"neow_bonus":"UPGRADE_CARD","is_daily":false,"chose_seed":false,"campfire_upgraded":5,"win_rate":0.0,"timestamp":1610650018,"path_taken":["M","$","?","?","?","R","?","R","T","M","M","E","?","$","R","BOSS","M","?","?","M","M","R","M","M","T","M","?","E","M","?","R","BOSS","M","M","$","M","?","R","M","?","T","M","$","M","?","?","R","BOSS","R","$","E","BOSS"],"items_purchased_type":["Card","Relic","Card","Card"],"build_version":"2020-12-22","purchased_purges":3,"victory":true,"max_hp_per_floor":[70,70,70,70,70,70,70,70,70,70,70,70,70,70,70,70,70,70,70,70,70,70,70,70,70,70,70,70,70,70,70,70,70,70,70,70,70,70,70,70,70,66,66,66,66,66,66,66,66,66,66,66,66,66,66],"card_choices":[{"not_picked":["Tactician","Dodge and Roll"],"picked":"Poisoned Stab","floor":1.0},{"not_picked":["Dagger Spray","Riddle With Holes"],"picked":"Blur","floor":7.0},{"not_picked":["Accuracy","Slice","Sucker Punch"],"picked":"SKIP","floor":10.0},{"not_picked":["Sucker Punch","Infinite Blades"],"picked":"Flying Knee","floor":11.0},{"not_picked":["Prepared","Distraction"],"picked":"Adrenaline","floor":12.0},{"not_picked":["Glass Knife","Malaise"],"picked":"Adrenaline","floor":16},{"not_picked":["Predator+1","Infinite Blades+1"],"picked":"Catalyst","floor":18},{"not_picked":["Dodge and Roll","Setup"],"picked":"Backflip+1","floor":21},{"not_picked":["Riddle With Holes","Blade Dance","Cloak And Dagger+1"],"picked":"SKIP","floor":21},{"not_picked":["Endless Agony","Prepared","Terror"],"picked":"SKIP","floor":22},{"not_picked":["PiercingWail","Infinite Blades+1","Underhanded Strike"],"picked":"SKIP","floor":22},{"not_picked":["Flying Knee","Endless Agony+1"],"picked":"Escape Plan","floor":24},{"not_picked":["Catalyst","Calculated Gamble"],"picked":"Poisoned Stab+1","floor":24},{"not_picked":["Underhanded Strike","Sucker Punch","Quick Slash"],"picked":"SKIP","floor":25},{"not_picked":["PiercingWail","Outmaneuver+1","Blade Dance"],"picked":"SKIP","floor":25},{"not_picked":["Reflex","Die Die Die"],"picked":"Bane+1","floor":27},{"not_picked":["Prepared+1","Sucker Punch","Backflip+1"],"picked":"SKIP","floor":27},{"not_picked":["Flying Knee","Prepared","All Out Attack"],"picked":"SKIP","floor":29},{"not_picked":["Prepared","Dagger Throw"],"picked":"Dodge and Roll+1","floor":30},{"not_picked":["Tactician","Predator+1","Well Laid Plans"],"picked":"SKIP","floor":30},{"not_picked":["Bullet Time","Grand Finale"],"picked":"Malaise","floor":33},{"not_picked":["Prepared+1","Calculated Gamble+1"],"picked":"Deadly Poison","floor":35},{"not_picked":["Slice+1","Outmaneuver","Tactician"],"picked":"SKIP","floor":35},{"not_picked":["Quick Slash+1","Cloak And Dagger+1"],"picked":"Adrenaline","floor":36},{"not_picked":["Dagger Spray+1","Noxious Fumes","Outmaneuver"],"picked":"SKIP","floor":36},{"not_picked":["PiercingWail+1","Skewer+1","Terror"],"picked":"SKIP","floor":38},{"not_picked":["Catalyst","Dodge and Roll","Concentrate"],"picked":"SKIP","floor":38},{"not_picked":["All Out Attack+1","Bouncing Flask","Deadly Poison"],"picked":"SKIP","floor":41},{"not_picked":["Backstab+1","Dodge and Roll+1","Reflex"],"picked":"SKIP","floor":41},{"not_picked":["Deflect","Tactician+1"],"picked":"Acrobatics+1","floor":44},{"not_picked":["Deflect","Terror","Blade Dance"],"picked":"SKIP","floor":44},{"not_picked":["Backflip","Cloak And Dagger+1","Dagger Spray+1"],"picked":"SKIP","floor":46},{"not_picked":["Storm of Steel","Cloak And Dagger","Dodge and Roll+1"],"picked":"SKIP","floor":46},{"not_picked":["Endless Agony+1","Sucker Punch+1","Concentrate+1"],"picked":"SKIP","floor":48},{"not_picked":["Flying Knee","Dagger Spray+1","Leg Sweep"],"picked":"SKIP","floor":48},{"not_picked":["Poisoned Stab","Dodge and Roll+1","Sucker Punch"],"picked":"SKIP","floor":54}],"player_experience":701603,"relics_obtained":[{"floor":7.0,"key":"Akabeko"},{"floor":9.0,"key":"The Courier"},{"floor":12.0,"key":"Paper Crane"},{"floor":26,"key":"HornCleat"},{"floor":29,"key":"Orichalcum"},{"floor":34,"key":"War Paint"},{"floor":34,"key":"Ninja Scroll"},{"floor":34,"key":"Dead Branch"},{"floor":54,"key":"Mercury Hourglass"}],"event_choices":[{"damage_healed":0.0,"max_hp_gain":0.0,"max_hp_loss":0.0,"gold_gain":0.0,"event_name":"Living Wall","player_choice":"Grow","floor":3.0,"gold_loss":0.0,"damage_taken":0.0,"cards_upgraded":["Noxious Fumes"]},{"cards_removed":["Strike_G"],"damage_healed":0.0,"max_hp_gain":0.0,"max_hp_loss":0.0,"gold_gain":0.0,"event_name":"The Cleric","player_choice":"Card Removal","floor":4.0,"gold_loss":50.0,"damage_taken":0.0},{"damage_healed":0.0,"max_hp_gain":0.0,"max_hp_loss":0.0,"gold_gain":0.0,"event_name":"Golden Idol","player_choice":"Take Damage","floor":5.0,"gold_loss":0.0,"damage_taken":17.0,"relics_obtained":["Golden Idol"]},{"damage_healed":0.0,"max_hp_gain":0.0,"max_hp_loss":0.0,"gold_gain":0.0,"event_name":"Dead Adventurer","player_choice":"Searched \u00271\u0027 times","floor":7.0,"gold_loss":0.0,"damage_taken":0.0},{"cards_removed":["Strike_G"],"damage_healed":0.0,"max_hp_gain":0.0,"max_hp_loss":0.0,"gold_gain":0.0,"event_name":"Bonfire Elementals","player_choice":"Offered Basic","floor":13.0,"gold_loss":0.0,"damage_taken":0.0},{"damage_healed":0,"gold_gain":0,"player_choice":"Opened","damage_taken":0,"relics_obtained":["Prayer Wheel"],"max_hp_gain":0,"max_hp_loss":0,"event_name":"The Mausoleum","floor":20,"gold_loss":0,"cards_obtained":["Writhe"]},{"damage_healed":0,"gold_gain":0,"player_choice":"Obtained Relic","damage_taken":0,"relics_obtained":["Boot"],"max_hp_gain":0,"max_hp_loss":0,"event_name":"Addict","floor":28,"gold_loss":85},{"damage_healed":0,"gold_gain":0,"player_choice":"Inject Mutagens","damage_taken":0,"relics_obtained":["MutagenicStrength"],"max_hp_gain":0,"max_hp_loss":0,"event_name":"Drug Dealer","floor":31,"gold_loss":0},{"damage_healed":0,"gold_gain":0,"player_choice":"Ignored","damage_taken":0,"max_hp_gain":0,"max_hp_loss":0,"event_name":"Mysterious Sphere","floor":39,"gold_loss":0},{"damage_healed":0,"gold_gain":0,"player_choice":"Max HP","damage_taken":0,"max_hp_gain":0,"max_hp_loss":4,"event_name":"Winding Halls","floor":42,"gold_loss":0},{"damage_healed":0,"gold_gain":0,"player_choice":"Ignored","damage_taken":0,"max_hp_gain":0,"max_hp_loss":0,"event_name":"Transmorgrifier","floor":47,"gold_loss":0}],"is_beta":false,"boss_relics":[{"not_picked":["Tiny House","Runic Dome"],"picked":"Empty Cage"},{"not_picked":["Runic Pyramid","Sozu"],"picked":"Calling Bell"}],"items_purged_floors":[14,37,45],"is_endless":false,"potions_floor_spawned":[1,7,11,16,21,22,24,29,30,33,35,38,41,48,54],"ascension_level":0}}