{"host":"udyc8f81k2jocuhg","time":1610634137,"event":{"mods":["2.2 Compatiblity","BaseMod","Better Third Choice","Colored Powertips","Conspire","Custom Start","GifTheSpireLib","Hermit","Minty Spire (QoL Compilation)","Permanent Neow","Quick Restart","Relic Filter","Relic Stats","Replay The Spire","Shop Mod","Spikes Relics","StSLib","Stuff the Spire"],"gold_per_floor":[117,137,157,169,169,169,179,214,214,225,244,277,327,345,345,418,418,428,428,441,456,57,84,84,103,103,103,120,148,148,175,175,249,249,264,280,298,318,2,2,28,39,91,111,111,125,159,170,170,170,170,170,55,86,86,86],"floor_reached":55,"language":"ENG","playtime":3651,"items_purged":["Strike_B","Defend_B","Delirium"],"score":1539,"play_id":"e622c25f-52fb-42c6-abb3-178ffa0cb305","local_time":"20210114152217","is_ascension_mode":true,"campfire_choices":[{"data":"Zap","floor":6.0,"key":"SMITH"},{"data":"Glacier","floor":15.0,"key":"SMITH"},{"data":"Sharp Hide","floor":24.0,"key":"SMITH"},{"data":"Consume","floor":30.0,"key":"SMITH"},{"data":"Conserve Battery","floor":32.0,"key":"SMITH"},{"data":"Buffer","floor":40.0,"key":"SMITH"},{"floor":45.0,"key":"RECALL"},{"data":"Loop","floor":49.0,"key":"SMITH"},{"data":"Blizzard","floor":52.0,"key":"SMITH"}],"circlet_count":0,"master_deck":["AscendersBane","Defend_B","Defend_B","Defend_B","Zap+1","Dualcast","Chill","Consume+1","Streamline","Scrape+1","Self Repair","Glacier+1","Steam","Leap","Storm","Electrodynamics+1","Coolheaded","Self Repair","Self Repair","Sharp Hide+1","Conserve Battery+1","Leap+1","Buffer+1","Force Field+1","Blizzard+1","Blizzard","Conserve Battery+1","Parasite","Spreading Infection","Loop+1","Capacitor","Coolheaded+1"],"relics":["Cracked Core","StuffTheSpire:MayFlowers","Happy Flower","FossilizedHelix","RollingBoulder","Empty Cage","Lantern","Mummified Hand","SpikesRelics:DaevaFist","Toxic Egg 2","Cursed Key","Runic Capacitor","Blue Doll","DataDisk","StuffTheSpire:Tea","ReplayTheSpireMod:CursedCoin","StuffTheSpire:RubySignet"],"acts_visited":["Exordium","TheCity","TheBeyond","TheEnding"],"potions_floor_usage":[54],"damage_taken":[{"damage":0.0,"enemies":"Cultist","floor":1.0,"turns":3.0},{"damage":7.0,"enemies":"Jaw Worm","floor":2.0,"turns":3.0},{"damage":0.0,"enemies":"Small Slimes","floor":3.0,"turns":4.0},{"damage":9.0,"enemies":"3 Louse","floor":4.0,"turns":8.0},{"damage":3.0,"enemies":"Large Slime","floor":7.0,"turns":4.0},{"damage":24.0,"enemies":"Gremlin Nob","floor":8.0,"turns":4.0},{"damage":0.0,"enemies":"Lots of Slimes","floor":10.0,"turns":5.0},{"damage":0.0,"enemies":"Red Slaver","floor":11.0,"turns":6.0},{"damage":0.0,"enemies":"Replay:BlueRogue","floor":12.0,"turns":5.0},{"damage":0.0,"enemies":"Exordium Thugs","floor":14.0,"turns":6.0},{"damage":36.0,"enemies":"Fading Forest","floor":16.0,"turns":11.0},{"damage":0.0,"enemies":"Spheric Guardian","floor":18.0,"turns":8.0},{"damage":0.0,"enemies":"Shell Parasite","floor":20.0,"turns":9.0},{"damage":2.0,"enemies":"conspire:HollyBat","floor":21.0,"turns":11.0},{"damage":43.0,"enemies":"Book of Stabbing","floor":23.0,"turns":10.0},{"damage":4.0,"enemies":"Centurion and Healer","floor":25.0,"turns":8.0},{"damage":32.0,"enemies":"3 Cultists","floor":28.0,"turns":7.0},{"damage":13.0,"enemies":"conspire:SneckoGhost","floor":29.0,"turns":16.0},{"damage":28.0,"enemies":"Slavers","floor":31.0,"turns":4.0},{"damage":33.0,"enemies":"Automaton","floor":33.0,"turns":17.0},{"damage":0.0,"enemies":"Orb Walker","floor":35.0,"turns":3.0},{"damage":0.0,"enemies":"3 Darklings","floor":36.0,"turns":7.0},{"damage":0.0,"enemies":"4 Shapes","floor":37.0,"turns":2.0},{"damage":0.0,"enemies":"Transient","floor":38.0,"turns":6.0},{"damage":0.0,"enemies":"Giant Head","floor":41.0,"turns":13.0},{"damage":0.0,"enemies":"Writhing Mass","floor":42.0,"turns":11.0},{"damage":0.0,"enemies":"Sphere and 2 Shapes","floor":44.0,"turns":6.0},{"damage":0.0,"enemies":"4 Shapes","floor":46.0,"turns":5.0},{"damage":0.0,"enemies":"Nemesis","floor":47.0,"turns":9.0},{"damage":0.0,"enemies":"Writhing Mass","floor":48.0,"turns":7.0},{"damage":15.0,"enemies":"conspire:OrnateMirror","floor":50.0,"turns":20.0},{"damage":32,"enemies":"Shield and Spear","floor":54,"turns":7},{"damage":109,"enemies":"The Heart","floor":55,"turns":9}],"seed_played":"-1525711473666766929","potions_obtained":[{"floor":4.0,"key":"Swift Potion"},{"floor":10.0,"key":"Fire Potion"},{"floor":16.0,"key":"Adrenaline Potion"},{"floor":29.0,"key":"Elixir"},{"floor":31.0,"key":"Dexterity Potion"},{"floor":36.0,"key":"Energy Potion"},{"floor":48.0,"key":"FairyPotion"}],"is_trial":false,"path_per_floor":["M","M","M","M","?","R","M","E","T","M","M","E","?","M","R","B",null,"M","?","M","M","$","E","R","M","T","?","M","E","R","E","R","B",null,"M","M","M","M","$","R","E","M","T","M","R","M","E","M","R","B",null,"R","$","E","B"],"character_chosen":"DEFECT","items_purchased":["Self Repair","Sharp Hide","Lantern","Runic Capacitor","Blizzard","ReplayTheSpireMod:CursedCoin","FocusPotion","Capacitor","Coolheaded+1"],"campfire_rested":0,"item_purchase_floors":[22,22,22,39,39,53,53,53,53],"current_hp_per_floor":[64,57,57,54,54,54,51,34,34,41,51,58,58,64,64,38,58,64,64,64,64,64,48,48,64,64,64,58,64,64,50,50,44,59,64,64,64,64,64,64,64,64,64,64,64,64,64,64,64,64,64,64,64,58,0,0],"gold":86,"neow_bonus":"ONE_RARE_RELIC","is_daily":false,"chose_seed":false,"campfire_upgraded":8,"win_rate":0.0,"timestamp":1610634137,"path_taken":["M","M","M","?","?","R","M","E","T","M","M","E","?","M","R","BOSS","M","?","M","M","$","E","R","M","T","?","M","E","R","E","R","BOSS","M","M","M","M","$","R","E","M","T","M","R","?","E","M","R","BOSS","R","$","E","BOSS"],"items_purchased_type":["Card","Card","Relic","Relic","Card","Relic","Potion","Card","Card"],"build_version":"2020-12-22","purchased_purges":3,"victory":false,"max_hp_per_floor":[64,64,64,64,64,64,64,64,64,64,64,64,64,64,64,64,64,64,64,64,64,64,64,64,64,64,64,64,64,64,64,64,64,64,64,64,64,64,64,64,64,64,64,64,64,64,64,64,64,64,64,64,64,64,64,64],"relic_stats":{"Happy Flower":[76],"counters":[33,253],"Mummified Hand":[122],"Cursed Key":1,"obtain_stats":[{"Lantern":22,"Happy Flower":8,"ReplayTheSpireMod:CursedCoin":53,"Blue Doll":41,"Runic Capacitor":39,"Empty Cage":17,"Cursed Key":34,"DataDisk":43,"StuffTheSpire:MayFlowers":0,"Mummified Hand":23,"RollingBoulder":12,"SpikesRelics:DaevaFist":29,"StuffTheSpire:RubySignet":54,"Toxic Egg 2":31,"Cracked Core":0,"FossilizedHelix":9,"StuffTheSpire:Tea":47},{"Lantern":14,"Happy Flower":6,"ReplayTheSpireMod:CursedCoin":31,"Blue Doll":25,"Runic Capacitor":24,"Empty Cage":11,"Cursed Key":20,"DataDisk":26,"StuffTheSpire:MayFlowers":0,"Mummified Hand":15,"RollingBoulder":9,"SpikesRelics:DaevaFist":18,"StuffTheSpire:RubySignet":32,"Toxic Egg 2":19,"Cracked Core":0,"FossilizedHelix":6,"StuffTheSpire:Tea":29},{"Lantern":87,"Happy Flower":26,"ReplayTheSpireMod:CursedCoin":238,"Blue Doll":180,"Runic Capacitor":167,"Empty Cage":59,"Cursed Key":149,"DataDisk":191,"StuffTheSpire:MayFlowers":0,"Mummified Hand":97,"RollingBoulder":42,"SpikesRelics:DaevaFist":128,"StuffTheSpire:RubySignet":244,"Toxic Egg 2":132,"Cracked Core":0,"FossilizedHelix":26,"StuffTheSpire:Tea":211}]},"card_choices":[{"not_picked":["StuffTheSpire:Plugnplay","Rebound"],"picked":"Chill","floor":1.0},{"not_picked":["ReplayGash","Stack"],"picked":"Consume","floor":2.0},{"not_picked":["Hologram","Rebound","Turbo"],"picked":"SKIP","floor":3.0},{"not_picked":["Darkness","Gash"],"picked":"Streamline","floor":4.0},{"not_picked":["Chaos","ReplayTheSpireMod:Dual Polarity"],"picked":"Self Repair","floor":7.0},{"not_picked":["Mirror Shield","ReplayTheSpireMod:GoodbyeWorld"],"picked":"Glacier","floor":8.0},{"not_picked":["Stack","Darkness"],"picked":"Steam","floor":10.0},{"not_picked":["BasicCrystalCard","Genetic Algorithm"],"picked":"Leap","floor":11.0},{"not_picked":["StuffTheSpire:LoadUp","Steam"],"picked":"Storm","floor":12.0},{"not_picked":["Hologram","Gash","Sweeping Beam"],"picked":"SKIP","floor":14.0},{"not_picked":["StuffTheSpire:ForEach","ReplayTheSpireMod:Fabricate Wheel"],"picked":"Electrodynamics","floor":16.0},{"not_picked":["Fusion","Compile Driver","Sweeping Beam+1"],"picked":"SKIP","floor":18.0},{"not_picked":["Compile Driver","ReplaySolidLightProjector"],"picked":"Coolheaded","floor":20.0},{"not_picked":["Barrage+1","StuffTheSpire:Rend","Rebound+1"],"picked":"SKIP","floor":21.0},{"not_picked":["ReplayTheSpireMod:GoodbyeWorld","ReplayTheSpireMod:System Scan","Rebound"],"picked":"SKIP","floor":23.0},{"not_picked":["StuffTheSpire:ShieldGenerator+1","Aggregate"],"picked":"Conserve Battery","floor":25.0},{"not_picked":["FTL","Barrage","Hologram"],"picked":"SKIP","floor":28.0},{"not_picked":["Streamline","Rebound","Go for the Eyes"],"picked":"SKIP","floor":29.0},{"not_picked":["BasicCrystalCard+1","Streamline+1"],"picked":"Leap+1","floor":31.0},{"not_picked":["StuffTheSpire:ForEach+1","Fission+1"],"picked":"Buffer","floor":33.0},{"not_picked":["Cold Snap","Turbo+1","ReplayTheSpireMod:Repulse+1"],"picked":"SKIP","floor":35.0},{"not_picked":["StuffTheSpire:Plugnplay+1","Rebound","Cold Snap"],"picked":"SKIP","floor":36.0},{"not_picked":["Go for the Eyes","Beam Cell","Mirror Shield+1"],"picked":"SKIP","floor":37.0},{"not_picked":["Hologram+1","FTL+1"],"picked":"Force Field+1","floor":38.0},{"not_picked":["Double Energy+1","Turbo+1"],"picked":"Conserve Battery+1","floor":41.0},{"not_picked":["StuffTheSpire:Rend+1","BootSequence+1","DiskWipe"],"picked":"SKIP","floor":42.0},{"not_picked":["Double Energy+1","Time Bomb+1","Go for the Eyes"],"picked":"SKIP","floor":44.0},{"not_picked":["Leap+1","Streamline"],"picked":"Loop","floor":46.0},{"not_picked":["Sweeping Beam","ReplaySort+1","Reinforced Body+1"],"picked":"SKIP","floor":47.0},{"not_picked":["Darkness+1","Mirror Shield+1","Panic Button+1"],"picked":"SKIP","floor":48.0},{"not_picked":["Darkness+1","Compile Driver","Scrape"],"picked":"SKIP","floor":54}],"player_experience":1996370,"relics_obtained":[{"floor":8.0,"key":"Happy Flower"},{"floor":9.0,"key":"FossilizedHelix"},{"floor":12.0,"key":"RollingBoulder"},{"floor":23.0,"key":"Mummified Hand"},{"floor":29.0,"key":"SpikesRelics:DaevaFist"},{"floor":31.0,"key":"Toxic Egg 2"},{"floor":41.0,"key":"Blue Doll"},{"floor":43.0,"key":"DataDisk"},{"floor":47.0,"key":"StuffTheSpire:Tea"},{"floor":54,"key":"StuffTheSpire:RubySignet"}],"event_choices":[{"damage_healed":0.0,"max_hp_gain":0.0,"max_hp_loss":0.0,"gold_gain":50.0,"event_name":"Golden Wing","player_choice":"Gained Gold","floor":13.0,"gold_loss":0.0,"damage_taken":0.0},{"damage_healed":0.0,"max_hp_gain":0.0,"max_hp_loss":0.0,"gold_gain":0.0,"event_name":"Vampires","player_choice":"Ignored","floor":19.0,"gold_loss":0.0,"damage_taken":0.0},{"damage_healed":0.0,"max_hp_gain":0.0,"max_hp_loss":0.0,"gold_gain":0.0,"event_name":"Upgrade Shrine","player_choice":"Upgraded","floor":27.0,"gold_loss":0.0,"damage_taken":0.0,"cards_upgraded":["Electrodynamics"]}],"is_beta":false,"boss_relics":[{"not_picked":["Busted Crown","Ectoplasm"],"picked":"Empty Cage"},{"not_picked":["conspire:SlowCooker","StuffTheSpire:Kangaroo"],"picked":"Cursed Key"}],"items_purged_floors":[22,39,53],"is_endless":false,"potions_floor_spawned":[4,10,12,16,21,23,29,31,36,37,44,48],"killed_by":"The Heart","ascension_level":17}}