{"host":"dvmlwakpkji5sbch","time":1610616685,"event":{"mods":["BaseMod","Faster Ascension Climbing","Minty Spire (QoL Compilation)","Permanent Neow","Relic Stats"],"gold_per_floor":[111,111,130,140,155,185,185,200,200,200,231,242,242,274,274,348,348,365,379,105,105,116,116,149,149,149,178,178,215,215,224,224,305,332,343,367,429,448,466,507,507,507,507,518,279,279,296,325,325,325,325,325,325,58,90,90,90],"floor_reached":56,"language":"ENG","playtime":4869,"items_purged":["Zap","Cold Snap+1"],"score":2716,"play_id":"6d9aa817-3ded-4356-9446-a660e6437eaf","local_time":"20210114123125","is_ascension_mode":true,"campfire_choices":[{"data":"Sweeping Beam","floor":7.0,"key":"SMITH"},{"data":"Barrage","floor":10.0,"key":"SMITH"},{"data":"Recycle","floor":13.0,"key":"SMITH"},{"data":"Fission","floor":15.0,"key":"SMITH"},{"data":"Genetic Algorithm","floor":23.0,"key":"SMITH"},{"data":"Consume","floor":25.0,"key":"SMITH"},{"data":"Loop","floor":28.0,"key":"SMITH"},{"data":"Double Energy","floor":32.0,"key":"SMITH"},{"floor":41.0,"key":"RECALL"},{"data":"White Noise","floor":49.0,"key":"SMITH"},{"floor":53,"key":"REST"}],"circlet_count":0,"master_deck":["AscendersBane","Chill+1","Compile Driver+1","Undo+1","Sweeping Beam+1","Conserve Battery+1","Barrage+1","Recycle+1","Fission+1","Electrodynamics+1","Loop+1","Genetic Algorithm+1","Consume+1","Reboot+1","Chill+1","Storm+1","Ghostly+1","Ghostly+1","Ghostly+1","Creative AI+1","Double Energy+1","Creative AI+1","Undo+1","Aggregate+1","Compile Driver+1","White Noise+1","White Noise+1","Madness+1","Madness+1","Biased Cognition+1","White Noise+1"],"relics":["Cracked Core","Dead Branch","Mummified Hand","Matryoshka","Letter Opener","Pandora\u0027s Box","ClockworkSouvenir","CeramicFish","Blood Vial","Eternal Feather","Bag of Marbles","Sundial","Astrolabe","Pocketwatch","Ornamental Fan","Mark of the Bloom","Regal Pillow","OrangePellets","DataDisk","Blue Candle"],"acts_visited":["Exordium","TheCity","TheBeyond","TheEnding"],"potions_floor_usage":[55],"damage_taken":[{"damage":0.0,"enemies":"2 Louse","floor":1.0,"turns":1.0},{"damage":0.0,"enemies":"Cultist","floor":3.0,"turns":3.0},{"damage":0.0,"enemies":"Small Slimes","floor":4.0,"turns":3.0},{"damage":1.0,"enemies":"3 Louse","floor":5.0,"turns":5.0},{"damage":23.0,"enemies":"Gremlin Nob","floor":6.0,"turns":5.0},{"damage":0.0,"enemies":"Large Slime","floor":8.0,"turns":4.0},{"damage":0.0,"enemies":"3 Sentries","floor":11.0,"turns":5.0},{"damage":0.0,"enemies":"2 Fungi Beasts","floor":12.0,"turns":2.0},{"damage":7.0,"enemies":"Gremlin Nob","floor":14.0,"turns":3.0},{"damage":0.0,"enemies":"Hexaghost","floor":16.0,"turns":8.0},{"damage":0.0,"enemies":"3 Byrds","floor":18.0,"turns":3.0},{"damage":3.0,"enemies":"Shell Parasite","floor":19.0,"turns":2.0},{"damage":11.0,"enemies":"Shelled Parasite and Fungi","floor":22.0,"turns":2.0},{"damage":0.0,"enemies":"Book of Stabbing","floor":24.0,"turns":3.0},{"damage":0.0,"enemies":"Gremlin Leader","floor":27.0,"turns":6.0},{"damage":0.0,"enemies":"Book of Stabbing","floor":29.0,"turns":4.0},{"damage":0.0,"enemies":"Champ","floor":33.0,"turns":7.0},{"damage":0.0,"enemies":"Orb Walker","floor":35.0,"turns":4.0},{"damage":0.0,"enemies":"3 Darklings","floor":36.0,"turns":2.0},{"damage":0.0,"enemies":"2 Orb Walkers","floor":37.0,"turns":3.0},{"damage":1.0,"enemies":"Jaw Worm Horde","floor":38.0,"turns":2.0},{"damage":0.0,"enemies":"Giant Head","floor":40.0,"turns":6.0},{"damage":0.0,"enemies":"Writhing Mass","floor":44.0,"turns":2.0},{"damage":0.0,"enemies":"4 Shapes","floor":47.0,"turns":2.0},{"damage":0.0,"enemies":"Reptomancer","floor":48.0,"turns":3.0},{"damage":3.0,"enemies":"Awakened One","floor":50.0,"turns":8.0},{"damage":0,"enemies":"Time Eater","floor":51,"turns":3},{"damage":0,"enemies":"Shield and Spear","floor":55,"turns":3},{"damage":54,"enemies":"The Heart","floor":56,"turns":3}],"seed_played":"5579760318936911645","potions_obtained":[{"floor":3.0,"key":"Ancient Potion"},{"floor":5.0,"key":"BlessingOfTheForge"},{"floor":11.0,"key":"BlessingOfTheForge"},{"floor":14.0,"key":"EssenceOfSteel"},{"floor":18.0,"key":"EntropicBrew"},{"floor":27.0,"key":"Block Potion"},{"floor":36.0,"key":"LiquidBronze"}],"is_trial":false,"path_per_floor":["M","?","M","M","M","E","R","M","T","R","E","M","R","E","R","B",null,"M","M","$","?","M","R","E","R","T","E","R","E","?","?","R","B",null,"M","M","?","M","?","E","R","?","T","M","$","?","M","E","R","B","B",null,"R","$","E","B"],"character_chosen":"DEFECT","items_purchased":["ClockworkSouvenir","Storm","OrangePellets","White Noise","FairyPotion","Swift Potion"],"campfire_rested":1,"item_purchase_floors":[20,20,45,45,54,54],"current_hp_per_floor":[64,64,64,64,63,40,40,40,40,40,40,40,40,33,33,33,56,56,53,53,32,21,21,21,21,21,23,32,32,32,32,32,32,32,32,32,32,31,25,27,32,32,32,32,32,32,32,32,32,29,29,29,29,29,29,0,0],"gold":90,"neow_bonus":"TRANSFORM_TWO_CARDS","is_daily":false,"chose_seed":false,"campfire_upgraded":9,"win_rate":0.0,"timestamp":1610616685,"path_taken":["M","?","M","M","M","E","R","M","T","R","E","?","R","E","R","BOSS","M","M","$","?","M","R","E","R","T","E","R","E","?","?","R","BOSS","M","M","?","M","?","E","R","?","T","M","$","?","M","E","R","BOSS","BOSS","R","$","E","BOSS"],"items_purchased_type":["Relic","Card","Relic","Card","Potion","Potion"],"build_version":"2020-12-22","purchased_purges":2,"victory":false,"max_hp_per_floor":[64,64,64,64,64,64,64,64,64,64,64,64,64,64,64,64,64,64,64,64,32,32,32,32,32,32,32,32,32,32,32,32,32,32,32,32,32,32,32,32,32,32,32,32,32,32,32,32,32,32,32,32,32,32,32,32,32],"relic_stats":{"Mark of the Bloom":76,"Regal Pillow":0,"counters":[29,105],"Dead Branch":[227],"CeramicFish":108,"Astrolabe":["Undo","Aggregate","Compile Driver"],"Blue Candle":[1],"Eternal Feather":14,"Letter Opener":[565],"Blood Vial":4,"OrangePellets":[4],"Mummified Hand":[219],"Sundial":[8],"Ornamental Fan":[40],"Pandora\u0027s Box":["Loop","Genetic Algorithm","Consume","Reboot","Chill","Stack"],"obtain_stats":[{"Mark of the Bloom":42,"Regal Pillow":43,"Dead Branch":6,"CeramicFish":24,"Astrolabe":34,"Blue Candle":55,"Eternal Feather":26,"Letter Opener":14,"ClockworkSouvenir":20,"Blood Vial":26,"OrangePellets":45,"DataDisk":48,"Matryoshka":11,"Mummified Hand":9,"Sundial":29,"Ornamental Fan":40,"Pandora\u0027s Box":17,"Bag of Marbles":27,"Cracked Core":0,"Pocketwatch":37},{"Mark of the Bloom":22,"Regal Pillow":22,"Dead Branch":5,"CeramicFish":14,"Astrolabe":17,"Blue Candle":28,"Eternal Feather":14,"Letter Opener":9,"ClockworkSouvenir":12,"Blood Vial":14,"OrangePellets":23,"DataDisk":25,"Matryoshka":7,"Mummified Hand":6,"Sundial":16,"Ornamental Fan":22,"Pandora\u0027s Box":10,"Bag of Marbles":15,"Cracked Core":0,"Pocketwatch":20},{"Mark of the Bloom":81,"Regal Pillow":81,"Dead Branch":17,"CeramicFish":48,"Astrolabe":65,"Blue Candle":102,"Eternal Feather":48,"Letter Opener":31,"ClockworkSouvenir":43,"Blood Vial":48,"OrangePellets":83,"DataDisk":88,"Matryoshka":26,"Mummified Hand":21,"Sundial":58,"Ornamental Fan":81,"Pandora\u0027s Box":39,"Bag of Marbles":54,"Cracked Core":0,"Pocketwatch":73}],"Pocketwatch":[0]},"card_choices":[{"not_picked":["Barrage","Beam Cell"],"picked":"Compile Driver","floor":1.0},{"not_picked":["Redo","Chaos"],"picked":"Cold Snap","floor":3.0},{"not_picked":["Compile Driver","Creative AI"],"picked":"Undo","floor":4.0},{"not_picked":["Beam Cell","Cold Snap"],"picked":"Sweeping Beam","floor":5.0},{"not_picked":["Scrape","Steam"],"picked":"Conserve Battery","floor":6.0},{"not_picked":["Leap","Fusion"],"picked":"Barrage","floor":8.0},{"not_picked":["Rebound","Leap"],"picked":"Recycle","floor":11.0},{"not_picked":["Stack","Sweeping Beam","Melter"],"picked":"SKIP","floor":12.0},{"not_picked":["Leap","Beam Cell"],"picked":"Fission","floor":14.0},{"not_picked":["Rainbow","Reboot"],"picked":"Electrodynamics","floor":16.0},{"not_picked":["Gash+1","Rebound","Compile Driver"],"picked":"SKIP","floor":18.0},{"not_picked":["Rebound","Streamline","Compile Driver"],"picked":"SKIP","floor":19.0},{"not_picked":["Beam Cell","Leap","Barrage"],"picked":"SKIP","floor":22.0},{"not_picked":["Hyperbeam","Force Field","Turbo"],"picked":"SKIP","floor":24.0},{"not_picked":["Go for the Eyes","Gash+1","Scrape"],"picked":"SKIP","floor":27.0},{"not_picked":["Reinforced Body","Hyperbeam"],"picked":"Creative AI","floor":29.0},{"not_picked":["Buffer","Hyperbeam"],"picked":"Creative AI","floor":33.0},{"not_picked":["Ball Lightning","Sweeping Beam+1","Steam"],"picked":"SKIP","floor":35.0},{"not_picked":["Stack+1","Scrape+1"],"picked":"White Noise","floor":36.0},{"not_picked":["Conserve Battery","Ball Lightning"],"picked":"White Noise","floor":37.0},{"not_picked":["Scrape","Ball Lightning","Darkness"],"picked":"SKIP","floor":38.0},{"not_picked":["Steam Power","Lockon"],"picked":"Biased Cognition","floor":40.0},{"not_picked":["Redo","Beam Cell","Streamline"],"picked":"SKIP","floor":44.0},{"not_picked":["Gash","Chill","Turbo"],"picked":"SKIP","floor":47.0},{"not_picked":["Rebound+1","Buffer","Ball Lightning"],"picked":"SKIP","floor":48.0},{"not_picked":["Turbo","Chaos","Steam Power"],"picked":"SKIP","floor":55}],"player_experience":312027,"relics_obtained":[{"floor":6.0,"key":"Dead Branch"},{"floor":9.0,"key":"Mummified Hand"},{"floor":11.0,"key":"Matryoshka"},{"floor":14.0,"key":"Letter Opener"},{"floor":24.0,"key":"CeramicFish"},{"floor":26.0,"key":"Blood Vial"},{"floor":26.0,"key":"Eternal Feather"},{"floor":27.0,"key":"Bag of Marbles"},{"floor":29.0,"key":"Sundial"},{"floor":37.0,"key":"Pocketwatch"},{"floor":40.0,"key":"Ornamental Fan"},{"floor":43.0,"key":"Regal Pillow"},{"floor":48.0,"key":"DataDisk"},{"floor":55,"key":"Blue Candle"}],"event_choices":[{"damage_healed":0.0,"max_hp_gain":0.0,"max_hp_loss":0.0,"gold_gain":0.0,"event_name":"Match and Keep!","player_choice":"1 cards matched","floor":2.0,"gold_loss":0.0,"damage_taken":0.0,"cards_obtained":["Cold Snap"]},{"damage_healed":0.0,"max_hp_gain":0.0,"max_hp_loss":32.0,"gold_gain":0.0,"event_name":"Ghosts","player_choice":"Became a Ghost","floor":21.0,"gold_loss":0.0,"damage_taken":0.0,"cards_obtained":["Ghostly","Ghostly","Ghostly"]},{"damage_healed":0.0,"max_hp_gain":0.0,"max_hp_loss":0.0,"gold_gain":0.0,"event_name":"Vampires","player_choice":"Ignored","floor":30.0,"gold_loss":0.0,"damage_taken":0.0},{"damage_healed":0.0,"max_hp_gain":0.0,"max_hp_loss":0.0,"gold_gain":0.0,"event_name":"The Library","player_choice":"Read","floor":31.0,"gold_loss":0.0,"damage_taken":0.0,"cards_obtained":["Double Energy"]},{"damage_healed":0.0,"max_hp_gain":0.0,"max_hp_loss":0.0,"gold_gain":0.0,"event_name":"Mysterious Sphere","player_choice":"Fight","floor":37.0,"gold_loss":0.0,"damage_taken":0.0},{"damage_healed":0.0,"max_hp_gain":0.0,"max_hp_loss":0.0,"gold_gain":0.0,"event_name":"Winding Halls","player_choice":"Embrace Madness","floor":39.0,"gold_loss":0.0,"damage_taken":6.0,"cards_obtained":["Madness","Madness"]},{"damage_healed":0.0,"max_hp_gain":0.0,"max_hp_loss":0.0,"gold_gain":0.0,"event_name":"MindBloom","player_choice":"Upgrade","floor":42.0,"gold_loss":0.0,"damage_taken":0.0,"cards_upgraded":["Chill","Compile Driver","Cold Snap","Cold Snap","Undo","Conserve Battery","Electrodynamics","Reboot","Chill","Storm","Ghostly","Ghostly","Ghostly","Creative AI","Creative AI","White Noise","White Noise","Madness","Madness","Biased Cognition"],"relics_obtained":["Mark of the Bloom"]},{"cards_removed":["Cold Snap"],"damage_healed":0.0,"max_hp_gain":0.0,"max_hp_loss":0.0,"gold_gain":0.0,"event_name":"Falling","player_choice":"Removed Attack","floor":46.0,"gold_loss":0.0,"damage_taken":0.0}],"is_beta":false,"boss_relics":[{"not_picked":["Runic Pyramid","Nuclear Battery"],"picked":"Pandora\u0027s Box"},{"not_picked":["Calling Bell","Snecko Eye"],"picked":"Astrolabe"}],"items_purged_floors":[20,54],"is_endless":false,"potions_floor_spawned":[3,5,11,14,18,27,35,36,47],"killed_by":"The Heart","ascension_level":20}}