{"host":"t0dtoggyaif518ut","time":1610659964,"event":{"mods":["BaseMod","Best Route Mod","Bestiary","Better Altar","Better Match","Better Note","Better Sensory Stone","Better Silent Start","Better Skull","Better Synergies","Better Third Choice","Better Vampires","BetterRewards","Block Reminder","Colored Powertips","Displayed Cursed Tome","Minty Spire (QoL Compilation)","RNG Fix","Random Character Button","StSLib"],"gold_per_floor":[119,137,137,87,97,97,111,111,184,213,223,11,11,23,23,123,123,139,139,42,62,82,112,112,140,165,180,130,130,161,179,179,282,282,300,353,364,162,0,0,10,10,10,24,37,65,45,395,395,395],"floor_reached":51,"language":"ENG","playtime":4320,"items_purged":["Strike_R","Strike_R","Defend_R","Defend_R","Strike_R"],"score":1477,"play_id":"589f4e7f-f834-4eb7-8f6f-a28648f9bde7","local_time":"20210115043244","is_ascension_mode":true,"campfire_choices":[{"data":"Carnage","floor":6.0,"key":"SMITH"},{"data":"Shrug It Off","floor":8.0,"key":"SMITH"},{"data":"Inflame","floor":13.0,"key":"SMITH"},{"data":"Shrug It Off","floor":15.0,"key":"SMITH"},{"data":"Berserk","floor":24,"key":"SMITH"},{"floor":29,"key":"REST"},{"data":"Demon Form","floor":32,"key":"SMITH"},{"data":"True Grit","floor":40,"key":"SMITH"},{"data":"Defend_R","floor":42,"key":"PURGE"},{"data":"Bash","floor":49,"key":"SMITH"}],"circlet_count":0,"master_deck":["AscendersBane","Bash+1","Carnage+1","Shrug It Off+1","Spot Weakness","Shrug It Off+1","Inflame+1","Whirlwind+1","Demon Form+1","Blind+1","Body Slam+1","Whirlwind+1","Berserk+1","True Grit+1","Sword Boomerang+1","Heavy Blade+1","Reaper+1","Disarm+1","Rampage+1","Headbutt+1","Madness","Headbutt+1","Shrug It Off+1"],"relics":["Burning Blood","Membership Card","HornCleat","Red Skull","Molten Egg 2","Smiling Mask","Shuriken","Empty Cage","White Beast Statue","Prayer Wheel","Toy Ornithopter","Meat on the Bone","Black Star","Peace Pipe","Blood Vial","Red Mask","Blue Candle","TungstenRod","War Paint","Old Coin"],"acts_visited":["Exordium","TheCity","TheBeyond"],"potions_floor_usage":[18,25,27,31,33,33,36,36,44,46,46,50],"damage_taken":[{"damage":0.0,"enemies":"Small Slimes","floor":1.0,"turns":3.0},{"damage":0.0,"enemies":"2 Louse","floor":2.0,"turns":3.0},{"damage":7.0,"enemies":"Jaw Worm","floor":5.0,"turns":3.0},{"damage":4.0,"enemies":"2 Fungi Beasts","floor":7.0,"turns":3.0},{"damage":10.0,"enemies":"3 Sentries","floor":10.0,"turns":4.0},{"damage":11.0,"enemies":"3 Louse","floor":11.0,"turns":4.0},{"damage":9.0,"enemies":"Red Slaver","floor":14.0,"turns":4.0},{"damage":43.0,"enemies":"Hexaghost","floor":16.0,"turns":7.0},{"damage":11,"enemies":"2 Thieves","floor":18,"turns":5},{"damage":3,"enemies":"Spheric Guardian","floor":21,"turns":7},{"damage":6,"enemies":"Shelled Parasite and Fungi","floor":22,"turns":5},{"damage":5,"enemies":"Gremlin Leader","floor":23,"turns":6},{"damage":37,"enemies":"Book of Stabbing","floor":25,"turns":6},{"damage":18,"enemies":"Snake Plant","floor":27,"turns":4},{"damage":0,"enemies":"Gremlin Leader","floor":30,"turns":4},{"damage":20,"enemies":"Snecko","floor":31,"turns":5},{"damage":54,"enemies":"Automaton","floor":33,"turns":8},{"damage":8,"enemies":"Orb Walker","floor":35,"turns":3},{"damage":60,"enemies":"2 Orb Walkers","floor":36,"turns":5},{"damage":0,"enemies":"3 Shapes","floor":37,"turns":4},{"damage":68,"enemies":"Writhing Mass","floor":41,"turns":5},{"damage":45,"enemies":"Jaw Worm Horde","floor":44,"turns":5},{"damage":22,"enemies":"4 Shapes","floor":45,"turns":5},{"damage":22,"enemies":"Reptomancer","floor":46,"turns":5},{"damage":0,"enemies":"Mind Bloom Boss Battle","floor":48,"turns":4},{"damage":20,"enemies":"Time Eater","floor":50,"turns":10}],"seed_played":"-3709549483497556506","potions_obtained":[{"floor":5.0,"key":"Explosive Potion"},{"floor":7.0,"key":"Regen Potion"},{"floor":11.0,"key":"ElixirPotion"},{"floor":16.0,"key":"EssenceOfSteel"},{"floor":18,"key":"GamblersBrew"},{"floor":21,"key":"ColorlessPotion"},{"floor":25,"key":"LiquidBronze"},{"floor":27,"key":"BlessingOfTheForge"},{"floor":31,"key":"EssenceOfSteel"},{"floor":33,"key":"DuplicationPotion"},{"floor":35,"key":"DuplicationPotion"},{"floor":36,"key":"ColorlessPotion"},{"floor":37,"key":"GamblersBrew"},{"floor":41,"key":"Fire Potion"},{"floor":44,"key":"FearPotion"},{"floor":45,"key":"Swift Potion"},{"floor":46,"key":"AttackPotion"},{"floor":47,"key":"PowerPotion"},{"floor":48,"key":"Weak Potion"}],"is_trial":false,"path_per_floor":["M","M","?","?","M","R","M","R","T","E","M","$","R","M","R","B",null,"M","?","$","M","M","E","R","E","T","M","?","R","E","M","R","B",null,"M","?","M","$","?","R","M","R","T","M","M","E","?","?","R","B",null],"character_chosen":"IRONCLAD","items_purchased":["Membership Card","HornCleat","Red Skull","Carnage","Inflame","Shuriken","Blind","Blood Vial","Madness","Headbutt+1"],"campfire_rested":1,"item_purchase_floors":[0,0,0,0,12,12,20,38,38,38],"current_hp_per_floor":[78,80,85,85,84,84,85,85,85,81,76,76,76,73,73,51,77,72,72,72,75,75,76,76,45,45,38,38,63,69,60,60,34,72,70,54,75,75,75,75,44,44,44,24,48,56,56,64,64,69],"gold":395,"neow_bonus":"","is_daily":false,"chose_seed":false,"campfire_upgraded":8,"win_rate":0.0,"timestamp":1610659964,"path_taken":["M","M","?","?","M","R","M","R","T","E","M","$","R","M","R","BOSS","M","?","$","?","M","E","R","E","T","M","?","R","E","M","R","BOSS","M","?","?","$","?","R","M","R","T","?","M","E","?","?","R","BOSS"],"items_purchased_type":["Relic","Relic","Relic","Card","Card","Relic","Card","Relic","Card","Card"],"build_version":"2020-12-22","purchased_purges":5,"victory":true,"max_hp_per_floor":[80,80,85,85,85,85,85,85,85,85,85,85,85,85,85,85,85,85,85,85,85,85,85,85,85,85,85,85,85,85,85,85,85,85,85,85,85,85,85,85,85,85,85,85,85,85,85,85,85,85],"card_choices":[{"not_picked":["Wild Strike","Clash","Perfected Strike"],"picked":"SKIP","floor":1.0},{"not_picked":["Heavy Blade","Thunderclap"],"picked":"Shrug It Off","floor":2.0},{"not_picked":["Entrench","Second Wind","Thunderclap"],"picked":"SKIP","floor":5.0},{"not_picked":["Body Slam","Entrench"],"picked":"Spot Weakness","floor":7.0},{"not_picked":["Evolve","Sever Soul+1"],"picked":"Shrug It Off","floor":10.0},{"not_picked":["Heavy Blade+1","Feel No Pain","Infernal Blade"],"picked":"SKIP","floor":11.0},{"not_picked":["Feed+1","Wild Strike+1"],"picked":"Whirlwind+1","floor":14.0},{"not_picked":["Juggernaut","Brutality"],"picked":"Demon Form","floor":16.0},{"not_picked":["True Grit","Havoc","Infernal Blade"],"picked":"SKIP","floor":18},{"not_picked":["True Grit","Rage"],"picked":"Body Slam+1","floor":21},{"not_picked":["Thunderclap+1","Warcry"],"picked":"Whirlwind+1","floor":22},{"not_picked":["Iron Wave+1","Demon Form"],"picked":"Berserk","floor":23},{"not_picked":["Flex","True Grit","Infernal Blade"],"picked":"SKIP","floor":25},{"not_picked":["Flex","Infernal Blade"],"picked":"True Grit","floor":25},{"not_picked":["Shockwave","Perfected Strike+1"],"picked":"Sword Boomerang+1","floor":27},{"not_picked":["Searing Blow+1","Clothesline+1"],"picked":"Heavy Blade+1","floor":27},{"not_picked":["Whirlwind+1","Battle Trance+1","Offering"],"picked":"SKIP","floor":30},{"not_picked":["Combust+1","Armaments+1","Dropkick+1"],"picked":"SKIP","floor":31},{"not_picked":["Flex","Clothesline+1","Iron Wave+1"],"picked":"SKIP","floor":31},{"not_picked":["Immolate+1","Double Tap"],"picked":"Reaper+1","floor":33},{"not_picked":["Perfected Strike+1","Anger+1"],"picked":"Disarm+1","floor":35},{"not_picked":["Pommel Strike+1","Inflame+1","Havoc+1"],"picked":"SKIP","floor":35},{"not_picked":["Havoc","Cleave+1"],"picked":"Rampage+1","floor":37},{"not_picked":["Twin Strike+1","Clash+1"],"picked":"Headbutt+1","floor":37},{"not_picked":["Blood for Blood+1","Entrench+1","Dropkick+1"],"picked":"SKIP","floor":41},{"not_picked":["Warcry","Whirlwind+1","Anger+1"],"picked":"SKIP","floor":41},{"not_picked":["Twin Strike+1","Immolate+1","Sword Boomerang+1"],"picked":"SKIP","floor":44},{"not_picked":["Warcry","Searing Blow+1","Anger+1"],"picked":"SKIP","floor":44},{"not_picked":["Cleave+1","Armaments","Dark Embrace+1"],"picked":"SKIP","floor":45},{"not_picked":["Hemokinesis+1","Heavy Blade+1","True Grit+1"],"picked":"SKIP","floor":45},{"not_picked":["Thunderclap+1","True Grit+1"],"picked":"Shrug It Off","floor":46}],"player_experience":267846,"relics_obtained":[{"floor":9.0,"key":"Molten Egg 2"},{"floor":10.0,"key":"Smiling Mask"},{"floor":23,"key":"White Beast Statue"},{"floor":25,"key":"Prayer Wheel"},{"floor":26,"key":"Toy Ornithopter"},{"floor":30,"key":"Meat on the Bone"},{"floor":36,"key":"Peace Pipe"},{"floor":43,"key":"Blue Candle"},{"floor":46,"key":"TungstenRod"},{"floor":46,"key":"War Paint"},{"floor":48,"key":"Old Coin"}],"event_choices":[{"damage_healed":0.0,"max_hp_gain":5.0,"max_hp_loss":0.0,"gold_gain":0.0,"event_name":"Big Fish","player_choice":"Donut","floor":3.0,"gold_loss":0.0,"damage_taken":0.0},{"cards_removed":["Defend_R"],"damage_healed":0.0,"max_hp_gain":0.0,"max_hp_loss":0.0,"gold_gain":0.0,"event_name":"The Cleric","player_choice":"Card Removal","floor":4.0,"gold_loss":50.0,"damage_taken":0.0},{"cards_removed":["Defend_R"],"damage_healed":0,"gold_gain":0,"player_choice":"Give","damage_taken":0,"max_hp_gain":0,"max_hp_loss":0,"event_name":"betterNote:BetterNote","floor":19,"gold_loss":0,"cards_obtained":["Strike_R"]},{"damage_healed":0,"gold_gain":0,"player_choice":"Bet on Murderer","damage_taken":0,"max_hp_gain":0,"max_hp_loss":0,"event_name":"The Joust","floor":28,"gold_loss":50},{"damage_healed":0,"gold_gain":0,"player_choice":"Fight","damage_taken":0,"max_hp_gain":0,"max_hp_loss":0,"event_name":"Mysterious Sphere","floor":36,"gold_loss":0},{"damage_healed":0,"gold_gain":0,"player_choice":"Paid","damage_taken":0,"relics_obtained":["Red Mask"],"max_hp_gain":0,"max_hp_loss":0,"event_name":"Tomb of Lord Red Mask","floor":39,"gold_loss":162},{"damage_healed":0,"gold_gain":0,"player_choice":"Bought 1 Potion","damage_taken":0,"max_hp_gain":0,"max_hp_loss":0,"event_name":"The Woman in Blue","floor":47,"gold_loss":0},{"damage_healed":0,"gold_gain":0,"player_choice":"Fight","damage_taken":0,"max_hp_gain":0,"max_hp_loss":0,"event_name":"MindBloom","floor":48,"gold_loss":0}],"is_beta":false,"boss_relics":[{"not_picked":["Ectoplasm","Snecko Eye"],"picked":"Empty Cage"},{"not_picked":["Coffee Dripper","Pandora\u0027s Box"],"picked":"Black Star"}],"items_purged_floors":[0,0,12,20,38],"is_endless":false,"potions_floor_spawned":[5,7,11,14,16,18,21,23,25,27,30,31,33,35,36,37,41,44,45,46,48],"ascension_level":11}}