{"host":"51fyd6gkml7xavq8","time":1610625535,"event":{"mods":["BaseMod","BetterRewards","Colored Map","Energized Spire","Infinite Spire","Minty Spire (QoL Compilation)","Replay The Spire","Shop Mod","Spicy Shops","StSLib","The Blue Laboratory","[IsaacMod]????"],"gold_per_floor":[118,43,43,63,238,238,253,281,281,281,295,4,30,46,46,151,151,164,164,180,121,141,169,169,179,179,179,179],"floor_reached":27,"language":"ENG","playtime":1413,"items_purged":["Dualcast","ReplayTheSpireMod:Doomed"],"score":381,"play_id":"398b4f98-97d3-4665-91c8-64593d95c004","local_time":"20210114085855","is_ascension_mode":true,"campfire_choices":[{"data":"Zap","floor":6,"key":"SMITH"},{"data":"Lockon","floor":10,"key":"SMITH"},{"data":"Buffer","floor":15,"key":"SMITH"},{"floor":24,"key":"REST"}],"circlet_count":0,"master_deck":["Strike_B+2","Strike_B+1","Strike_B+1","Strike_B+1","Defend_B+1","Defend_B+1","Defend_B+2","Defend_B+1","Zap+1","Doubt","Lockon+1","Buffer+1","Echo Form","Ball Lightning+1"],"relics":["Ring of the Snake","HushsDoor","PokeGo","infinitespire:Cubic Diamond","D6","Replay:Ringing Soul","DataDisk","TheBean","Blue Candle","Busted Crown","ReplayTheSpireMod:CursedCoin","MerchantsRug","Ancient Tea Set","Simple Rune"],"acts_visited":["Exordium","TheCity"],"potions_floor_usage":[8,16,16],"damage_taken":[{"damage":7,"enemies":"Jaw Worm","floor":1,"turns":3},{"damage":7,"enemies":"2 Louse","floor":4,"turns":7},{"damage":0,"enemies":"Small Slimes","floor":7,"turns":3},{"damage":0,"enemies":"3 Sentries","floor":8,"turns":1},{"damage":8,"enemies":"Red Slaver","floor":11,"turns":3},{"damage":0,"enemies":"Gremlin Nob","floor":13,"turns":2},{"damage":6,"enemies":"3 Louse","floor":14,"turns":2},{"damage":39,"enemies":"Fading Forest","floor":16,"turns":11},{"damage":39,"enemies":"2 Thieves","floor":18,"turns":4},{"damage":1,"enemies":"Spheric Guardian","floor":20,"turns":4},{"damage":5,"enemies":"Cultist and Chosen","floor":22,"turns":4},{"damage":18,"enemies":"Book of Stabbing","floor":23,"turns":6},{"damage":10,"enemies":"3 Cultists","floor":25,"turns":5},{"damage":27,"enemies":"Colosseum Slavers","floor":27,"turns":1}],"seed_played":"2160002697467861541","potions_obtained":[{"floor":7,"key":"DistilledChaos"},{"floor":13,"key":"LiquidMemories"},{"floor":14,"key":"blueLaboratory:RelayPotion"},{"floor":16,"key":"blueLaboratory:BottledHope"},{"floor":20,"key":"SpeedPotion"},{"floor":23,"key":"FearPotion"}],"is_trial":false,"path_per_floor":["M","$","?","M","?","R","M","E","T","R","M","$","E","M","R","B",null,"M","?","M","$","M","E","R","M","T","?"],"character_chosen":"DEFECT","items_purchased":["DataDisk","TheBean","ReplayTheSpireMod:CursedCoin","MerchantsRug"],"campfire_rested":1,"item_purchase_floors":[12,12,21,21],"current_hp_per_floor":[61,61,61,54,54,54,54,54,54,54,46,46,49,43,43,29,68,32,32,31,34,29,11,37,27,27,0,0],"gold":179,"neow_bonus":"","is_daily":false,"chose_seed":false,"campfire_upgraded":3,"win_rate":0.0,"timestamp":1610625535,"path_taken":["M","$","?","M","?","R","?","E","T","R","M","?","E","M","R","BOSS","M","?","M","$","M","E","R","M","T","?"],"items_purchased_type":["Relic","Relic","Relic","Relic"],"build_version":"2020-12-22","purchased_purges":2,"victory":false,"max_hp_per_floor":[75,75,75,75,75,75,75,75,75,75,75,75,78,78,78,81,81,84,84,84,87,87,87,87,87,87,87,87],"card_choices":[{"not_picked":[],"picked":"Bomb","floor":0},{"not_picked":["ReplayGash","Recycle","Stack"],"picked":"SKIP","floor":1},{"not_picked":["Panic Button","Stack","Turbo"],"picked":"SKIP","floor":4},{"not_picked":["Streamline","Leap"],"picked":"Bomb","floor":7},{"not_picked":["Pulse","Tempest"],"picked":"Lockon","floor":8},{"not_picked":["Hologram","Compile Driver","Redo"],"picked":"SKIP","floor":11},{"not_picked":["Barrage","Gash"],"picked":"Buffer","floor":13},{"not_picked":["Barrage","Sweeping Beam","Streamline"],"picked":"SKIP","floor":14},{"not_picked":["Core Surge","Biased Cognition"],"picked":"Echo Form","floor":16},{"not_picked":[],"picked":"Ball Lightning+1","floor":18},{"not_picked":["Gash"],"picked":"SKIP","floor":20},{"not_picked":["ReplaySort"],"picked":"SKIP","floor":22},{"not_picked":["ReplaySort"],"picked":"SKIP","floor":23},{"not_picked":["Steam"],"picked":"SKIP","floor":25}],"player_experience":520479,"relics_obtained":[{"floor":8,"key":"D6"},{"floor":9,"key":"Replay:Ringing Soul"},{"floor":13,"key":"Blue Candle"},{"floor":23,"key":"Ancient Tea Set"},{"floor":26,"key":"Simple Rune"}],"event_choices":[{"damage_healed":0,"gold_gain":175,"player_choice":"AGREE","damage_taken":0,"max_hp_gain":0,"max_hp_loss":0,"event_name":"Liars Game","floor":5,"gold_loss":0,"cards_obtained":["Doubt"]},{"damage_healed":0,"gold_gain":0,"player_choice":"Simplicity","damage_taken":0,"max_hp_gain":0,"max_hp_loss":0,"event_name":"Back to Basics","floor":19,"gold_loss":0,"cards_upgraded":["Strike_B","Strike_B","Strike_B","Strike_B","Defend_B","Defend_B","Defend_B","Defend_B"]},{"damage_healed":0,"gold_gain":0,"player_choice":"Fight","damage_taken":0,"max_hp_gain":0,"max_hp_loss":0,"event_name":"Colosseum","floor":27,"gold_loss":0}],"is_beta":false,"boss_relics":[{"not_picked":["Replay:Bronze Core","energizedSpire:HugeHouse"],"picked":"Busted Crown"},{"not_picked":[]}],"items_purged_floors":[2,21],"is_endless":false,"potions_floor_spawned":[7,13,14,16,20,23],"killed_by":"Colosseum Slavers","ascension_level":6}}