{"host":"wls4juz2eplm44ig","time":1610583448,"event":{"mods":["AchievementEnabler","Act Like it!","AlwaysNeverKeys","Aspiration","BaseMod","Better Match","BetterRewards","Colored Map","Dark Map","Downfall","Elementarium","Evolution","GifTheSpireLib","Hubris","Infinite Spire","Marked Mod","Menagerie","Mimic Mod","Minty Spire (QoL Compilation)","Replay The Spire","Retaliation","Shade Mod","Shop Mod","Spikes Relics","StSLib","Stuff the Spire","Uncapped","vexMod","??????REMEMod"],"gold_per_floor":[113,44,44,44,44,44,44,64,89,123,135,7,23,52,52,155,155,168,179,179,194,194,194],"floor_reached":22,"language":"ENG","playtime":1855,"items_purged":[],"score":309,"play_id":"163f57e0-d2eb-4a31-bc68-3ea23ef974ef","local_time":"20210113171728","is_ascension_mode":true,"campfire_choices":[{"data":"Menagerie:BeastSpirit","floor":6,"key":"SMITH"},{"floor":15,"key":"REST"}],"circlet_count":0,"master_deck":["Strike_G","Strike_G","Strike_G","Strike_G","Strike_G+1","Defend_G","Defend_G","Defend_G","Defend_G","Defend_G","Survivor","Neutralize","After Image+1","hubris:SlightOfHand","Slice","StuffTheSpire:Python","Menagerie:BeastSpirit+1","Pain","Flying Knee","Concentrate","Crippling Poison","Backstab","StuffTheSpire:Injection","Deflect","REME_ShadowStrike","Poisoned Stab","Envenom+1","PiercingWail+1","PiercingWail+1","Tactician"],"relics":["Ring of the Snake","EVO:Axolotl","REME_ComplimentaryCards","aspiration:Nostalgia","Replay:M_StaffOfTheSnake","Menagerie:MalignantTentacle","WarpedTongs","StuffTheSpire:OldFever","Quantum Egg","Frozen Egg 2","Busted Crown","MutagenicStrength"],"acts_visited":["Exordium","TheCity"],"potions_floor_usage":[14,16,19],"damage_taken":[{"damage":11,"enemies":"Menagerie:MonstrousExperiment","floor":1,"turns":5},{"damage":0,"enemies":"Menagerie:StygianBoar","floor":8,"turns":3},{"damage":26,"enemies":"Menagerie:VoidReaper","floor":10,"turns":5},{"damage":4,"enemies":"Menagerie:2_RABBITS","floor":11,"turns":4},{"damage":10,"enemies":"Menagerie:BEAST_MAGE_AND_PROWLING_AMALGAM","floor":13,"turns":5},{"damage":1,"enemies":"Menagerie:Hydra","floor":14,"turns":4},{"damage":27,"enemies":"Menagerie:Suneater","floor":16,"turns":7},{"damage":5,"enemies":"Shell Parasite","floor":18,"turns":5},{"damage":4,"enemies":"3 Byrds","floor":19,"turns":4},{"damage":34,"enemies":"Snecko","floor":21,"turns":5},{"damage":14,"enemies":"Sentry and Sphere","floor":22,"turns":2}],"seed_played":"1936455979646040963","potions_obtained":[{"floor":1,"key":"Dexterity Potion"},{"floor":10,"key":"Poison Potion"},{"floor":18,"key":"LiquidMemories"},{"floor":21,"key":"DDmod:CleansePotion"}],"is_trial":false,"path_per_floor":["M","$","?","?","?","R","$","M","T","E","M","$","M","E","R","B",null,"M","M","?","M","M"],"character_chosen":"THE_SILENT","items_purchased":["Slice","StuffTheSpire:Python","Backstab","StuffTheSpire:Injection","Deflect"],"campfire_rested":1,"item_purchase_floors":[2,2,12,12,12],"current_hp_per_floor":[52,52,52,52,52,52,52,52,52,26,22,22,12,11,31,4,51,46,42,42,8,0,0],"gold":194,"neow_bonus":"NOSTALGIA","is_daily":false,"chose_seed":false,"campfire_upgraded":1,"win_rate":0.0,"timestamp":1610583448,"path_taken":["M","$","?","?","?","R","?","M","T","E","?","$","M","E","R","BOSS","M","M","?","M","M"],"items_purchased_type":["Card","Card","Card","Card","Card"],"build_version":"2020-12-22","purchased_purges":0,"victory":false,"max_hp_per_floor":[70,70,70,67,67,67,67,67,67,67,67,67,67,67,67,67,67,67,67,67,67,67,67],"card_choices":[{"not_picked":["ThirdEye","Dodge and Roll"],"picked":"hubris:SlightOfHand","floor":1},{"not_picked":["ThirdEye","Heel Hook"],"picked":"Flying Knee","floor":8},{"not_picked":["Sanctity","Quick Slash"],"picked":"Concentrate","floor":10},{"not_picked":["Crescendo","Blade Dance"],"picked":"Crippling Poison","floor":11},{"not_picked":["StuffTheSpire:Shiver","StuffTheSpire:Sprint"],"picked":"REME_ShadowStrike","floor":13},{"not_picked":["Toxin Wave","Deadly Poison"],"picked":"Poisoned Stab","floor":14},{"not_picked":["Glass Knife","Adrenaline"],"picked":"Envenom+1","floor":16},{"not_picked":[],"picked":"PiercingWail+1","floor":18},{"not_picked":[],"picked":"PiercingWail+1","floor":19},{"not_picked":[],"picked":"Tactician","floor":21}],"player_experience":648217,"relics_obtained":[{"floor":9,"key":"StuffTheSpire:OldFever"},{"floor":10,"key":"Quantum Egg"},{"floor":14,"key":"Frozen Egg 2"}],"event_choices":[{"damage_healed":0,"gold_gain":0,"player_choice":"Enter","damage_taken":0,"relics_obtained":["Menagerie:MalignantTentacle"],"max_hp_gain":0,"max_hp_loss":0,"event_name":"Menagerie:CorruptingLight","floor":3,"gold_loss":0,"cards_upgraded":["Strike_G","After Image"]},{"damage_healed":0,"gold_gain":0,"player_choice":"Knelt","damage_taken":0,"max_hp_gain":0,"max_hp_loss":3,"event_name":"Menagerie:BeastSpiritShrine","floor":4,"gold_loss":0,"cards_obtained":["Menagerie:BeastSpirit"]},{"damage_healed":0,"gold_gain":0,"player_choice":"Rummage","damage_taken":0,"relics_obtained":["WarpedTongs"],"max_hp_gain":0,"max_hp_loss":0,"event_name":"Accursed Blacksmith","floor":5,"gold_loss":0,"cards_obtained":["Pain"]},{"damage_healed":0,"gold_gain":0,"player_choice":"Inject Mutagens","damage_taken":0,"relics_obtained":["MutagenicStrength"],"max_hp_gain":0,"max_hp_loss":0,"event_name":"Drug Dealer","floor":20,"gold_loss":0}],"is_beta":false,"boss_relics":[{"not_picked":["REME_DemonsWealth","StuffTheSpire:Kangaroo"],"picked":"Busted Crown"}],"items_purged_floors":[],"is_endless":false,"potions_floor_spawned":[1,10,18,21],"killed_by":"Sentry and Sphere","ascension_level":9}}