{"host":"p9t7qd83igtcp2bh","time":1610611568,"event":{"mods":["2.2 Compatiblity","AchievementEnabler","BaseMod","Colored Map","Colored Powertips","Custom Start","DeckTracker","Keyboard Shortcuts","Minty Spire (QoL Compilation)","Permanent Neow","StSLib","SuperFastMode","everything is the same but u backflip on backflip"],"gold_per_floor":[109,124,144,158,158,158,192,192,239,239,253,266,266,276,276,353,353,371,371,381,392,116,116,116,116,116,135,149,162,175,185,185,185,185],"floor_reached":33,"language":"KOR","playtime":848,"items_purged":[],"score":497,"play_id":"5c8b7817-3c21-43f9-82a5-8f18fbe0e3a2","local_time":"20210114170608","is_ascension_mode":true,"campfire_choices":[{"data":"Streamline","floor":6.0,"key":"SMITH"},{"data":"Zap","floor":8.0,"key":"SMITH"},{"data":"Beam Cell","floor":10.0,"key":"SMITH"},{"data":"Static Discharge","floor":15.0,"key":"SMITH"},{"floor":23.0,"key":"REST"},{"data":"Electrodynamics","floor":25.0,"key":"SMITH"},{"floor":32.0,"key":"REST"}],"circlet_count":0,"master_deck":["AscendersBane","Strike_B","Strike_B","Strike_B","Strike_B","Defend_B","Defend_B","Defend_B","Defend_B","Zap+1","Dualcast","Static Discharge+1","Beam Cell+1","Streamline+1","BootSequence+1","Seek+1","Gash","Electrodynamics+1","Leap+1","Cold Snap","Chill+1","Recycle+1","Reinforced Body+1","Leap+1","Glacier+1","Fusion+1","Hologram+1"],"relics":["Cracked Core","DataDisk","Toxic Egg 2","Bag of Preparation","Nuclear Battery","Runic Capacitor","Bottled Tornado"],"acts_visited":["Exordium","TheCity"],"potions_floor_usage":[33],"damage_taken":[{"damage":2.0,"enemies":"Jaw Worm","floor":1.0,"turns":3.0},{"damage":3.0,"enemies":"2 Louse","floor":2.0,"turns":3.0},{"damage":1.0,"enemies":"Cultist","floor":3.0,"turns":3.0},{"damage":6.0,"enemies":"Large Slime","floor":4.0,"turns":5.0},{"damage":30.0,"enemies":"3 Sentries","floor":7.0,"turns":6.0},{"damage":0.0,"enemies":"Blue Slaver","floor":11.0,"turns":1.0},{"damage":0.0,"enemies":"Exordium Thugs","floor":12.0,"turns":3.0},{"damage":0.0,"enemies":"Exordium Wildlife","floor":14.0,"turns":2.0},{"damage":14.0,"enemies":"Hexaghost","floor":16.0,"turns":7.0},{"damage":8.0,"enemies":"Shell Parasite","floor":18.0,"turns":2.0},{"damage":16.0,"enemies":"2 Thieves","floor":20.0,"turns":3.0},{"damage":21.0,"enemies":"Cultist and Chosen","floor":21.0,"turns":4.0},{"damage":0.0,"enemies":"Centurion and Healer","floor":27.0,"turns":5.0},{"damage":4.0,"enemies":"Sentry and Sphere","floor":28.0,"turns":5.0},{"damage":0.0,"enemies":"Snake Plant","floor":29.0,"turns":4.0},{"damage":6.0,"enemies":"Chosen and Byrds","floor":30.0,"turns":3.0},{"damage":8.0,"enemies":"Centurion and Healer","floor":31.0,"turns":6.0},{"damage":35,"enemies":"Collector","floor":33,"turns":8}],"seed_played":"2290732905330754461","potions_obtained":[{"floor":1.0,"key":"Dexterity Potion"},{"floor":2.0,"key":"LiquidBronze"},{"floor":11.0,"key":"FearPotion"},{"floor":16.0,"key":"EssenceOfDarkness"},{"floor":20.0,"key":"DistilledChaos"},{"floor":28.0,"key":"SpeedPotion"}],"is_trial":false,"path_per_floor":["M","M","M","M","?","R","E","R","T","R","M","M","?","M","R","B",null,"M","?","M","M","$","R","?","R","T","M","M","M","M","M","R","B"],"character_chosen":"DEFECT","items_purchased":["Runic Capacitor","Recycle+1","Reinforced Body+1"],"campfire_rested":2,"item_purchase_floors":[22,22,22],"current_hp_per_floor":[62,59,58,52,52,52,22,22,22,22,22,22,22,22,22,8,55,47,47,31,10,10,31,31,31,31,31,27,27,21,13,34,0,0],"gold":185,"neow_bonus":"RANDOM_COMMON_RELIC","is_daily":false,"chose_seed":false,"campfire_upgraded":5,"win_rate":0.0,"timestamp":1610611568,"path_taken":["M","M","M","M","?","R","E","R","T","R","M","M","?","M","R","BOSS","M","?","M","M","$","R","?","R","T","M","M","M","?","M","R","BOSS"],"items_purchased_type":["Relic","Card","Card"],"build_version":"2020-12-22","purchased_purges":0,"victory":false,"max_hp_per_floor":[71,71,71,71,71,71,71,71,71,71,71,71,71,71,71,71,71,71,71,71,71,71,71,71,71,71,71,71,71,71,71,71,71,71],"card_choices":[{"not_picked":["Undo","Hello World"],"picked":"Static Discharge","floor":1.0},{"not_picked":["Hologram","Double Energy"],"picked":"Beam Cell","floor":2.0},{"not_picked":["Genetic Algorithm","Gash"],"picked":"Streamline","floor":3.0},{"not_picked":["Compile Driver","Stack","Steam"],"picked":"SKIP","floor":4.0},{"not_picked":["Barrage","Genetic Algorithm+1"],"picked":"BootSequence+1","floor":7.0},{"not_picked":["Rebound","Cold Snap"],"picked":"Seek+1","floor":11.0},{"not_picked":["Undo+1","Reprogram+1"],"picked":"Gash","floor":12.0},{"not_picked":["Streamline","Aggregate+1","Barrage"],"picked":"SKIP","floor":14.0},{"not_picked":["Amplify+1","Meteor Strike"],"picked":"Electrodynamics","floor":16.0},{"not_picked":["Reprogram+1","Redo+1"],"picked":"Leap+1","floor":18.0},{"not_picked":["Beam Cell","Go for the Eyes"],"picked":"Cold Snap","floor":20.0},{"not_picked":["Rebound+1","Cold Snap"],"picked":"Chill+1","floor":21.0},{"not_picked":["Streamline","Gash","Beam Cell"],"picked":"SKIP","floor":27.0},{"not_picked":["Gash","Meteor Strike"],"picked":"Glacier+1","floor":28.0},{"not_picked":["Sweeping Beam","Double Energy+1"],"picked":"Fusion+1","floor":29.0},{"not_picked":["Doom and Gloom","Steam+1","Glacier+1"],"picked":"SKIP","floor":30.0},{"not_picked":["Turbo+1","Streamline"],"picked":"Hologram+1","floor":31.0}],"player_experience":639842,"relics_obtained":[{"floor":7.0,"key":"Toxic Egg 2"},{"floor":9.0,"key":"Bag of Preparation"},{"floor":26.0,"key":"Bottled Tornado"}],"event_choices":[{"damage_healed":0.0,"max_hp_gain":0.0,"max_hp_loss":0.0,"gold_gain":0.0,"event_name":"Liars Game","player_choice":"Ignored","floor":5.0,"gold_loss":0.0,"damage_taken":0.0},{"damage_healed":0.0,"max_hp_gain":0.0,"max_hp_loss":0.0,"gold_gain":0.0,"event_name":"Dead Adventurer","player_choice":"Searched \u00270\u0027 times","floor":13.0,"gold_loss":0.0,"damage_taken":0.0},{"damage_healed":0.0,"max_hp_gain":0.0,"max_hp_loss":0.0,"gold_gain":0.0,"event_name":"The Mausoleum","player_choice":"Ignored","floor":19.0,"gold_loss":0.0,"damage_taken":0.0},{"damage_healed":0.0,"max_hp_gain":0.0,"max_hp_loss":0.0,"gold_gain":0.0,"event_name":"Duplicator","player_choice":"Copied","floor":24.0,"gold_loss":0.0,"damage_taken":0.0,"cards_obtained":["Leap"]}],"is_beta":false,"boss_relics":[{"not_picked":["FrozenCore","Fusion Hammer"],"picked":"Nuclear Battery"}],"items_purged_floors":[],"is_endless":false,"potions_floor_spawned":[1,2,11,12,16,20,28],"killed_by":"Collector","ascension_level":19}}