{"host":"eu5wvbbtjeiar27l","time":1610638994,"event":{"mods":["Astrologer","BaseMod","Colored Powertips","Conspire","Energized Spire","Hubris","Infinite Spire","Mad Scientist","Melee Mod","Minty Spire (QoL Compilation)","Potionbrewer","Rare Cards Sparkle","StSLib","The Construct","The Factory","The Jungle","The Runesmith","The Valiant","Treasure Hunter","themimic","vexMod"],"gold_per_floor":[118,130,150,181,256,256,256],"floor_reached":6,"language":"ENG","playtime":471,"items_purged":[],"score":36,"play_id":"1a745c7e-b2de-4a32-acfa-c14fdeb466a0","local_time":"20210114154314","is_ascension_mode":false,"campfire_choices":[],"circlet_count":0,"master_deck":["construct:Strike_Gold","construct:Strike_Gold","construct:Strike_Gold","construct:Strike_Gold","construct:Strike_Gold","construct:Defend_Gold","construct:Defend_Gold","construct:Defend_Gold","construct:Defend_Gold","construct:Defend_Gold","construct:AttackMode","construct:DefenseMode+1","construct:ReactiveShield","construct:Analyze","construct:ElectricArmor"],"relics":["construct:Cogwheel","conspire:BottledYoYo"],"acts_visited":["Exordium"],"potions_floor_usage":[],"damage_taken":[{"damage":6,"enemies":"2 Louse","floor":1,"turns":3},{"damage":0,"enemies":"Cultist","floor":2,"turns":5},{"damage":0,"enemies":"Jaw Worm","floor":3,"turns":7},{"damage":20,"enemies":"conspire:MimicChest","floor":4,"turns":8},{"damage":51,"enemies":"3 Sentries","floor":6,"turns":11}],"seed_played":"8264277208030480127","potions_obtained":[],"is_trial":false,"path_per_floor":["M","M","M","?","?","E"],"character_chosen":"THE_CONSTRUCT_MOD","items_purchased":[],"campfire_rested":0,"item_purchase_floors":[],"current_hp_per_floor":[79,79,79,59,51,0,0],"gold":256,"neow_bonus":"UPGRADE_CARD","is_daily":false,"chose_seed":false,"campfire_upgraded":0,"win_rate":0.0,"timestamp":1610638994,"path_taken":["M","M","M","?","?","E"],"items_purchased_type":[],"build_version":"2020-12-22","purchased_purges":0,"victory":false,"max_hp_per_floor":[85,85,85,85,85,85,85],"card_choices":[{"not_picked":["construct:VentSteam","construct:Electrocute"],"picked":"construct:ReactiveShield","floor":1},{"not_picked":["construct:SyphonStrike","construct:FocusedBeam"],"picked":"construct:Analyze","floor":2},{"not_picked":["construct:ScrapCannon","construct:FierceBash"],"picked":"construct:ElectricArmor","floor":3}],"player_experience":171140,"relics_obtained":[{"floor":4,"key":"conspire:BottledYoYo"}],"event_choices":[{"damage_healed":0,"gold_gain":75,"player_choice":"Touch","damage_taken":8,"max_hp_gain":0,"max_hp_loss":0,"event_name":"FaceTrader","floor":5,"gold_loss":0}],"is_beta":false,"boss_relics":[],"items_purged_floors":[],"is_endless":false,"potions_floor_spawned":[],"killed_by":"3 Sentries","ascension_level":0}}