{"host":"w8hjdfrntrrvtiu5","time":1610610976,"event":{"mods":["AchievementEnabler","BaseMod","BetterRewards","Conspire","Hubris","Marisa????????","Minty Spire (QoL Compilation)","Shop Mod","StSLib","Td1madao Mod","The Animator","egg","everything is the same but u backflip on backflip"],"gold_per_floor":[117,17,92,112,112,140,156,182,236,6,6,6,21,39,39,115,115,127,139,139,139,169,169,181,206,206,206,206,169,202,202,202,380,380,392,392,392,105,105,132,132,142,142,142,167,178,103,103,103,103],"floor_reached":51,"language":"ENG","playtime":2219,"items_purged":["Strike_B"],"score":1280,"play_id":"66c1a435-c6d0-4727-a126-b07c02f2a496","local_time":"20210114025616","is_ascension_mode":true,"campfire_choices":[{"data":"Ghostly","floor":12,"key":"SMITH"},{"data":"Glacier","floor":15,"key":"SMITH"},{"floor":23,"key":"REST"},{"floor":28,"key":"REST"},{"data":"Buffer","floor":32,"key":"SMITH"},{"data":"Seek","floor":41,"key":"SMITH"},{"data":"Barrage","floor":49,"key":"SMITH"}],"circlet_count":0,"master_deck":["AscendersBane","Strike_B","Strike_B","Defend_B","Defend_B","Zap","Dualcast","Rip and Tear","Ghostly+1","Static Discharge","Steam","Self Repair","Cold Snap","Compile Driver","Glacier+1","Leap","hubris:PowerSurge","Gash","Buffer+1","Capacitor+1","Glacier+1","Cold Snap","Ball Lightning","White Noise","Barrage","Barrage+1","Consume+1","Chill","Electrodynamics","True Grit","Biased Cognition","Force Field+1","Coolheaded","Dramatic Entrance","Master of Strategy","Trip","Seek+1","Ball Lightning"],"relics":["Cracked Core","NeowsBlessing","Prayer Wheel","Happy Flower","hubris:SlimyHat","Oddly Smooth Stone","Chemical X","Astrolabe","hubris:Icosahedron","Enchiridion","Red Mask","Torii","hubris:Potato","Nunchaku","Snecko Eye","OrangePellets","White Beast Statue","Bag of Marbles","Molten Egg 2","Turnip"],"acts_visited":["Exordium","TheCity","TheBeyond"],"potions_floor_usage":[8,16,29,30,50],"damage_taken":[{"damage":0,"enemies":"2 Louse","floor":1,"turns":1},{"damage":0,"enemies":"Jaw Worm","floor":4,"turns":1},{"damage":0,"enemies":"Lagavulin","floor":6,"turns":1},{"damage":3,"enemies":"Small Slimes","floor":7,"turns":3},{"damage":26,"enemies":"3 Sentries","floor":8,"turns":7},{"damage":12,"enemies":"Blue Slaver","floor":13,"turns":3},{"damage":0,"enemies":"Looter","floor":14,"turns":4},{"damage":43,"enemies":"Hexaghost","floor":16,"turns":15},{"damage":25,"enemies":"3 Byrds","floor":18,"turns":4},{"damage":0,"enemies":"Shell Parasite","floor":19,"turns":8},{"damage":3,"enemies":"Masked Bandits","floor":22,"turns":6},{"damage":1,"enemies":"Snecko","floor":24,"turns":7},{"damage":26,"enemies":"Book of Stabbing","floor":25,"turns":6},{"damage":0,"enemies":"Colosseum Slavers","floor":27,"turns":8},{"damage":8,"enemies":"Snake Plant","floor":29,"turns":5},{"damage":18,"enemies":"Slavers","floor":30,"turns":8},{"damage":28,"enemies":"Automaton","floor":33,"turns":18},{"damage":16,"enemies":"3 Shapes","floor":35,"turns":3},{"damage":1,"enemies":"Nemesis","floor":40,"turns":9},{"damage":0,"enemies":"Orb Walker","floor":42,"turns":4},{"damage":0,"enemies":"Mind Bloom Boss Battle","floor":45,"turns":5},{"damage":0,"enemies":"Maw","floor":46,"turns":6},{"damage":12,"enemies":"Awakened One","floor":50,"turns":16}],"seed_played":"2803492981213742666","potions_obtained":[{"floor":1,"key":"Regen Potion"},{"floor":4,"key":"BlessingOfTheForge"},{"floor":13,"key":"SteroidPotion"},{"floor":22,"key":"DistilledChaos"},{"floor":29,"key":"Swift Potion"},{"floor":35,"key":"SkillPotion"},{"floor":45,"key":"PowerPotion"}],"is_trial":false,"path_per_floor":["M","?","?","M","T","E","M","E","T","$","?","R","M","M","R","B",null,"M","M","?","?","?","R","M","E","T","?","R","M","E","?","R","B",null,"M","?","?","$","?","E","R","M","T","T","?","M","$","?","R","B",null],"character_chosen":"DEFECT","items_purchased":["Glacier","Chemical X","OrangePellets","Coolheaded","Dramatic Entrance"],"campfire_rested":2,"item_purchase_floors":[10,10,38,38,38],"current_hp_per_floor":[64,64,53,53,53,53,50,31,31,31,31,31,26,33,33,12,56,38,45,45,29,33,54,60,34,34,41,62,61,43,43,43,22,59,43,43,43,43,38,44,44,44,44,44,44,51,51,51,51,46],"gold":103,"neow_bonus":"THREE_ENEMY_KILL","is_daily":false,"chose_seed":false,"campfire_upgraded":5,"win_rate":0.0,"timestamp":1610610976,"path_taken":["M","?","?","M","?","E","M","E","T","$","?","R","M","M","R","BOSS","M","M","?","?","?","R","M","E","T","?","R","M","E","?","R","BOSS","M","?","?","$","?","E","R","M","T","?","?","?","$","?","R","BOSS"],"items_purchased_type":["Card","Relic","Relic","Card","Card"],"build_version":"2020-12-22","purchased_purges":1,"victory":true,"max_hp_per_floor":[71,71,71,71,71,71,71,71,71,71,71,71,71,71,71,71,71,71,71,71,71,71,71,71,71,71,71,71,71,71,71,71,71,71,71,71,67,67,67,67,67,67,67,67,67,67,67,67,67,67],"card_choices":[{"not_picked":["Cold Snap","Streamline"],"picked":"Rip and Tear","floor":1},{"not_picked":["Hologram","Steam Power"],"picked":"Static Discharge","floor":4},{"not_picked":["Storm","Stack"],"picked":"Steam","floor":6},{"not_picked":["Hologram","Recycle"],"picked":"Self Repair","floor":7},{"not_picked":["Turbo","Beam Cell"],"picked":"Cold Snap","floor":7},{"not_picked":["Rebound","Redo"],"picked":"Compile Driver","floor":8},{"not_picked":["Darkness","Sweeping Beam"],"picked":"Leap","floor":13},{"not_picked":["Streamline","Hologram"],"picked":"hubris:PowerSurge","floor":13},{"not_picked":["Force Field","Sweeping Beam"],"picked":"Gash","floor":14},{"not_picked":["Chaos","Steam","Reprogram"],"picked":"SKIP","floor":14},{"not_picked":["Reboot","Thunder Strike"],"picked":"Buffer","floor":16},{"not_picked":["Storm","Force Field","Rip and Tear"],"picked":"SKIP","floor":18},{"not_picked":["conspire:SharedLibrary","Leap","Cold Snap"],"picked":"SKIP","floor":18},{"not_picked":["conspire:SharedLibrary","Leap"],"picked":"Cold Snap","floor":18},{"not_picked":["Storm","Force Field","Rip and Tear"],"picked":"SKIP","floor":18},{"not_picked":["Go for the Eyes","Force Field"],"picked":"Ball Lightning","floor":19},{"not_picked":["Ball Lightning","hubris:Ukulele","Beam Cell"],"picked":"SKIP","floor":19},{"not_picked":["Cold Snap","Turbo"],"picked":"White Noise","floor":22},{"not_picked":["Streamline","Cold Snap"],"picked":"Barrage","floor":24},{"not_picked":["Hologram","Go for the Eyes","Steam"],"picked":"SKIP","floor":24},{"not_picked":["Conserve Battery","Stack"],"picked":"Barrage","floor":25},{"not_picked":["conspire:Rain","Turbo"],"picked":"Consume","floor":29},{"not_picked":["Stack","Hologram"],"picked":"Chill","floor":29},{"not_picked":["Barrage","Go for the Eyes"],"picked":"Electrodynamics","floor":30},{"not_picked":["Machine Learning","Fission"],"picked":"Biased Cognition","floor":33},{"not_picked":["Auto Shields+1","Streamline+1"],"picked":"Force Field+1","floor":35},{"not_picked":["Melter+1","Hello World","Barrage"],"picked":"SKIP","floor":35},{"not_picked":["Violence","Dark Shackles"],"picked":"Master of Strategy","floor":39},{"not_picked":["Magnetism","Blind"],"picked":"Trip","floor":39},{"not_picked":["Hologram","Doom and Gloom+1"],"picked":"Seek","floor":40},{"not_picked":["Stack+1","Aggregate"],"picked":"Ball Lightning","floor":42},{"not_picked":["Blizzard","Sweeping Beam","Force Field"],"picked":"SKIP","floor":42},{"not_picked":["Redo","hubris:Ukulele+1","Rip and Tear+1"],"picked":"SKIP","floor":46},{"not_picked":["Conserve Battery+1","FTL+1","Barrage+1"],"picked":"SKIP","floor":46}],"player_experience":2397473,"relics_obtained":[{"floor":5,"key":"Prayer Wheel"},{"floor":6,"key":"Happy Flower"},{"floor":8,"key":"hubris:SlimyHat"},{"floor":9,"key":"Oddly Smooth Stone"},{"floor":21,"key":"Enchiridion"},{"floor":22,"key":"Red Mask"},{"floor":25,"key":"Torii"},{"floor":26,"key":"hubris:Potato"},{"floor":30,"key":"Nunchaku"},{"floor":40,"key":"White Beast Statue"},{"floor":43,"key":"Bag of Marbles"},{"floor":44,"key":"Molten Egg 2"},{"floor":45,"key":"Turnip"}],"event_choices":[{"damage_healed":0,"gold_gain":0,"player_choice":"Argue","damage_taken":0,"max_hp_gain":0,"max_hp_loss":0,"event_name":"conspire:LoneGhost","floor":2,"gold_loss":0},{"damage_healed":0,"gold_gain":75,"player_choice":"Gather Gold","damage_taken":11,"max_hp_gain":0,"max_hp_loss":0,"event_name":"World of Goop","floor":3,"gold_loss":0},{"damage_healed":0,"gold_gain":0,"player_choice":"Leave","damage_taken":0,"max_hp_gain":0,"max_hp_loss":0,"event_name":"conspire:Investor","floor":11,"gold_loss":0},{"damage_healed":0,"gold_gain":0,"player_choice":"Obtained Book","damage_taken":16,"max_hp_gain":0,"max_hp_loss":0,"event_name":"Cursed Tome","floor":21,"gold_loss":0},{"damage_healed":0,"gold_gain":0,"player_choice":"Fought Bandits","damage_taken":0,"max_hp_gain":0,"max_hp_loss":0,"event_name":"Masked Bandits","floor":22,"gold_loss":0},{"damage_healed":0,"gold_gain":0,"player_choice":"Fight","damage_taken":0,"max_hp_gain":0,"max_hp_loss":0,"event_name":"Colosseum","floor":27,"gold_loss":0},{"damage_healed":0,"gold_gain":0,"player_choice":"Fled From Nobs","damage_taken":0,"max_hp_gain":0,"max_hp_loss":0,"event_name":"Colosseum","floor":27,"gold_loss":0},{"damage_healed":0,"gold_gain":0,"player_choice":"Read","damage_taken":0,"max_hp_gain":0,"max_hp_loss":0,"event_name":"The Library","floor":31,"gold_loss":0,"cards_obtained":["True Grit"]},{"cards_removed":["Barrage"],"damage_healed":0,"gold_gain":0,"player_choice":"Removed Attack","damage_taken":0,"max_hp_gain":0,"max_hp_loss":0,"event_name":"Falling","floor":36,"gold_loss":0},{"damage_healed":0,"gold_gain":0,"player_choice":"Max HP","damage_taken":0,"max_hp_gain":0,"max_hp_loss":4,"event_name":"Winding Halls","floor":37,"gold_loss":0},{"damage_healed":0,"gold_gain":0,"player_choice":"Memory 2","damage_taken":5,"max_hp_gain":0,"max_hp_loss":0,"event_name":"SensoryStone","floor":39,"gold_loss":0},{"damage_healed":0,"gold_gain":0,"player_choice":"Fight","damage_taken":0,"max_hp_gain":0,"max_hp_loss":0,"event_name":"MindBloom","floor":45,"gold_loss":0}],"is_beta":false,"boss_relics":[{"not_picked":["hubris:ScarierMask","conspire:SeveredTorchhead"],"picked":"Astrolabe"},{"not_picked":["conspire:SpecialSausage","hubris:VirtuousBlindfold"],"picked":"Snecko Eye"}],"items_purged_floors":[47],"is_endless":false,"potions_floor_spawned":[1,4,13,22,25,27,29,35,42,45,46],"ascension_level":14}}