{"host":"s94qw0zkfz86dnmr","time":1610619718,"event":{"mods":["AchievementEnabler","BaseMod","Highlight Path","Minty Spire (QoL Compilation)"],"gold_per_floor":[113,113,113,35,54,83,83,115,115,128,160,175,189,43,43,146,146,164,164,164],"floor_reached":19,"language":"POL","playtime":1021,"items_purged":["Strike_B"],"score":276,"play_id":"d3f15abf-05a8-4d29-929a-309711f4c088","local_time":"20210114112158","is_ascension_mode":true,"campfire_choices":[{"data":"Capacitor","floor":7.0,"key":"SMITH"},{"data":"Loop","floor":15.0,"key":"SMITH"}],"circlet_count":0,"master_deck":["Strike_B","Strike_B","Strike_B","Defend_B","Defend_B","Defend_B","Defend_B","Zap","Dualcast","Ball Lightning","Capacitor+1","Self Repair","Thunder Strike","Echo Form","Capacitor","Loop+1","Echo Form","Auto Shields"],"relics":["Cracked Core","NeowsBlessing","White Beast Statue","MealTicket","TungstenRod","Gremlin Horn","Art of War","Nuclear Battery"],"acts_visited":["Exordium","TheCity"],"potions_floor_usage":[19],"damage_taken":[{"damage":0.0,"enemies":"Jaw Worm","floor":1.0,"turns":1.0},{"damage":0.0,"enemies":"2 Louse","floor":5.0,"turns":1.0},{"damage":0.0,"enemies":"Lagavulin","floor":6.0,"turns":1.0},{"damage":35.0,"enemies":"3 Sentries","floor":8.0,"turns":6.0},{"damage":0.0,"enemies":"Cultist","floor":10.0,"turns":3.0},{"damage":30.0,"enemies":"Gremlin Nob","floor":11.0,"turns":4.0},{"damage":9.0,"enemies":"2 Fungi Beasts","floor":12.0,"turns":3.0},{"damage":27.0,"enemies":"Large Slime","floor":13.0,"turns":6.0},{"damage":24.0,"enemies":"Hexaghost","floor":16.0,"turns":7.0},{"damage":22.0,"enemies":"Spheric Guardian","floor":18.0,"turns":4.0},{"damage":67,"enemies":"Masked Bandits","floor":19,"turns":3}],"seed_played":"3683265115507062206","potions_obtained":[{"floor":5.0,"key":"Regen Potion"},{"floor":6.0,"key":"BlessingOfTheForge"},{"floor":8.0,"key":"SmokeBomb"},{"floor":10.0,"key":"SpeedPotion"},{"floor":11.0,"key":"Regen Potion"},{"floor":12.0,"key":"PowerPotion"},{"floor":13.0,"key":"LiquidBronze"},{"floor":16.0,"key":"SpeedPotion"},{"floor":18.0,"key":"Ancient Potion"}],"is_trial":false,"path_per_floor":["M","?","?","$","M","E","R","E","T","M","E","M","M","$","R","B",null,"M","?"],"character_chosen":"DEFECT","items_purchased":["Capacitor","Loop"],"campfire_rested":0,"item_purchase_floors":[4,14],"current_hp_per_floor":[68,68,68,68,68,68,68,40,40,47,36,41,28,43,43,26,63,55,0,0],"gold":164,"neow_bonus":"THREE_ENEMY_KILL","is_daily":false,"chose_seed":false,"campfire_upgraded":2,"win_rate":0.0,"timestamp":1610619718,"path_taken":["M","?","?","$","M","E","R","E","T","M","E","M","?","$","R","BOSS","M","?"],"items_purchased_type":["Card","Card"],"build_version":"2020-12-22","purchased_purges":1,"victory":false,"max_hp_per_floor":[75,75,75,75,75,75,75,75,75,75,75,75,75,75,75,75,75,75,75,75],"card_choices":[{"not_picked":["Sweeping Beam","Rebound"],"picked":"Ball Lightning","floor":1.0},{"not_picked":["BootSequence","Recycle"],"picked":"Self Repair","floor":5.0},{"not_picked":["Barrage","Blizzard"],"picked":"Thunder Strike","floor":6.0},{"not_picked":["Go for the Eyes","Hologram","Beam Cell"],"picked":"SKIP","floor":8.0},{"not_picked":["Steam","Compile Driver","Recycle"],"picked":"SKIP","floor":10.0},{"not_picked":["Sweeping Beam","Blizzard"],"picked":"Echo Form","floor":11.0},{"not_picked":["White Noise","Scrape"],"picked":"Capacitor","floor":12.0},{"not_picked":["Tempest","BootSequence","Genetic Algorithm"],"picked":"SKIP","floor":13.0},{"not_picked":["Amplify","All For One"],"picked":"Echo Form","floor":16.0},{"not_picked":["Sunder","Genetic Algorithm"],"picked":"Auto Shields","floor":18.0}],"player_experience":270828,"relics_obtained":[{"floor":6.0,"key":"MealTicket"},{"floor":8.0,"key":"TungstenRod"},{"floor":9.0,"key":"Gremlin Horn"},{"floor":11.0,"key":"Art of War"}],"event_choices":[{"damage_healed":0.0,"max_hp_gain":0.0,"max_hp_loss":0.0,"gold_gain":0.0,"event_name":"Big Fish","player_choice":"Box","floor":2.0,"gold_loss":0.0,"damage_taken":0.0,"relics_obtained":["White Beast Statue"],"cards_obtained":["Regret"]},{"cards_removed":["Regret"],"damage_healed":0.0,"max_hp_gain":0.0,"max_hp_loss":0.0,"gold_gain":0.0,"event_name":"Fountain of Cleansing","player_choice":"Removed Curses","floor":3.0,"gold_loss":0.0,"damage_taken":0.0},{"damage_healed":0,"gold_gain":0,"player_choice":"Fought Bandits","damage_taken":0,"max_hp_gain":0,"max_hp_loss":0,"event_name":"Masked Bandits","floor":19,"gold_loss":0}],"is_beta":false,"boss_relics":[{"not_picked":["Tiny House","Velvet Choker"],"picked":"Nuclear Battery"}],"items_purged_floors":[14],"is_endless":false,"potions_floor_spawned":[5,6,8,10,11,12,13,16,18],"killed_by":"Masked Bandits","ascension_level":6}}