{"host":"RampantMystic","time":1610658998,"event":{"mods":["Act Like it!","BaseMod","Bestiary","Better Match","Better Third Choice","Better Vampires","Block Reminder","ChefMod","Conjunction","Dota2Spire","Evolution","GifTheSpireLib","Infinite Spire","Menagerie","Minty Spire (QoL Compilation)","Potionbrewer","QueenMod","Rare Cards Sparkle","Relic Stats","Replay The Spire","Spicy Shops","Spikes Relics","StSLib","Stuff the Spire","Swap Starting Deck Mod","The Blue Laboratory","The Cursed","The Jungle","The Mystic","The Necromancer","The Runesmith","TheVacant","Thieving Mod","Wandering Minibosses","slay the spire mod where everything is the same but ironclad has a cowboy hat","vexMod"],"gold_per_floor":[110,110,110,128,5,5,38,38,38,79,79,100,124,49,49,179,179,343,361,361,361,361,361,402,402,427,427,451,451,302,325,325,455,455,474,474,474,499,518,518,558,743,789,789,808,106,106,122,122,122],"floor_reached":51,"language":"ENG","playtime":2341,"items_purged":["Pride"],"score":887,"play_id":"e3bdcb4b-3a70-46cc-b36c-402e27dc540a","local_time":"20210114231638","is_ascension_mode":true,"campfire_choices":[{"data":"StuffTheSpire:Incineration","floor":6,"key":"SMITH"},{"data":"Whirlwind","floor":11,"key":"SMITH"},{"data":"Shockwave","floor":15,"key":"SMITH"},{"data":"Double Tap","floor":23,"key":"SMITH"},{"data":"Strike_R","floor":25,"key":"SMITH"},{"data":"Strike_R","floor":27,"key":"SMITH"},{"data":"Strike_R","floor":29,"key":"SMITH"},{"data":"Pommel Strike","floor":32,"key":"SMITH"},{"floor":40,"key":"REST"},{"floor":47,"key":"REST"},{"floor":49,"key":"REST"}],"circlet_count":0,"master_deck":["Strike_R+1","Strike_R+1","Strike_R+1","Strike_R","Strike_R","Defend_R","Defend_R","Defend_R","Defend_R+1","Bash","StuffTheSpire:Incineration+1","Shockwave+1","Whirlwind+1","Shrug It Off","Double Tap+1","Battle Trance+1","Pommel Strike+1","Thunderclap+1","StuffTheSpire:BrainWave","ReplayTheSpireMod:Muscle Training+1"],"relics":["Burning Blood","EVO:Axolotl","NeowsBlessing","Golden Idol","ReplayTheSpireMod:TigerMarble","Dota2Spire:Mjollnir","Dota2Spire:OrchidMalevolence","Kunai","StrikeDummy","StuffTheSpire:RunicConfusion","MutagenicStrength","Self Forming Clay","Blood Vial","War Paint","Ooze Armor","potionbrewer:BottledElixir","Toy Ornithopter","Chemical X","Pet Ghost","Meat on the Bone","Art of War"],"acts_visited":["Exordium","TheCity","TheBeyond"],"potions_floor_usage":[10,16,18,41,42,48,50,50],"damage_taken":[{"damage":0,"enemies":"Cultist","floor":1,"turns":1},{"damage":0,"enemies":"Jaw Worm","floor":4,"turns":1},{"damage":0,"enemies":"Lagavulin","floor":7,"turns":1},{"damage":27,"enemies":"3 Sentries","floor":10,"turns":4},{"damage":0,"enemies":"Small Slimes","floor":12,"turns":2},{"damage":0,"enemies":"Looter","floor":13,"turns":1},{"damage":23,"enemies":"Hexaghost","floor":16,"turns":7},{"damage":1,"enemies":"Chosen","floor":18,"turns":6},{"damage":0,"enemies":"3 Byrds","floor":19,"turns":4},{"damage":12,"enemies":"Gremlin Leader","floor":24,"turns":4},{"damage":6,"enemies":"Centurion and Healer","floor":28,"turns":3},{"damage":0,"enemies":"Snake Plant","floor":31,"turns":2},{"damage":26,"enemies":"Automaton","floor":33,"turns":8},{"damage":0,"enemies":"3 Darklings","floor":35,"turns":1},{"damage":0,"enemies":"3 Shapes","floor":38,"turns":2},{"damage":37,"enemies":"Writhing Mass","floor":39,"turns":4},{"damage":31,"enemies":"Reptomancer","floor":41,"turns":3},{"damage":4,"enemies":"Jaw Worm Horde","floor":42,"turns":5},{"damage":12,"enemies":"Spire Growth","floor":45,"turns":3},{"damage":19,"enemies":"Maw","floor":48,"turns":5},{"damage":63,"enemies":"infinitespire:MassOfShapes","floor":50,"turns":8}],"seed_played":"-5857614992886586865","potions_obtained":[{"floor":1,"key":"AttackPotion"},{"floor":7,"key":"FearPotion"},{"floor":10,"key":"blueLaboratory:BottleOfRum"},{"floor":16,"key":"blueLaboratory:ArtificerPotion"},{"floor":18,"key":"Dota2Spire:Clarity"},{"floor":33,"key":"blueLaboratory:BubblePotion"},{"floor":39,"key":"SkillPotion"},{"floor":41,"key":"Flashbang"},{"floor":42,"key":"blueLaboratory:BottleOfRum"},{"floor":45,"key":"Dexterity Potion"}],"is_trial":false,"path_per_floor":["M","?","T","M","$","R","E","$","T","E","R","M","M","$","R","B",null,"M","M","$","?","?","R","E","R","T","R","M","R","$","M","R","B",null,"M","?","?","M","M","R","E","M","T","?","M","$","R","M","R","B",null],"character_chosen":"IRONCLAD","items_purchased":["Dota2Spire:Mjollnir","War Paint","Chemical X","Pet Ghost","Meat on the Bone","Art of War"],"campfire_rested":3,"item_purchase_floors":[5,30,46,46,46,46],"current_hp_per_floor":[80,60,60,66,66,66,72,72,72,51,51,57,63,63,63,46,80,80,80,60,60,60,60,54,54,54,54,56,56,56,71,71,53,80,80,72,72,72,41,62,39,43,43,43,39,39,60,54,72,27],"gold":122,"neow_bonus":"THREE_ENEMY_KILL","is_daily":false,"chose_seed":false,"campfire_upgraded":8,"win_rate":0.0,"timestamp":1610658998,"path_taken":["M","?","?","M","?","R","E","$","T","E","R","?","M","$","R","BOSS","M","M","$","?","?","R","E","R","T","R","M","R","?","?","R","BOSS","M","?","?","M","M","R","E","M","T","?","M","?","R","M","R","BOSS"],"items_purchased_type":["Relic","Relic","Relic","Relic","Relic","Relic"],"build_version":"2020-12-18","purchased_purges":1,"victory":true,"max_hp_per_floor":[80,80,80,80,80,80,80,80,80,80,80,80,80,80,80,80,80,80,80,80,80,80,80,80,80,80,80,80,80,80,80,80,80,80,80,72,72,72,72,72,72,72,72,72,72,72,72,72,72,72],"relic_stats":{"Blood Vial":14,"counters":[21,75],"Golden Idol":166,"Self Forming Clay":[84],"Art of War":[0],"Kunai":[38],"Chemical X":[4],"War Paint":["Defend_R","Battle Trance"],"obtain_stats":[{"NeowsBlessing":0,"Golden Idol":2,"Self Forming Clay":24,"Dota2Spire:OrchidMalevolence":7,"EVO:Axolotl":0,"War Paint":30,"Burning Blood":0,"Pet Ghost":46,"Blood Vial":26,"StuffTheSpire:RunicConfusion":17,"Ooze Armor":34,"MutagenicStrength":22,"Dota2Spire:Mjollnir":5,"ReplayTheSpireMod:TigerMarble":3,"Art of War":46,"Kunai":9,"potionbrewer:BottledElixir":41,"Chemical X":46,"StrikeDummy":10,"Toy Ornithopter":43,"Meat on the Bone":46},{"NeowsBlessing":0,"Golden Idol":1,"Self Forming Clay":10,"Dota2Spire:OrchidMalevolence":3,"EVO:Axolotl":0,"War Paint":11,"Burning Blood":0,"Pet Ghost":19,"Blood Vial":10,"StuffTheSpire:RunicConfusion":7,"Ooze Armor":13,"MutagenicStrength":9,"Dota2Spire:Mjollnir":2,"ReplayTheSpireMod:TigerMarble":1,"Art of War":19,"Kunai":3,"potionbrewer:BottledElixir":17,"Chemical X":19,"StrikeDummy":4,"Toy Ornithopter":18,"Meat on the Bone":19},{"NeowsBlessing":0,"Golden Idol":1,"Self Forming Clay":31,"Dota2Spire:OrchidMalevolence":3,"EVO:Axolotl":0,"War Paint":34,"Burning Blood":0,"Pet Ghost":62,"Blood Vial":31,"StuffTheSpire:RunicConfusion":17,"Ooze Armor":44,"MutagenicStrength":27,"Dota2Spire:Mjollnir":2,"ReplayTheSpireMod:TigerMarble":1,"Art of War":62,"Kunai":3,"potionbrewer:BottledElixir":54,"Chemical X":62,"StrikeDummy":7,"Toy Ornithopter":59,"Meat on the Bone":62}],"Burning Blood":97,"Toy Ornithopter":5,"Meat on the Bone":12},"card_choices":[{"not_picked":["Shockwave","Clash"],"picked":"StuffTheSpire:Incineration","floor":1},{"not_picked":["Power Through","StuffTheSpire:Pyroclast","Pommel Strike"],"picked":"SKIP","floor":4},{"not_picked":["StuffTheSpire:Pyroclast","Iron Wave"],"picked":"Shockwave","floor":7},{"not_picked":["Carnage","Disarm"],"picked":"Whirlwind","floor":10},{"not_picked":["Run Through","True Grit","Heavy Blade"],"picked":"SKIP","floor":12},{"not_picked":["ReplayTheSpireMod:Strike From Hell","Havoc"],"picked":"Shrug It Off","floor":13},{"not_picked":["Bludgeon","Limit Break"],"picked":"Double Tap","floor":16},{"not_picked":["ReplayTheSpireMod:Strike From Hell+1","ReplayTheSpireMod:Muscle Training"],"picked":"Battle Trance","floor":18},{"not_picked":["StuffTheSpire:Resist","Entrench+1","Havoc+1"],"picked":"SKIP","floor":19},{"not_picked":["Clash","Sentinel","Massacre+1"],"picked":"SKIP","floor":24},{"not_picked":["Heavy Blade","Replay:Undeath\u0027s Touch"],"picked":"Pommel Strike","floor":28},{"not_picked":["Metallicize","Cleave"],"picked":"Shrug It Off+1","floor":31},{"not_picked":["Headbutt+1","StuffTheSpire:BloodClot"],"picked":"Thunderclap+1","floor":35},{"not_picked":["Wild Strike","Defy Death+1"],"picked":"ReplayTheSpireMod:Muscle Training+1","floor":38},{"not_picked":["Entrench","Replay:Undeath\u0027s Touch+1","ReplayTheSpireMod:Strike From Hell+1"],"picked":"SKIP","floor":39},{"not_picked":["Body Slam","StuffTheSpire:TitanForm","Run Through"],"picked":"SKIP","floor":41},{"not_picked":["Abandon+1","Run Through","StuffTheSpire:Slingshot+1"],"picked":"SKIP","floor":42},{"not_picked":["Warcry","Shockwave+1","ReplayTheSpireMod:Strike From Hell+1"],"picked":"SKIP","floor":45},{"not_picked":["Warcry","Shockwave+1","ReplayTheSpireMod:Strike From Hell+1"],"picked":"SKIP","floor":45},{"not_picked":["ReplayTheSpireMod:Muscle Training+1","Exhume","True Grit"],"picked":"SKIP","floor":48}],"player_experience":1532307,"relics_obtained":[{"floor":3,"key":"ReplayTheSpireMod:TigerMarble"},{"floor":7,"key":"Dota2Spire:OrchidMalevolence"},{"floor":9,"key":"Kunai"},{"floor":10,"key":"StrikeDummy"},{"floor":24,"key":"Self Forming Clay"},{"floor":26,"key":"Blood Vial"},{"floor":41,"key":"potionbrewer:BottledElixir"},{"floor":43,"key":"Toy Ornithopter"}],"event_choices":[{"damage_healed":0,"gold_gain":0,"player_choice":"Take Damage","damage_taken":20,"relics_obtained":["Golden Idol"],"max_hp_gain":0,"max_hp_loss":0,"event_name":"Golden Idol","floor":2,"gold_loss":0},{"damage_healed":0,"gold_gain":0,"player_choice":"Ignored","damage_taken":0,"max_hp_gain":0,"max_hp_loss":0,"event_name":"Vampires","floor":21,"gold_loss":0},{"damage_healed":0,"gold_gain":0,"player_choice":"Inject Mutagens","damage_taken":0,"relics_obtained":["MutagenicStrength"],"max_hp_gain":0,"max_hp_loss":0,"event_name":"Drug Dealer","floor":22,"gold_loss":0},{"cards_removed":["Shrug It Off"],"damage_healed":0,"gold_gain":0,"player_choice":"Removed Skill","damage_taken":0,"max_hp_gain":0,"max_hp_loss":0,"event_name":"Falling","floor":37,"gold_loss":0}],"is_beta":true,"boss_relics":[{"not_picked":["StuffTheSpire:Kangaroo","Dota2Spire:Bloodstone"],"picked":"StuffTheSpire:RunicConfusion"},{"not_picked":["Replay:Bronze Core","HailfireSword"],"picked":"Ooze Armor"}],"items_purged_floors":[14],"is_endless":false,"potions_floor_spawned":[1,7,10,16,18,33,39,41,42,45],"ascension_level":1}}