{"host":"sc0o2qwpf9j16a4i","time":1610668717,"event":{"mods":["AchievementEnabler","BaseMod","BetterRewards","Block Reminder","Colored Map","Colored Powertips","Custom Start","Highlight Path","Minty Spire (QoL Compilation)","Relic Stats"],"gold_per_floor":[111,111,130,141,151,151,177,187,187,187,215,21,31,43,43,118,118,132,132,142,15,32,32,67,87,111,111,111,26,54,4,4,83,83,96,96,96,116,165,165,46,71,71,71,104,21,0,26,26,26,26,26,26,26,61,61,61],"floor_reached":56,"language":"ENG","playtime":2157,"items_purged":["Strike_R","Strike_R","Defend_R"],"score":2837,"play_id":"54c6b17a-a919-4189-bbbe-91b7bd196a5f","local_time":"20210115015837","is_ascension_mode":true,"campfire_choices":[{"data":"1","floor":6.0,"key":"LIFT"},{"data":"2","floor":10.0,"key":"LIFT"},{"data":"3","floor":15.0,"key":"LIFT"},{"data":"True Grit","floor":23.0,"key":"SMITH"},{"data":"Feel No Pain","floor":28.0,"key":"SMITH"},{"floor":32.0,"key":"REST"},{"floor":40.0,"key":"RECALL"},{"floor":44.0,"key":"REST"},{"floor":49.0,"key":"REST"},{"data":"Disarm","floor":53,"key":"SMITH"}],"circlet_count":0,"master_deck":["AscendersBane","Defend_R","Defend_R","Bash+1","Spot Weakness","Whirlwind","Shockwave","Shrug It Off","Pommel Strike","Burning Pact","Sword Boomerang","Evolve","True Grit+1","Hemokinesis","Burning Pact","Limit Break","Metallicize","Feel No Pain+1","Impervious","Body Slam","Blood for Blood","Sever Soul+1","Infernal Blade","Disarm+1","Dark Embrace","RitualDagger","Exhume","Feed","Body Slam+1","Shrug It Off","Dual Wield","Clothesline","Impervious","Demon Form","Shrug It Off","Pommel Strike+1"],"relics":["Burning Blood","Lee\u0027s Waffle","Bag of Preparation","Girya","Sling","Lantern","Ginger","Membership Card","Ice Cream","The Courier","Meat on the Bone","Smiling Mask","Bronze Scales","Tiny Chest","Snecko Eye","Bird Faced Urn","Shuriken","Art of War","Pear","Red Skull","Empty Cage","Turnip","Whetstone","Anchor","Bottled Flame","Dream Catcher","Red Mask","Unceasing Top","Happy Flower"],"acts_visited":["Exordium","TheCity","TheBeyond","TheEnding"],"potions_floor_usage":[51,51,56],"damage_taken":[{"damage":4.0,"enemies":"Jaw Worm","floor":1.0,"turns":3.0},{"damage":0.0,"enemies":"2 Louse","floor":3.0,"turns":3.0},{"damage":4.0,"enemies":"Small Slimes","floor":4.0,"turns":5.0},{"damage":5.0,"enemies":"3 Louse","floor":5.0,"turns":2.0},{"damage":0.0,"enemies":"3 Sentries","floor":7.0,"turns":2.0},{"damage":10.0,"enemies":"2 Fungi Beasts","floor":8.0,"turns":4.0},{"damage":2.0,"enemies":"Lagavulin","floor":11.0,"turns":4.0},{"damage":8.0,"enemies":"Lots of Slimes","floor":13.0,"turns":2.0},{"damage":11.0,"enemies":"Large Slime","floor":14.0,"turns":3.0},{"damage":43.0,"enemies":"Hexaghost","floor":16.0,"turns":10.0},{"damage":24.0,"enemies":"2 Thieves","floor":18.0,"turns":4.0},{"damage":2.0,"enemies":"Spheric Guardian","floor":20.0,"turns":3.0},{"damage":17.0,"enemies":"Centurion and Healer","floor":22.0,"turns":5.0},{"damage":0.0,"enemies":"Gremlin Leader","floor":24.0,"turns":3.0},{"damage":1.0,"enemies":"Sentry and Sphere","floor":25.0,"turns":4.0},{"damage":21.0,"enemies":"Slavers","floor":30.0,"turns":2.0},{"damage":2.0,"enemies":"Automaton","floor":33.0,"turns":6.0},{"damage":2.0,"enemies":"Orb Walker","floor":35.0,"turns":3.0},{"damage":11.0,"enemies":"3 Shapes","floor":38.0,"turns":6.0},{"damage":21.0,"enemies":"2 Orb Walkers","floor":39.0,"turns":4.0},{"damage":55.0,"enemies":"Giant Head","floor":42.0,"turns":8.0},{"damage":49.0,"enemies":"Reptomancer","floor":45.0,"turns":8.0},{"damage":14.0,"enemies":"Giant Head","floor":48.0,"turns":7.0},{"damage":40.0,"enemies":"Donu and Deca","floor":50.0,"turns":8.0},{"damage":63,"enemies":"Awakened One","floor":51,"turns":9},{"damage":14,"enemies":"Shield and Spear","floor":55,"turns":8},{"damage":117,"enemies":"The Heart","floor":56,"turns":8}],"seed_played":"-4128272363331167630","potions_obtained":[{"floor":3.0,"key":"Fire Potion"},{"floor":8.0,"key":"SkillPotion"},{"floor":14.0,"key":"Block Potion"},{"floor":16.0,"key":"Fruit Juice"},{"floor":20.0,"key":"SmokeBomb"},{"floor":24.0,"key":"Explosive Potion"},{"floor":33.0,"key":"Swift Potion"},{"floor":42.0,"key":"Fruit Juice"},{"floor":48.0,"key":"AttackPotion"},{"floor":55,"key":"ColorlessPotion"}],"is_trial":false,"path_per_floor":["M","?","M","M","M","R","E","M","T","R","E","$","M","M","R","B",null,"M","?","M","$","M","R","E","M","T","?","R","?","E","$","R","B",null,"M","T","?","M","?","R","$","E","T","R","E","$","?","E","R","B","B",null,"R","$","E","B"],"character_chosen":"IRONCLAD","items_purchased":["Lee\u0027s Waffle","Bag of Preparation","Spot Weakness","Girya","Sling","Whirlwind","Lantern","Ginger","Shockwave","Membership Card","Ice Cream","Fire Potion","Shrug It Off","Bronze Scales","Limit Break","Tiny Chest","Metallicize","Bird Faced Urn","Whetstone","Impervious","SpeedPotion"],"campfire_rested":3,"item_purchase_floors":[0,0,0,0,0,0,0,0,0,0,0,0,0,12,12,12,12,21,41,46,46],"current_hp_per_floor":[82,87,87,87,87,87,87,83,83,83,87,87,85,80,80,55,79,61,61,65,65,54,54,65,76,76,70,70,80,65,65,95,102,102,105,105,100,100,93,93,93,62,62,93,71,76,76,79,114,86,45,101,101,101,104,0,0],"gold":61,"neow_bonus":"","is_daily":false,"chose_seed":false,"campfire_upgraded":3,"win_rate":0.0,"timestamp":1610668717,"path_taken":["M","?","M","M","M","R","E","M","T","R","E","$","M","M","R","BOSS","M","?","M","$","M","R","E","M","T","?","R","?","E","$","R","BOSS","M","?","?","M","?","R","$","E","T","R","E","$","?","E","R","BOSS","BOSS","R","$","E","BOSS"],"items_purchased_type":["Relic","Relic","Card","Relic","Relic","Card","Relic","Relic","Card","Relic","Relic","Potion","Card","Relic","Card","Relic","Card","Relic","Relic","Card","Potion"],"build_version":"2020-12-22","purchased_purges":3,"victory":false,"max_hp_per_floor":[82,87,87,87,87,87,87,87,87,87,87,87,87,87,87,87,87,87,87,87,87,87,87,92,92,92,92,92,102,102,102,102,102,102,105,105,100,103,106,106,106,106,106,106,109,114,114,117,117,120,120,120,120,120,123,123,123],"relic_stats":{"Lee\u0027s Waffle":62,"Happy Flower":[2],"counters":[51,301],"Bag of Preparation":[54],"Ginger":[12],"Whetstone":["Sever Soul","Bash"],"Smiling Mask":-10,"Burning Blood":130,"Dream Catcher":1,"Shuriken":[23],"Bronze Scales":[402],"Bird Faced Urn":[66],"Snecko Eye":[227,213,223,215],"Tiny Chest":1,"Turnip":[2],"Art of War":[24],"obtain_stats":[{"Ice Cream":0,"Regal Pillow":12,"Lantern":0,"Nilry\u0027s Codex":31,"CeramicFish":26,"Mango":9,"Bag of Preparation":0,"Ginger":0,"Whetstone":41,"Sling":0,"Smiling Mask":11,"Empty Cage":34,"Burning Blood":0,"Blood Vial":28,"Dream Catcher":45,"HornCleat":29,"MealTicket":44,"Tiny Chest":12,"Red Mask":47,"Red Skull":30,"Paper Frog":27,"Girya":0,"Lee\u0027s Waffle":0,"Pear":29,"Happy Flower":55,"Eternal Feather":7,"The Courier":7,"Orichalcum":24,"White Beast Statue":14,"WarpedTongs":5,"Runic Dome":17,"SlaversCollar":34,"Anchor":42,"Bottled Flame":43,"Shuriken":24,"Bronze Scales":12,"Bird Faced Urn":21,"Snecko Eye":17,"Pandora\u0027s Box":0,"Turnip":39,"Art of War":55,"Membership Card":0,"Toy Ornithopter":41,"Unceasing Top":48,"Meat on the Bone":9},{"Ice Cream":24,"Regal Pillow":6,"Lantern":24,"Nilry\u0027s Codex":13,"CeramicFish":12,"Mango":4,"Bag of Preparation":24,"Ginger":24,"Whetstone":44,"Sling":24,"Smiling Mask":31,"Empty Cage":41,"Burning Blood":0,"Blood Vial":13,"Dream Catcher":46,"HornCleat":13,"MealTicket":19,"Tiny Chest":31,"Red Mask":46,"Red Skull":40,"Paper Frog":12,"Girya":24,"Lee\u0027s Waffle":24,"Pear":39,"Happy Flower":50,"Eternal Feather":3,"The Courier":29,"Orichalcum":12,"White Beast Statue":7,"WarpedTongs":2,"Runic Dome":8,"SlaversCollar":14,"Anchor":45,"Bottled Flame":45,"Shuriken":38,"Bronze Scales":31,"Bird Faced Urn":36,"Snecko Eye":34,"Pandora\u0027s Box":0,"Turnip":44,"Art of War":23,"Membership Card":24,"Toy Ornithopter":18,"Unceasing Top":47,"Meat on the Bone":30},{"Ice Cream":167,"Regal Pillow":26,"Lantern":167,"Nilry\u0027s Codex":65,"CeramicFish":59,"Mango":17,"Bag of Preparation":167,"Ginger":167,"Whetstone":245,"Sling":167,"Smiling Mask":190,"Empty Cage":232,"Burning Blood":0,"Blood Vial":65,"Dream Catcher":261,"HornCleat":65,"MealTicket":115,"Tiny Chest":190,"Red Mask":261,"Red Skull":226,"Paper Frog":59,"Girya":167,"Lee\u0027s Waffle":167,"Pear":224,"Happy Flower":293,"Eternal Feather":13,"The Courier":182,"Orichalcum":59,"White Beast Statue":33,"WarpedTongs":7,"Runic Dome":41,"SlaversCollar":74,"Anchor":253,"Bottled Flame":253,"Shuriken":220,"Bronze Scales":190,"Bird Faced Urn":212,"Snecko Eye":205,"Pandora\u0027s Box":0,"Turnip":245,"Art of War":159,"Membership Card":167,"Toy Ornithopter":104,"Unceasing Top":268,"Meat on the Bone":186}],"Unceasing Top":[0],"Meat on the Bone":48},"card_choices":[{"not_picked":["Thunderclap","Wild Strike"],"picked":"Pommel Strike","floor":1.0},{"not_picked":["Shrug It Off","True Grit"],"picked":"Burning Pact","floor":3.0},{"not_picked":["Havoc","Anger"],"picked":"Sword Boomerang","floor":4.0},{"not_picked":["Warcry","Flex"],"picked":"Evolve","floor":5.0},{"not_picked":["Wild Strike","Exhume"],"picked":"True Grit","floor":7.0},{"not_picked":["Pummel","Thunderclap"],"picked":"Hemokinesis","floor":8.0},{"not_picked":["Thunderclap","Havoc"],"picked":"Burning Pact","floor":11.0},{"not_picked":["Warcry","Perfected Strike"],"picked":"Feel No Pain","floor":13.0},{"not_picked":["Iron Wave","True Grit","Cleave"],"picked":"SKIP","floor":14.0},{"not_picked":["Bludgeon","Fiend Fire"],"picked":"Impervious","floor":16.0},{"not_picked":["Headbutt","Thunderclap"],"picked":"Body Slam","floor":18.0},{"not_picked":["Body Slam","Heavy Blade"],"picked":"Infernal Blade","floor":20.0},{"not_picked":["Juggernaut","Havoc+1"],"picked":"Disarm","floor":22.0},{"not_picked":["Warcry+1","Flex+1"],"picked":"Dark Embrace","floor":24.0},{"not_picked":["Perfected Strike+1","Wild Strike","Sword Boomerang"],"picked":"SKIP","floor":25.0},{"not_picked":["Evolve+1","Heavy Blade"],"picked":"Exhume","floor":30.0},{"not_picked":["Limit Break","Double Tap"],"picked":"Feed","floor":33.0},{"not_picked":["Heavy Blade","Cleave"],"picked":"Body Slam+1","floor":35.0},{"not_picked":["Searing Blow","Iron Wave"],"picked":"Shrug It Off","floor":38.0},{"not_picked":["Power Through","Anger"],"picked":"Dual Wield","floor":42.0},{"not_picked":["Hemokinesis+1","True Grit"],"picked":"Clothesline","floor":45.0},{"not_picked":["Battle Trance","Heavy Blade"],"picked":"Demon Form","floor":48.0},{"not_picked":["Warcry","Flex"],"picked":"Shrug It Off","floor":49.0},{"not_picked":["Headbutt","Dropkick"],"picked":"Pommel Strike+1","floor":55}],"player_experience":649108,"relics_obtained":[{"floor":7.0,"key":"The Courier"},{"floor":9.0,"key":"Meat on the Bone"},{"floor":11.0,"key":"Smiling Mask"},{"floor":24.0,"key":"Shuriken"},{"floor":26.0,"key":"Art of War"},{"floor":30.0,"key":"Red Skull"},{"floor":39.0,"key":"Turnip"},{"floor":42.0,"key":"Anchor"},{"floor":43.0,"key":"Bottled Flame"},{"floor":45.0,"key":"Dream Catcher"},{"floor":48.0,"key":"Unceasing Top"},{"floor":55,"key":"Happy Flower"}],"event_choices":[{"damage_healed":0.0,"max_hp_gain":5.0,"max_hp_loss":0.0,"gold_gain":0.0,"event_name":"Big Fish","player_choice":"Donut","floor":2.0,"gold_loss":0.0,"damage_taken":0.0},{"damage_healed":0.0,"max_hp_gain":0.0,"max_hp_loss":0.0,"gold_gain":0.0,"cards_transformed":["Strike_R","Strike_R"],"event_name":"Drug Dealer","player_choice":"Became Test Subject","floor":19.0,"gold_loss":0.0,"damage_taken":0.0,"cards_obtained":["Blood for Blood","Sever Soul"]},{"damage_healed":0.0,"max_hp_gain":0.0,"max_hp_loss":0.0,"gold_gain":0.0,"event_name":"Nest","player_choice":"Joined the Cult","floor":27.0,"gold_loss":0.0,"damage_taken":6.0,"cards_obtained":["RitualDagger"]},{"damage_healed":0.0,"max_hp_gain":0.0,"max_hp_loss":0.0,"gold_gain":0.0,"event_name":"Addict","player_choice":"Obtained Relic","floor":29.0,"gold_loss":85.0,"damage_taken":0.0,"relics_obtained":["Pear"]},{"damage_healed":0.0,"max_hp_gain":0.0,"max_hp_loss":5.0,"gold_gain":0.0,"event_name":"Winding Halls","player_choice":"Max HP","floor":37.0,"gold_loss":0.0,"damage_taken":0.0},{"damage_healed":0.0,"max_hp_gain":0.0,"max_hp_loss":0.0,"gold_gain":0.0,"event_name":"Mysterious Sphere","player_choice":"Fight","floor":39.0,"gold_loss":0.0,"damage_taken":0.0},{"damage_healed":0.0,"max_hp_gain":0.0,"max_hp_loss":0.0,"gold_gain":0.0,"event_name":"Tomb of Lord Red Mask","player_choice":"Paid","floor":47.0,"gold_loss":21.0,"damage_taken":0.0,"relics_obtained":["Red Mask"]}],"is_beta":false,"boss_relics":[{"not_picked":["SlaversCollar","Black Blood"],"picked":"Snecko Eye"},{"not_picked":["Coffee Dripper","Pandora\u0027s Box"],"picked":"Empty Cage"}],"items_purged_floors":[0,31,41],"is_endless":false,"potions_floor_spawned":[3,5,8,14,16,20,24,33,42,48,55],"killed_by":"The Heart","ascension_level":20}}