{"host":"x52zk6e1f2bye2h7","time":1610655668,"event":{"mods":["AchievementEnabler","BaseMod","Highlight Path","Minty Spire (QoL Compilation)","everything is the same but u backflip on backflip"],"gold_per_floor":[114,114,39,51,51,51,83,96,96,108,136,136,147,158,158,253,253,268,193,206,218,72,98,98,112,112,112,112,123,123,143,143,248,248,261,361,361,361],"floor_reached":37,"language":"ENG","playtime":1997,"items_purged":["Strike_R","Wild Strike"],"score":441,"play_id":"8419d29c-2e80-445e-a2a6-3d77fee1d65e","local_time":"20210114202108","is_ascension_mode":true,"campfire_choices":[{"data":"Bash","floor":6,"key":"SMITH"},{"data":"Armaments","floor":12,"key":"SMITH"},{"floor":15,"key":"RECALL"},{"data":"Armaments","floor":24,"key":"SMITH"},{"floor":28,"key":"REST"},{"floor":30,"key":"REST"},{"data":"Dual Wield","floor":32,"key":"SMITH"}],"circlet_count":0,"master_deck":["Bash+1","Body Slam","Armaments+1","Twin Strike","Twin Strike","Cleave","Disarm","Cleave","Dual Wield+1","Reckless Charge","Rage","Offering","Armaments+1","Iron Wave","Evolve","Clash+1","Berserk","Flame Barrier+1"],"relics":["Burning Blood","White Beast Statue","Art of War","Pen Nib","Pandora\u0027s Box","Vajra","Pantograph","Runic Dome"],"acts_visited":["Exordium","TheCity","TheBeyond"],"potions_floor_usage":[7,10,11,11,13,16,33,33,37],"damage_taken":[{"damage":7,"enemies":"Jaw Worm","floor":1,"turns":5},{"damage":11,"enemies":"Cultist","floor":4,"turns":4},{"damage":27,"enemies":"Gremlin Nob","floor":7,"turns":4},{"damage":0,"enemies":"Small Slimes","floor":8,"turns":3},{"damage":8,"enemies":"Exordium Thugs","floor":10,"turns":6},{"damage":6,"enemies":"Lagavulin","floor":11,"turns":7},{"damage":1,"enemies":"Large Slime","floor":13,"turns":4},{"damage":0,"enemies":"Red Slaver","floor":14,"turns":2},{"damage":47,"enemies":"The Guardian","floor":16,"turns":11},{"damage":18,"enemies":"2 Thieves","floor":18,"turns":2},{"damage":3,"enemies":"3 Byrds","floor":20,"turns":4},{"damage":38,"enemies":"Snake Plant","floor":21,"turns":3},{"damage":28,"enemies":"Book of Stabbing","floor":23,"turns":4},{"damage":5,"enemies":"3 Cultists","floor":25,"turns":4},{"damage":13,"enemies":"Chosen and Byrds","floor":29,"turns":4},{"damage":15,"enemies":"Centurion and Healer","floor":31,"turns":5},{"damage":27,"enemies":"Collector","floor":33,"turns":8},{"damage":55,"enemies":"3 Shapes","floor":35,"turns":3},{"damage":33,"enemies":"3 Darklings","floor":37,"turns":4}],"seed_played":"6839321870303997972","potions_obtained":[{"floor":1,"key":"Fire Potion"},{"floor":4,"key":"PowerPotion"},{"floor":7,"key":"EssenceOfSteel"},{"floor":8,"key":"Block Potion"},{"floor":10,"key":"Ancient Potion"},{"floor":11,"key":"EntropicBrew"},{"floor":13,"key":"Regen Potion"},{"floor":14,"key":"GamblersBrew"},{"floor":16,"key":"SpeedPotion"},{"floor":18,"key":"Strength Potion"},{"floor":31,"key":"EssenceOfSteel"},{"floor":33,"key":"Block Potion"},{"floor":35,"key":"Weak Potion"}],"is_trial":false,"path_per_floor":["M","?","$","M","?","R","E","M","T","M","E","R","M","M","R","B",null,"M","?","M","M","$","E","R","M","T","?","R","M","R","M","R","B",null,"M","?","M"],"character_chosen":"IRONCLAD","items_purchased":["Armaments"],"campfire_rested":2,"item_purchase_floors":[22],"current_hp_per_floor":[79,79,79,74,74,74,53,59,59,57,57,57,62,68,68,42,80,68,68,71,39,39,17,17,18,18,18,42,35,59,50,50,54,80,31,31,0,0],"gold":361,"neow_bonus":"ONE_RANDOM_RARE_CARD","is_daily":false,"chose_seed":false,"campfire_upgraded":4,"win_rate":0.0,"timestamp":1610655668,"path_taken":["M","?","$","?","?","R","E","M","T","M","E","R","M","M","R","BOSS","M","?","M","M","$","E","R","M","T","?","R","M","R","M","R","BOSS","M","?","?"],"items_purchased_type":["Card"],"build_version":"2020-12-22","purchased_purges":2,"victory":false,"max_hp_per_floor":[80,80,80,80,80,80,80,80,80,80,80,80,80,80,80,80,80,80,80,80,80,80,80,80,80,80,80,80,80,80,80,80,80,80,80,80,80,80],"card_choices":[{"not_picked":["Reckless Charge","Pommel Strike"],"picked":"Body Slam","floor":1},{"not_picked":["Carnage","Combust","Clothesline"],"picked":"SKIP","floor":4},{"not_picked":["Anger","Thunderclap","Offering"],"picked":"SKIP","floor":7},{"not_picked":["Heavy Blade","Dual Wield"],"picked":"Armaments","floor":8},{"not_picked":["Whirlwind","Sword Boomerang","Twin Strike"],"picked":"SKIP","floor":10},{"not_picked":["Whirlwind","Sword Boomerang"],"picked":"Twin Strike","floor":10},{"not_picked":["Anger","Flex"],"picked":"Twin Strike","floor":11},{"not_picked":["Twin Strike","Thunderclap"],"picked":"Cleave","floor":13},{"not_picked":["Fiend Fire","Perfected Strike","Armaments"],"picked":"SKIP","floor":14},{"not_picked":["Anger+1","Blood for Blood"],"picked":"Rage","floor":18},{"not_picked":["Cleave+1","Anger+1","Bloodletting"],"picked":"SKIP","floor":20},{"not_picked":["Anger","Perfected Strike"],"picked":"Offering","floor":21},{"not_picked":["True Grit","Combust"],"picked":"Iron Wave","floor":23},{"not_picked":["Rampage","True Grit+1"],"picked":"Evolve","floor":25},{"not_picked":["Iron Wave","True Grit+1","Spot Weakness"],"picked":"SKIP","floor":29},{"not_picked":["Cleave+1","Clothesline"],"picked":"Clash+1","floor":31},{"not_picked":["Reaper","Immolate"],"picked":"Berserk","floor":33},{"not_picked":["Feel No Pain+1","Dropkick+1"],"picked":"Flame Barrier+1","floor":35}],"player_experience":89287,"relics_obtained":[{"floor":7,"key":"Art of War"},{"floor":11,"key":"Pen Nib"},{"floor":23,"key":"Vajra"},{"floor":26,"key":"Pantograph"}],"event_choices":[{"cards_removed":["Impervious"],"damage_healed":0,"gold_gain":0,"player_choice":"Gave Card","damage_taken":0,"relics_obtained":["White Beast Statue"],"max_hp_gain":0,"max_hp_loss":0,"event_name":"WeMeetAgain","floor":2,"gold_loss":0},{"cards_removed":["Strike_R"],"damage_healed":0,"gold_gain":0,"player_choice":"Offered Basic","damage_taken":0,"max_hp_gain":0,"max_hp_loss":0,"event_name":"Bonfire Elementals","floor":5,"gold_loss":0},{"cards_removed":["Dark Embrace"],"damage_healed":0,"gold_gain":0,"player_choice":"Gave Gold","damage_taken":0,"max_hp_gain":0,"max_hp_loss":0,"event_name":"Beggar","floor":19,"gold_loss":75},{"cards_removed":["Combust"],"damage_healed":0,"gold_gain":0,"player_choice":"Elegance","damage_taken":0,"max_hp_gain":0,"max_hp_loss":0,"event_name":"Back to Basics","floor":27,"gold_loss":0},{"damage_healed":0,"gold_gain":100,"player_choice":"Pray","damage_taken":0,"max_hp_gain":0,"max_hp_loss":0,"event_name":"Golden Shrine","floor":36,"gold_loss":0}],"is_beta":false,"boss_relics":[{"not_picked":["Snecko Eye","Ectoplasm"],"picked":"Pandora\u0027s Box"},{"not_picked":["Velvet Choker","Tiny House"],"picked":"Runic Dome"}],"items_purged_floors":[3,22],"is_endless":false,"potions_floor_spawned":[1,4,7,8,10,11,13,14,16,18,20,21,23,25,29,31,33,35],"killed_by":"3 Darklings","ascension_level":2}}