{"host":"fdn1l3zxrtmz275b","time":1610639018,"event":{"mods":["BaseMod","DeckTracker","GifTheSpireLib","Marisa????????","Minty Spire (QoL Compilation)","Replay The Spire","StSLib","The Cursed"],"gold_per_floor":[119,139,30,30,46,75,104,116,128,166,178,203,242,321,333,441,453,481,503,565,328,341,341,352,377,377,427,39,89,99,117,117,117,117],"floor_reached":33,"language":"RUS","playtime":1401,"items_purged":["Strike_R"],"score":356,"play_id":"bb464d94-cb67-4e35-810a-143414235545","local_time":"20210114184338","is_ascension_mode":true,"campfire_choices":[{"floor":15,"key":"REST"},{"data":"ReplayTheSpireMod:Limb From Limb","floor":23,"key":"SMITH"},{"floor":32,"key":"REST"}],"circlet_count":0,"master_deck":["Strike_R","Strike_R","Strike_R","Defend_R","Defend_R","Defend_R","Bash+1","ReplayTheSpireMod:Limb From Limb+1","Heavy Blade","Flex+1","Rage","ReplayTheSpireMod:Limb From Limb","ReplayTheSpireMod:Limb From Limb","Pummel","ReplayTheSpireMod:Muscle Training","Reaper","Heavy Blade+1","Warcry","Reaper","Deep Breath","Burning Pact","Armaments+1"],"relics":["Burning Blood","MawBank","Replay:Mystery Machine","Paper Frog","SsserpentHead","Letter Opener","SlaversCollar","TheAbacus","Bronze Scales","Magic Flower","Mummified Hand","Membership Card","CaptainsWheel"],"acts_visited":["Exordium","TheCity"],"potions_floor_usage":[6,10,16,16,22,24],"damage_taken":[{"damage":6,"enemies":"Cultist","floor":1,"turns":3},{"damage":10,"enemies":"Small Slimes","floor":2,"turns":3},{"damage":0,"enemies":"2 Louse","floor":5,"turns":3},{"damage":0,"enemies":"Gremlin Nob","floor":6,"turns":2},{"damage":0,"enemies":"Large Slime","floor":7,"turns":2},{"damage":0,"enemies":"Lagavulin","floor":10,"turns":3},{"damage":36,"enemies":"Gremlin Gang","floor":12,"turns":4},{"damage":28,"enemies":"Gremlin Nob","floor":13,"turns":4},{"damage":4,"enemies":"Looter","floor":14,"turns":2},{"damage":42,"enemies":"Fading Forest","floor":16,"turns":11},{"damage":1,"enemies":"Chosen","floor":18,"turns":3},{"damage":22,"enemies":"Shell Parasite","floor":19,"turns":4},{"damage":1,"enemies":"Snecko","floor":22,"turns":2},{"damage":0,"enemies":"Snake Plant","floor":24,"turns":2},{"damage":20,"enemies":"Gremlin Leader","floor":25,"turns":4},{"damage":11,"enemies":"Chosen and Byrds","floor":30,"turns":4},{"damage":35,"enemies":"Centurion and Healer","floor":31,"turns":5},{"damage":117,"enemies":"Collector","floor":33,"turns":6}],"seed_played":"-6238342887275924860","potions_obtained":[{"floor":1,"key":"Energy Potion"},{"floor":5,"key":"Energy Potion"},{"floor":6,"key":"Milkshake"},{"floor":13,"key":"DistilledChaos"},{"floor":14,"key":"DistilledChaos"},{"floor":19,"key":"Swift Potion"},{"floor":22,"key":"Flashbang"}],"is_trial":false,"path_per_floor":["M","M","$","$","M","E","M","?","T","E","?","M","E","M","R","B",null,"M","M","?","$","M","R","M","E","T","?","$","?","M","M","R","B"],"character_chosen":"IRONCLAD","items_purchased":["Flex+1","TheAbacus","Bronze Scales","Membership Card","CaptainsWheel","CultistPotion","Deep Breath"],"campfire_rested":2,"item_purchase_floors":[3,21,21,28,28,28,28],"current_hp_per_floor":[80,76,76,76,80,80,80,73,73,79,79,49,27,29,53,27,80,80,64,64,64,69,69,75,61,61,61,61,53,71,56,80,0,0],"gold":117,"neow_bonus":"RANDOM_EVENT","is_daily":false,"chose_seed":false,"campfire_upgraded":1,"win_rate":0.0,"timestamp":1610639018,"path_taken":["M","M","?","$","M","E","M","?","T","E","?","M","E","?","R","BOSS","M","M","?","?","M","R","M","E","T","?","$","?","M","M","R","BOSS"],"items_purchased_type":["Card","Relic","Relic","Relic","Relic","Potion","Card"],"build_version":"2020-12-22","purchased_purges":1,"victory":false,"max_hp_per_floor":[80,80,80,80,80,80,80,80,80,80,80,80,80,80,80,80,80,80,80,80,80,80,80,80,80,80,80,80,80,80,80,80,80,80],"card_choices":[{"not_picked":["Run Through","Pommel Strike"],"picked":"ReplayTheSpireMod:Limb From Limb","floor":1},{"not_picked":["Evolve","ReplayTheSpireMod:Stacked"],"picked":"Heavy Blade","floor":2},{"not_picked":["Massacre","Anger"],"picked":"Rage","floor":5},{"not_picked":["Clothesline","Headbutt"],"picked":"ReplayTheSpireMod:Limb From Limb","floor":6},{"not_picked":["Replay:Undeath\u0027s Touch","Sword Boomerang"],"picked":"ReplayTheSpireMod:Limb From Limb","floor":7},{"not_picked":["Metallicize","Searing Blow","Feed"],"picked":"SKIP","floor":10},{"not_picked":["Reckless Charge","Run Through","Fire Breathing"],"picked":"SKIP","floor":12},{"not_picked":["Iron Wave","Blood for Blood"],"picked":"Pummel","floor":13},{"not_picked":["Perfected Strike","ReplayTheSpireMod:Corrosion Curse"],"picked":"ReplayTheSpireMod:Muscle Training","floor":14},{"not_picked":["Feed","Fiend Fire"],"picked":"Reaper","floor":16},{"not_picked":["Pommel Strike","ReplayReversal+1","Shockwave"],"picked":"SKIP","floor":18},{"not_picked":["Sword Boomerang","Warcry"],"picked":"Heavy Blade+1","floor":19},{"not_picked":["Hemokinesis","Abandon+1","Wild Strike"],"picked":"SKIP","floor":22},{"not_picked":["Clothesline","Reckless Charge"],"picked":"Warcry","floor":24},{"not_picked":["Havoc","Rage+1"],"picked":"Reaper","floor":25},{"not_picked":["Warcry","Twin Strike"],"picked":"Burning Pact","floor":30},{"not_picked":["Metallicize","Flex"],"picked":"Armaments+1","floor":31}],"player_experience":125052,"relics_obtained":[{"floor":6,"key":"MawBank"},{"floor":9,"key":"Replay:Mystery Machine"},{"floor":10,"key":"Paper Frog"},{"floor":13,"key":"Letter Opener"},{"floor":25,"key":"Magic Flower"},{"floor":26,"key":"Mummified Hand"}],"event_choices":[{"cards_removed":["Strike_R"],"damage_healed":0,"gold_gain":0,"player_choice":"Card Removal","damage_taken":7,"max_hp_gain":0,"max_hp_loss":0,"event_name":"Golden Wing","floor":8,"gold_loss":0},{"damage_healed":0,"gold_gain":0,"player_choice":"Trade","damage_taken":0,"relics_obtained":["SsserpentHead"],"max_hp_gain":0,"max_hp_loss":0,"event_name":"FaceTrader","floor":11,"gold_loss":0},{"damage_healed":0,"gold_gain":0,"player_choice":"Upgraded","damage_taken":0,"max_hp_gain":0,"max_hp_loss":0,"event_name":"Upgrade Shrine","floor":20,"gold_loss":0,"cards_upgraded":["Bash"]},{"damage_healed":0,"gold_gain":0,"player_choice":"Ignored","damage_taken":0,"max_hp_gain":0,"max_hp_loss":0,"event_name":"Ghosts","floor":27,"gold_loss":0},{"damage_healed":0,"gold_gain":0,"player_choice":"Damaged","damage_taken":8,"max_hp_gain":0,"max_hp_loss":0,"event_name":"Wheel of Change","floor":29,"gold_loss":0}],"is_beta":false,"boss_relics":[{"not_picked":["Velvet Choker","Ectoplasm"],"picked":"SlaversCollar"}],"items_purged_floors":[3],"is_endless":false,"potions_floor_spawned":[1,5,6,13,14,19,22],"killed_by":"Collector","ascension_level":1}}