{"host":"uxq2rly8rxtwffuf","time":1610618861,"event":{"mods":["BaseMod","Koishi","Minty Spire (QoL Compilation)","StSLib","The Servant 0.9.4"],"gold_per_floor":[117,217,230,230,230,256,271,302,302,334,354,364,374,384,384,486,486,500,61,75,89,14,14,14,14],"floor_reached":24,"language":"ENG","playtime":1438,"items_purged":["Strike_R"],"score":368,"play_id":"7dc684f3-7462-4125-b2e6-95b16f6f0a6e","local_time":"20210114130741","is_ascension_mode":true,"campfire_choices":[{"floor":15,"key":"REST"},{"floor":23,"key":"REST"}],"circlet_count":0,"master_deck":["AscendersBane","Strike_R","Strike_R","Strike_R","Strike_R","Defend_R","Defend_R","Defend_R+1","Defend_R","Bash+1","True Grit","Offering","Havoc","Havoc","Demon Form","Havoc","Heavy Blade+1"],"relics":["Burning Blood","NeowsBlessing","Incense Burner","Matryoshka","Lantern","Pear","Dead Branch","Busted Crown","Charon\u0027s Ashes","Strange Spoon"],"acts_visited":["Exordium","TheCity"],"potions_floor_usage":[8,8,8,8,10,10,12,16,18,20,24],"damage_taken":[{"damage":0,"enemies":"Jaw Worm","floor":1,"turns":1},{"damage":0,"enemies":"Cultist","floor":3,"turns":1},{"damage":0,"enemies":"Lagavulin","floor":6,"turns":1},{"damage":12,"enemies":"Small Slimes","floor":7,"turns":4},{"damage":13,"enemies":"3 Sentries","floor":8,"turns":14},{"damage":24,"enemies":"Lagavulin","floor":10,"turns":7},{"damage":12,"enemies":"Red Slaver","floor":11,"turns":2},{"damage":15,"enemies":"Lots of Slimes","floor":12,"turns":4},{"damage":20,"enemies":"3 Louse","floor":13,"turns":2},{"damage":34,"enemies":"Large Slime","floor":14,"turns":5},{"damage":12,"enemies":"Hexaghost","floor":16,"turns":10},{"damage":26,"enemies":"3 Byrds","floor":18,"turns":6},{"damage":17,"enemies":"Spheric Guardian","floor":20,"turns":3},{"damage":18,"enemies":"Cultist and Chosen","floor":21,"turns":5},{"damage":23,"enemies":"Centurion and Healer","floor":24,"turns":2}],"seed_played":"-5505779752002675993","potions_obtained":[{"floor":1,"key":"SpeedPotion"},{"floor":5,"key":"BlessingOfTheForge"},{"floor":5,"key":"EntropicBrew"},{"floor":6,"key":"BloodPotion"},{"floor":8,"key":"DuplicationPotion"},{"floor":12,"key":"BlessingOfTheForge"},{"floor":14,"key":"Block Potion"},{"floor":18,"key":"Explosive Potion"},{"floor":20,"key":"FairyPotion"},{"floor":21,"key":"SkillPotion"}],"is_trial":false,"path_per_floor":["M","?","M","?","?","E","M","E","T","E","M","M","M","M","R","B",null,"M","$","M","M","$","R","M"],"character_chosen":"IRONCLAD","items_purchased":["Charon\u0027s Ashes","Strange Spoon"],"campfire_rested":2,"item_purchase_floors":[19,19],"current_hp_per_floor":[78,78,80,64,64,70,64,73,83,65,59,50,36,8,35,29,75,55,55,44,32,32,59,36,36],"gold":14,"neow_bonus":"THREE_ENEMY_KILL","is_daily":false,"chose_seed":false,"campfire_upgraded":0,"win_rate":0.0,"timestamp":1610618861,"path_taken":["M","?","?","?","?","E","M","E","T","E","M","?","M","M","R","BOSS","M","$","M","M","$","R","?"],"items_purchased_type":["Relic","Relic"],"build_version":"2020-12-22","purchased_purges":1,"victory":false,"max_hp_per_floor":[80,80,80,80,80,80,80,80,90,90,90,90,90,90,90,90,90,90,90,90,90,90,90,90,90],"card_choices":[{"not_picked":["Second Wind","Warcry","Shrug It Off"],"picked":"SKIP","floor":1},{"not_picked":["Inflame","Clothesline","Body Slam"],"picked":"SKIP","floor":3},{"not_picked":["Headbutt","Burning Pact"],"picked":"True Grit","floor":6},{"not_picked":["Combust","Thunderclap","Clothesline"],"picked":"SKIP","floor":7},{"not_picked":["Warcry","Intimidate","Hemokinesis"],"picked":"SKIP","floor":8},{"not_picked":["Hemokinesis","Juggernaut"],"picked":"Offering","floor":10},{"not_picked":["Flex","Wild Strike","Clothesline"],"picked":"SKIP","floor":11},{"not_picked":["Sword Boomerang","Heavy Blade"],"picked":"Havoc","floor":12},{"not_picked":["Entrench","Pommel Strike","Anger"],"picked":"SKIP","floor":13},{"not_picked":["Flex","Sword Boomerang"],"picked":"Havoc","floor":14},{"not_picked":["Limit Break","Barricade"],"picked":"Demon Form","floor":16},{"not_picked":[],"picked":"Havoc","floor":18},{"not_picked":["Shrug It Off+1"],"picked":"SKIP","floor":20},{"not_picked":[],"picked":"Heavy Blade+1","floor":21}],"player_experience":1403216,"relics_obtained":[{"floor":6,"key":"Incense Burner"},{"floor":8,"key":"Matryoshka"},{"floor":9,"key":"Lantern"},{"floor":9,"key":"Pear"},{"floor":10,"key":"Dead Branch"}],"event_choices":[{"damage_healed":0,"gold_gain":100,"player_choice":"Pray","damage_taken":0,"max_hp_gain":0,"max_hp_loss":0,"event_name":"Golden Shrine","floor":2,"gold_loss":0},{"damage_healed":0,"gold_gain":0,"player_choice":"Entered Light","damage_taken":16,"max_hp_gain":0,"max_hp_loss":0,"event_name":"Shining Light","floor":4,"gold_loss":0,"cards_upgraded":["Defend_R","Bash"]},{"damage_healed":0,"gold_gain":0,"player_choice":"Got Potions","damage_taken":0,"max_hp_gain":0,"max_hp_loss":0,"event_name":"Lab","floor":5,"gold_loss":0}],"is_beta":false,"boss_relics":[{"not_picked":["Runic Dome","Sozu"],"picked":"Busted Crown"}],"items_purged_floors":[22],"is_endless":false,"potions_floor_spawned":[1,6,8,12,14,18,20,21],"killed_by":"Centurion and Healer","ascension_level":10}}