{"host":"w8hjdfrntrrvtiu5","time":1610604313,"event":{"mods":["AchievementEnabler","BaseMod","BetterRewards","Conspire","Hubris","Marisa????????","Minty Spire (QoL Compilation)","Shop Mod","StSLib","Td1madao Mod","The Animator","egg","everything is the same but u backflip on backflip"],"gold_per_floor":[10,285,60,80,80,80,106,106,130,130,144,156,156,156,156,259,259,278,193,206,206,133,133,158,178,178,193,218,237,265,265,265,367,367,380,399,65,65,83,83,108,108,408,434,434,445,445,464,464,464],"floor_reached":51,"language":"ENG","playtime":1516,"items_purged":["Regret"],"score":1208,"play_id":"e1104892-0f52-4889-be79-26267160da99","local_time":"20210114010513","is_ascension_mode":true,"campfire_choices":[{"data":"Immolate","floor":6,"key":"SMITH"},{"data":"Bash","floor":8,"key":"SMITH"},{"data":"Heavy Blade","floor":10,"key":"SMITH"},{"data":"Spot Weakness","floor":13,"key":"SMITH"},{"data":"Rampage","floor":15,"key":"SMITH"},{"data":"hubris:StunningStrike","floor":23,"key":"SMITH"},{"data":"Power Through","floor":32,"key":"SMITH"},{"floor":40,"key":"REST"},{"floor":42,"key":"REST"},{"floor":45,"key":"RECALL"},{"floor":49,"key":"REST"}],"circlet_count":0,"master_deck":["AscendersBane","Bash+1","Immolate+1","Spot Weakness+1","Battle Trance","Heavy Blade+1","Reaper+1","Limit Break+1","hubris:StunningStrike+1","Demon Form","Limit Break+1","Shockwave","Entrench","Double Tap+1","Hemokinesis+1","Pummel","Evolve","Power Through+1","Battle Trance+1","Metallicize","Armaments+1"],"relics":["Burning Blood","Bag of Marbles","hubris:SlimyHat","Pen Nib","Pandora\u0027s Box","War Paint","Incense Burner","hubris:Reverence","Torii","PreservedInsect","Fusion Hammer","Prayer Wheel","Happy Flower","Old Coin","Whetstone"],"acts_visited":["Exordium","TheCity","TheBeyond"],"potions_floor_usage":[16,28,41],"damage_taken":[{"damage":0,"enemies":"Cultist","floor":1,"turns":2},{"damage":0,"enemies":"2 Louse","floor":4,"turns":1},{"damage":16,"enemies":"Gremlin Nob","floor":7,"turns":3},{"damage":0,"enemies":"Small Slimes","floor":11,"turns":1},{"damage":9,"enemies":"2 Fungi Beasts","floor":12,"turns":2},{"damage":64,"enemies":"Hexaghost","floor":16,"turns":6},{"damage":0,"enemies":"2 Thieves","floor":18,"turns":1},{"damage":28,"enemies":"Shell Parasite","floor":20,"turns":4},{"damage":35,"enemies":"Book of Stabbing","floor":24,"turns":5},{"damage":12,"enemies":"Snecko","floor":25,"turns":3},{"damage":37,"enemies":"Centurion and Healer","floor":27,"turns":4},{"damage":44,"enemies":"Slavers","floor":28,"turns":3},{"damage":19,"enemies":"Shelled Parasite and Fungi","floor":29,"turns":5},{"damage":4,"enemies":"Book of Stabbing","floor":30,"turns":4},{"damage":20,"enemies":"Champ","floor":33,"turns":5},{"damage":18,"enemies":"Orb Walker","floor":35,"turns":3},{"damage":21,"enemies":"3 Shapes","floor":36,"turns":4},{"damage":35,"enemies":"3 Darklings","floor":39,"turns":4},{"damage":54,"enemies":"conspire:MimicChest","floor":41,"turns":6},{"damage":3,"enemies":"Nemesis","floor":44,"turns":4},{"damage":49,"enemies":"Transient","floor":46,"turns":5},{"damage":15,"enemies":"Spire Growth","floor":48,"turns":4},{"damage":39,"enemies":"Awakened One","floor":50,"turns":7}],"seed_played":"7782147631924582325","potions_obtained":[{"floor":4,"key":"ElixirPotion"},{"floor":11,"key":"GamblersBrew"},{"floor":24,"key":"ElixirPotion"},{"floor":27,"key":"EssenceOfSteel"},{"floor":30,"key":"ColorlessPotion"},{"floor":41,"key":"Explosive Potion"},{"floor":44,"key":"EntropicBrew"}],"is_trial":false,"path_per_floor":["M","?","$","M","?","R","E","R","T","R","M","M","R","?","R","B",null,"M","?","M","?","$","R","E","M","T","M","E","M","E","?","R","B",null,"M","M","$","?","M","R","?","R","T","E","R","M","?","M","R","B",null],"character_chosen":"IRONCLAD","items_purchased":["Bag of Marbles","Power Through","Prayer Wheel","Metallicize"],"campfire_rested":3,"item_purchase_floors":[3,22,37,37],"current_hp_per_floor":[78,78,78,80,85,85,75,75,75,75,81,78,78,71,71,25,70,76,76,54,54,54,54,37,35,35,16,32,60,85,85,85,71,82,85,85,85,85,56,81,68,85,85,85,85,85,85,85,85,85],"gold":464,"neow_bonus":"THREE_RARE_CARDS","is_daily":false,"chose_seed":false,"campfire_upgraded":7,"win_rate":0.0,"timestamp":1610604313,"path_taken":["M","?","$","?","?","R","E","R","T","R","M","M","R","?","R","BOSS","M","?","M","?","$","R","E","?","T","M","E","M","E","?","R","BOSS","M","M","$","?","M","R","?","R","T","E","R","?","?","?","R","BOSS"],"items_purchased_type":["Relic","Card","Relic","Card"],"build_version":"2020-12-22","purchased_purges":1,"victory":true,"max_hp_per_floor":[80,80,80,80,85,85,85,85,85,85,85,85,85,85,85,85,85,85,85,85,85,85,85,85,85,85,85,85,85,85,85,85,85,85,85,85,85,85,85,85,85,85,85,85,85,85,85,85,85,85],"card_choices":[{"not_picked":["Limit Break","Impervious"],"picked":"Immolate","floor":0},{"not_picked":["Wild Strike","Clash"],"picked":"Spot Weakness","floor":1},{"not_picked":["Twin Strike","Perfected Strike"],"picked":"Battle Trance","floor":4},{"not_picked":["Burning Pact","hubris:ReadiedAction"],"picked":"Heavy Blade","floor":7},{"not_picked":["Heavy Blade","Twin Strike"],"picked":"Rampage","floor":11},{"not_picked":["Havoc","Pommel Strike"],"picked":"Reaper","floor":12},{"not_picked":["Berserk","conspire:HitWhereItHurts"],"picked":"Limit Break","floor":16},{"not_picked":["Body Slam","hubris:ReadiedAction","Second Wind"],"picked":"SKIP","floor":18},{"not_picked":["Armaments","Warcry"],"picked":"Evolve","floor":20},{"not_picked":["Heavy Blade","Body Slam+1","Perfected Strike+1"],"picked":"SKIP","floor":24},{"not_picked":["Body Slam","Flex","Juggernaut"],"picked":"SKIP","floor":25},{"not_picked":["Heavy Blade","Sword Boomerang","hubris:SharpeningStone"],"picked":"SKIP","floor":27},{"not_picked":["Brutality","Carnage+1"],"picked":"Battle Trance+1","floor":28},{"not_picked":["conspire:Charge+1","Armaments","Twin Strike"],"picked":"SKIP","floor":29},{"not_picked":["hubris:ReadiedAction","Brutality","Clash"],"picked":"SKIP","floor":30},{"not_picked":["Warcry","Anger","Heavy Blade+1"],"picked":"SKIP","floor":35},{"not_picked":["hubris:ReadiedAction","Armaments","Pommel Strike"],"picked":"SKIP","floor":36},{"not_picked":["hubris:ReadiedAction","Armaments","Pommel Strike"],"picked":"SKIP","floor":36},{"not_picked":["Rampage","hubris:SharpeningStone","Cleave"],"picked":"SKIP","floor":39},{"not_picked":["Perfected Strike","Sword Boomerang","Headbutt+1"],"picked":"SKIP","floor":39},{"not_picked":["hubris:CleavingFinish+1","Clothesline","Demon Form"],"picked":"SKIP","floor":44},{"not_picked":["Sword Boomerang","Clash"],"picked":"Armaments+1","floor":46},{"not_picked":["Feel No Pain","Flex","Pommel Strike+1"],"picked":"SKIP","floor":46},{"not_picked":["Dual Wield+1","Iron Wave+1","Perfected Strike"],"picked":"SKIP","floor":48},{"not_picked":["Iron Wave","Fire Breathing","Armaments+1"],"picked":"SKIP","floor":48}],"player_experience":2394939,"relics_obtained":[{"floor":7,"key":"hubris:SlimyHat"},{"floor":9,"key":"Pen Nib"},{"floor":24,"key":"Incense Burner"},{"floor":26,"key":"hubris:Reverence"},{"floor":28,"key":"Torii"},{"floor":30,"key":"PreservedInsect"},{"floor":41,"key":"Happy Flower"},{"floor":43,"key":"Old Coin"},{"floor":44,"key":"Whetstone"}],"event_choices":[{"damage_healed":0,"gold_gain":275,"player_choice":"Desecrate","damage_taken":0,"max_hp_gain":0,"max_hp_loss":0,"event_name":"Golden Shrine","floor":2,"gold_loss":0,"cards_obtained":["Regret"]},{"damage_healed":0,"gold_gain":0,"player_choice":"Donut","damage_taken":0,"max_hp_gain":5,"max_hp_loss":0,"event_name":"Big Fish","floor":5,"gold_loss":0},{"cards_removed":["Strike_R"],"damage_healed":0,"gold_gain":0,"player_choice":"Card Removal","damage_taken":7,"max_hp_gain":0,"max_hp_loss":0,"event_name":"Golden Wing","floor":14,"gold_loss":0},{"damage_healed":0,"gold_gain":0,"player_choice":"Obtained Relic","damage_taken":0,"relics_obtained":["War Paint"],"max_hp_gain":0,"max_hp_loss":0,"event_name":"Addict","floor":19,"gold_loss":85},{"damage_healed":0,"gold_gain":0,"player_choice":"Forge","damage_taken":0,"max_hp_gain":0,"max_hp_loss":0,"event_name":"Accursed Blacksmith","floor":21,"gold_loss":0,"cards_upgraded":["Limit Break"]},{"damage_healed":0,"gold_gain":0,"player_choice":"Ignored","damage_taken":0,"max_hp_gain":0,"max_hp_loss":0,"event_name":"Ghosts","floor":31,"gold_loss":0},{"cards_removed":["Rampage"],"damage_healed":0,"gold_gain":0,"player_choice":"Offered Uncommon","damage_taken":0,"max_hp_gain":0,"max_hp_loss":0,"event_name":"Bonfire Elementals","floor":47,"gold_loss":0}],"is_beta":false,"boss_relics":[{"not_picked":["conspire:RoyalGoblet","Runic Dome"],"picked":"Pandora\u0027s Box"},{"not_picked":["Empty Cage","hubris:CrackedHourglass"],"picked":"Fusion Hammer"}],"items_purged_floors":[3],"is_endless":false,"potions_floor_spawned":[4,11,24,27,30,33,41,44,48],"ascension_level":12}}