{"host":"uzp1tn8qxn9571p9","time":1610654490,"event":{"mods":["BaseMod","Colored Map","Colored Powertips","Conspire","Hermit","Minty Spire (QoL Compilation)","Shop Mod","StSLib","óô»ðÖ¸ÄÏ"],"gold_per_floor":[115,115,134,134,22,54,54,84,107,107,117,135,151,184,184,184,184],"floor_reached":16,"language":"ZHS","playtime":707,"items_purged":[],"score":132,"play_id":"2dd6b2a6-f8b1-4897-9586-f67cb56bb416","local_time":"20210115040130","is_ascension_mode":true,"campfire_choices":[{"data":"hermit:FullyLoaded","floor":7,"key":"SMITH"},{"data":"hermit:Showdown","floor":10,"key":"SMITH"},{"data":"hermit:SprayPray","floor":15,"key":"SMITH"}],"circlet_count":0,"master_deck":["hermit:Strike_Hermit","hermit:Strike_Hermit","hermit:Strike_Hermit","hermit:Defend_Hermit","hermit:Defend_Hermit","hermit:Defend_Hermit","hermit:Snapshot","hermit:Covet","hermit:SprayPray+1","hermit:Showdown+1","hermit:WideOpen","hermit:FullyLoaded+1","hermit:Determination","hermit:Shortfuse","hermit:WideOpen","hermit:Roulette","hermit:ItchyTrigger"],"relics":["hermit:Momento","Bag of Preparation","Eternal Feather","PreservedInsect","Question Card"],"acts_visited":["Exordium"],"potions_floor_usage":[6,6,8,14,16],"damage_taken":[{"damage":2.0,"enemies":"Jaw Worm","floor":1.0,"turns":3.0},{"damage":0.0,"enemies":"Cultist","floor":3.0,"turns":2.0},{"damage":14,"enemies":"Gremlin Nob","floor":6,"turns":3},{"damage":20,"enemies":"Lagavulin","floor":8,"turns":5},{"damage":1,"enemies":"2 Louse","floor":11,"turns":3},{"damage":32,"enemies":"conspire:2 RoseBushes","floor":12,"turns":3},{"damage":12,"enemies":"Exordium Thugs","floor":13,"turns":3},{"damage":11,"enemies":"Gremlin Nob","floor":14,"turns":3},{"damage":12,"enemies":"Hexaghost","floor":16,"turns":4}],"seed_played":"-4631794452660800965","potions_obtained":[{"floor":4.0,"key":"hermit:Eclipse"},{"floor":4.0,"key":"SteroidPotion"},{"floor":4.0,"key":"PowerPotion"},{"floor":6,"key":"SkillPotion"},{"floor":13,"key":"DuplicationPotion"}],"is_trial":false,"path_per_floor":["M","?","M","?","$","E","R","E","T","R","M","M","M","E","R","B"],"character_chosen":"HERMIT","items_purchased":["hermit:FullyLoaded","hermit:Determination"],"campfire_rested":0,"item_purchase_floors":[5,5],"current_hp_per_floor":[52,85,85,85,85,71,71,51,51,57,56,24,12,1,10,0,0],"gold":184,"neow_bonus":"TRANSFORM_TWO_CARDS","is_daily":false,"chose_seed":false,"campfire_upgraded":3,"win_rate":0.0,"timestamp":1610654490,"path_taken":["M","?","?","?","$","E","R","E","T","R","M","?","M","E","R","BOSS"],"items_purchased_type":["Card","Card"],"build_version":"2020-12-22","purchased_purges":0,"victory":false,"max_hp_per_floor":[75,85,85,85,85,85,85,85,85,85,85,85,85,85,85,85,85],"card_choices":[{"not_picked":["hermit:Snipe","hermit:BodyArmor"],"picked":"hermit:Showdown","floor":1.0},{"not_picked":["hermit:DeadMansHand","hermit:Quickdraw"],"picked":"hermit:WideOpen","floor":3.0},{"not_picked":["hermit:CalledShot","hermit:TakeAim"],"picked":"hermit:Shortfuse","floor":6},{"not_picked":["hermit:Midnight","hermit:Grudge","hermit:Snipe"],"picked":"SKIP","floor":8},{"not_picked":["hermit:Manifest","hermit:BigShot"],"picked":"hermit:WideOpen","floor":11},{"not_picked":["hermit:FinalCanter","hermit:Brawl"],"picked":"hermit:Roulette","floor":12},{"not_picked":["hermit:NoHoldsBarred","hermit:LoneWolf"],"picked":"hermit:ItchyTrigger","floor":13},{"not_picked":["hermit:CalledShot","hermit:DeadMansHand","hermit:Manifest"],"picked":"SKIP","floor":14}],"player_experience":353649,"relics_obtained":[{"floor":6,"key":"Bag of Preparation"},{"floor":8,"key":"Eternal Feather"},{"floor":9,"key":"PreservedInsect"},{"floor":14,"key":"Question Card"}],"event_choices":[{"cards_removed":["hermit:EternalForm"],"damage_healed":23.0,"max_hp_gain":10.0,"max_hp_loss":0.0,"gold_gain":0.0,"event_name":"Bonfire Elementals","player_choice":"Offered Rare","floor":2.0,"gold_loss":0.0,"damage_taken":0.0},{"damage_healed":0.0,"max_hp_gain":0.0,"max_hp_loss":0.0,"gold_gain":0.0,"event_name":"Lab","player_choice":"Got Potions","floor":4.0,"gold_loss":0.0,"damage_taken":0.0}],"is_beta":false,"boss_relics":[],"items_purged_floors":[],"is_endless":false,"potions_floor_spawned":[6,13],"killed_by":"Hexaghost","ascension_level":2}}