{"host":"zq4tmp0p98b2vpa9","time":1610628656,"event":{"mods":["AchievementEnabler","BaseMod","Minty Spire (QoL Compilation)","Relic Stats"],"gold_per_floor":[115,115,115,115,0,35,35,50,76,76,90,106,29,54,54,54,54],"floor_reached":16,"language":"ENG","playtime":588,"items_purged":["Strike_R"],"score":150,"play_id":"e15ba952-8c2e-48be-bc98-a143d818f825","local_time":"20210114135056","is_ascension_mode":true,"campfire_choices":[{"data":"Double Tap","floor":7,"key":"SMITH"},{"data":"True Grit","floor":15,"key":"SMITH"}],"circlet_count":0,"master_deck":["Strike_R","Strike_R+1","Strike_R","Strike_R","Defend_R","Defend_R","Defend_R","Defend_R+1","Bash","Twin Strike","Double Tap+1","Evolve","Headbutt","Dropkick","Inflame","True Grit+1"],"relics":["Burning Blood","NeowsBlessing","The Courier","Membership Card","Omamori","Juzu Bracelet","Golden Idol"],"acts_visited":["Exordium"],"potions_floor_usage":[14,16],"damage_taken":[{"damage":0,"enemies":"Cultist","floor":1,"turns":1},{"damage":0,"enemies":"3 Sentries","floor":6,"turns":2},{"damage":0,"enemies":"2 Louse","floor":8,"turns":1},{"damage":7,"enemies":"Jaw Worm","floor":11,"turns":3},{"damage":13,"enemies":"Blue Slaver","floor":12,"turns":3},{"damage":15,"enemies":"Exordium Thugs","floor":14,"turns":5},{"damage":47,"enemies":"Hexaghost","floor":16,"turns":9}],"seed_played":"-8735375420452547629","potions_obtained":[{"floor":1,"key":"Energy Potion"},{"floor":11,"key":"Energy Potion"},{"floor":12,"key":"Ancient Potion"}],"is_trial":false,"path_per_floor":["M","?","?","T","$","E","R","M","T","?","M","M","$","M","R","B"],"character_chosen":"IRONCLAD","items_purchased":["Membership Card","Inflame","True Grit"],"campfire_rested":0,"item_purchase_floors":[5,13,13],"current_hp_per_floor":[80,64,69,69,69,75,75,81,81,60,59,52,52,43,43,0,0],"gold":54,"neow_bonus":"THREE_ENEMY_KILL","is_daily":false,"chose_seed":false,"campfire_upgraded":2,"win_rate":0.0,"timestamp":1610628656,"path_taken":["M","?","?","?","?","E","R","M","T","?","M","M","$","M","R","BOSS"],"items_purchased_type":["Relic","Card","Card"],"build_version":"2020-12-22","purchased_purges":1,"victory":false,"max_hp_per_floor":[80,80,85,85,85,85,85,85,85,85,85,85,85,85,85,85,85],"relic_stats":{"counters":[7,24],"Golden Idol":11,"Juzu Bracelet":1,"obtain_stats":[{"NeowsBlessing":0,"Golden Idol":10,"The Courier":4,"Omamori":6,"Juzu Bracelet":9,"Membership Card":5,"Burning Blood":0},{"NeowsBlessing":0,"Golden Idol":3,"The Courier":1,"Omamori":2,"Juzu Bracelet":3,"Membership Card":1,"Burning Blood":0},{"NeowsBlessing":0,"Golden Idol":4,"The Courier":1,"Omamori":3,"Juzu Bracelet":4,"Membership Card":1,"Burning Blood":0}],"Burning Blood":30},"card_choices":[{"not_picked":["Anger","Clothesline"],"picked":"Twin Strike","floor":1},{"not_picked":["Havoc","Anger"],"picked":"Double Tap","floor":6},{"not_picked":["Hemokinesis","Anger"],"picked":"Evolve","floor":8},{"not_picked":["Thunderclap","Sword Boomerang"],"picked":"Headbutt","floor":11},{"not_picked":["Feel No Pain","Headbutt"],"picked":"Dropkick","floor":12},{"not_picked":["Sentinel","Dual Wield","Sword Boomerang"],"picked":"SKIP","floor":14},{"not_picked":["Sentinel","Dual Wield","Sword Boomerang"],"picked":"SKIP","floor":14}],"player_experience":234053,"relics_obtained":[{"floor":4,"key":"The Courier"},{"floor":6,"key":"Omamori"},{"floor":9,"key":"Juzu Bracelet"}],"event_choices":[{"damage_healed":0,"gold_gain":0,"player_choice":"Entered Light","damage_taken":16,"max_hp_gain":0,"max_hp_loss":0,"event_name":"Shining Light","floor":2,"gold_loss":0,"cards_upgraded":["Strike_R","Defend_R"]},{"damage_healed":0,"gold_gain":0,"player_choice":"Donut","damage_taken":0,"max_hp_gain":5,"max_hp_loss":0,"event_name":"Big Fish","floor":3,"gold_loss":0},{"damage_healed":0,"gold_gain":0,"player_choice":"Take Damage","damage_taken":21,"relics_obtained":["Golden Idol"],"max_hp_gain":0,"max_hp_loss":0,"event_name":"Golden Idol","floor":10,"gold_loss":0}],"is_beta":false,"boss_relics":[],"items_purged_floors":[13],"is_endless":false,"potions_floor_spawned":[1,11,12],"killed_by":"Hexaghost","ascension_level":4}}