{"host":"mbj2cbgnaexp1bjw","time":1610616709,"event":{"mods":["BaseMod","BetterRewards","DNKmod","Dota2Spire","Friendly Minions","Grow up Mod","Highlight Path","Minty Spire (QoL Compilation)","Remove Card Discount Mod","Spicy Shops","StSLib","The Cursed"],"gold_per_floor":[1012,1012,1087,503,519,552,575,618,664,703,728,728,728,748,748,878,878,891,924,947,947,947,978,998,998,1071,1086,1086,1127,1127,186,186,306,306,329,347,680,146,146,146,157,190,190,215,226,251,301,311,311,311,311,311,16,46,46],"floor_reached":56,"language":"ZHS","playtime":3679,"items_purged":["TheCursedMod:Strike_TheCursed","TheCursedMod:Strike_TheCursed","TheCursedMod:Strike_TheCursed","TheCursedMod:Strike_TheCursed","TheCursedMod:Defend_TheCursed","TheCursedMod:Defend_TheCursed","TheCursedMod:Defend_TheCursed","TheCursedMod:Defend_TheCursed","TheCursedMod:TroublousMinions","TheCursedMod:TroublousMinions","TheCursedMod:CursedWand","Madness","Madness"],"score":1877,"play_id":"c31a4b80-ccc4-4a1a-9c7a-679c5a47e3fc","local_time":"20210114173149","is_ascension_mode":true,"campfire_choices":[{"data":"TheCursedMod:CollectTribute","floor":12,"key":"SMITH"},{"floor":15,"key":"RECALL"},{"data":"TheCursedMod:DemonicPact","floor":25,"key":"SMITH"},{"data":"TheCursedMod:CleanUpWorkshop","floor":28,"key":"SMITH"},{"data":"TheCursedMod:VoidForm","floor":32,"key":"SMITH"},{"data":"TheCursedMod:ManaCirculation","floor":40,"key":"SMITH"},{"data":"TheCursedMod:NeowsMight","floor":49,"key":"SMITH"},{"data":"TheCursedMod:CircleOfAbyss","floor":52,"key":"SMITH"}],"circlet_count":0,"master_deck":["TheCursedMod:CleanUpWorkshop+1","TheCursedMod:Dregs","TheCursedMod:CursedBlade","Injury","TheCursedMod:RapidMovement","TheCursedMod:CursedBoomerang","TheCursedMod:DemonSword","TheCursedMod:Wield","TheCursedMod:CollectTribute+1","TheCursedMod:RapidMovement","TheCursedMod:DemonicPact+1","TheCursedMod:VoidForm+1","TheCursedMod:RapidMovement","TheCursedMod:CircleOfCorruption","TheCursedMod:CollectTribute","TheCursedMod:CollectTribute","TheCursedMod:StunningStrike","TheCursedMod:ManaCirculation+1","TheCursedMod:WearCloak","TheCursedMod:SmokeScreen+1","TheCursedMod:NeowsMight+1","TheCursedMod:CollectTribute","TheCursedMod:CircleOfAbyss+1","TheCursedMod:HellfireBreathing","TheCursedMod:WearCloak+1","TheCursedMod:HellfireBreathing"],"relics":["TheCursedMod:BlackMagic101","Dota2Spire:PowerTreads","Juzu Bracelet","Mercury Hourglass","Strawberry","Dota2Spire:Mjollnir","Happy Flower","Dota2Spire:RefresherOrb","Red Mask","Nloth\u0027s Gift","Dota2Spire:DrumOfEndurance","Eternal Feather","Dota2Spire:Butterfly","Dota2Spire:AghanimScepter","Bottled Tornado","Frozen Eye","Philosopher\u0027s Stone","Dota2Spire:EtherealBlade","Bag of Marbles","Centennial Puzzle","StoneCalendar","Letter Opener","Dota2Spire:PhaseBoots","Torii","Dota2Spire:UrnOfShadows","Dota2Spire:BlackKingBar"],"acts_visited":["Exordium","TheCity","TheBeyond","TheEnding"],"potions_floor_usage":[20,35,44,50],"damage_taken":[{"damage":0,"enemies":"2 Louse","floor":1,"turns":1},{"damage":0,"enemies":"Jaw Worm","floor":5,"turns":1},{"damage":0,"enemies":"3 Sentries","floor":6,"turns":1},{"damage":0,"enemies":"Cultist","floor":7,"turns":1},{"damage":0,"enemies":"Lagavulin","floor":8,"turns":2},{"damage":0,"enemies":"Gremlin Nob","floor":10,"turns":2},{"damage":0,"enemies":"Lots of Slimes","floor":11,"turns":1},{"damage":0,"enemies":"Exordium Wildlife","floor":14,"turns":2},{"damage":1,"enemies":"The Guardian","floor":16,"turns":4},{"damage":6,"enemies":"3 Byrds","floor":18,"turns":2},{"damage":10,"enemies":"Masked Bandits","floor":19,"turns":3},{"damage":0,"enemies":"Shell Parasite","floor":20,"turns":2},{"damage":0,"enemies":"Book of Stabbing","floor":23,"turns":2},{"damage":1,"enemies":"Centurion and Healer","floor":24,"turns":2},{"damage":1,"enemies":"Snecko","floor":27,"turns":4},{"damage":0,"enemies":"Gremlin Leader","floor":29,"turns":3},{"damage":1,"enemies":"Automaton","floor":33,"turns":3},{"damage":6,"enemies":"3 Shapes","floor":35,"turns":3},{"damage":0,"enemies":"3 Darklings","floor":36,"turns":3},{"damage":1,"enemies":"Jaw Worm Horde","floor":41,"turns":2},{"damage":17,"enemies":"Giant Head","floor":42,"turns":3},{"damage":1,"enemies":"Nemesis","floor":44,"turns":3},{"damage":10,"enemies":"Spire Growth","floor":45,"turns":3},{"damage":4,"enemies":"Giant Head","floor":46,"turns":4},{"damage":0,"enemies":"Mind Bloom Boss Battle","floor":47,"turns":3},{"damage":1,"enemies":"Maw","floor":48,"turns":4},{"damage":1,"enemies":"Donu and Deca","floor":50,"turns":2},{"damage":3,"enemies":"Shield and Spear","floor":54,"turns":3},{"damage":7,"enemies":"The Heart","floor":55,"turns":5}],"seed_played":"9034237323862020280","potions_obtained":[{"floor":5,"key":"GamblersBrew"},{"floor":6,"key":"Dexterity Potion"},{"floor":11,"key":"Block Potion"},{"floor":20,"key":"BlessingOfTheForge"},{"floor":24,"key":"Swift Potion"},{"floor":35,"key":"EssenceOfSteel"},{"floor":41,"key":"Energy Potion"},{"floor":46,"key":"Ancient Potion"},{"floor":54,"key":"Regen Potion"}],"is_trial":false,"path_per_floor":["M","?","?","$","M","E","M","E","T","E","M","R","?","M","R","B",null,"M","?","M","?","?","E","M","R","T","M","R","E","?","$","R","B",null,"M","M","?","$","?","R","M","E","T","E","M","E","?","M","R","B",null,"R","$","E","B",null],"character_chosen":"THE_CURSED","items_purchased":["Dota2Spire:PowerTreads","TheCursedMod:RapidMovement","Juzu Bracelet","TheCursedMod:CursedBoomerang","TheCursedMod:DemonSword","TheCursedMod:TroublousMinions","Dota2Spire:AghanimScepter","Bottled Tornado","TheCursedMod:CollectTribute","Frozen Eye","TheCursedMod:StunningStrike","Dota2Spire:EtherealBlade","Bag of Marbles","TheCursedMod:NeowsMight","TheCursedMod:HellfireBreathing","Dota2Spire:UrnOfShadows"],"campfire_rested":0,"item_purchase_floors":[4,4,4,4,4,4,31,31,31,31,31,38,38,38,53,53],"current_hp_per_floor":[120,130,129,139,149,159,169,186,196,206,216,226,233,243,253,262,287,291,291,301,311,321,331,340,350,360,369,388,398,408,418,437,446,457,461,471,481,491,439,461,470,463,473,482,482,488,498,507,532,541,627,637,647,654,660],"gold":46,"neow_bonus":"THREE_ENEMY_KILL","is_daily":false,"chose_seed":false,"campfire_upgraded":7,"win_rate":0.0,"timestamp":1610616709,"path_taken":["M","?","?","?","M","E","M","E","T","E","M","R","?","M","R","BOSS","M","?","M","?","?","E","M","R","T","M","R","E","?","$","R","BOSS","M","M","?","$","?","R","M","E","T","E","M","E","?","M","R","BOSS","R","$","E","BOSS"],"items_purchased_type":["Relic","Card","Relic","Card","Card","Card","Relic","Relic","Card","Relic","Card","Relic","Relic","Card","Card","Relic"],"build_version":"2020-12-22","purchased_purges":13,"victory":true,"max_hp_per_floor":[120,130,140,150,160,170,180,197,207,217,227,237,247,257,267,277,287,297,307,317,327,337,347,357,367,377,387,397,407,417,427,437,447,457,467,477,487,497,507,517,527,537,547,557,567,577,587,597,607,617,627,637,647,657,667],"card_choices":[{"not_picked":["TheCursedMod:CircleOfFlame","TheCursedMod:DoubleShield"],"picked":"TheCursedMod:CursedBlade","floor":1},{"not_picked":["TheCursedMod:ReleasedStrength","TheCursedMod:FleshFromBone"],"picked":"TheCursedMod:Wield","floor":5},{"not_picked":["TheCursedMod:AshesToAshes","TheCursedMod:DoubleShield"],"picked":"TheCursedMod:CollectTribute","floor":6},{"not_picked":["TheCursedMod:ReleasedKnowledge","TheCursedMod:CircleOfCorruption"],"picked":"TheCursedMod:RapidMovement","floor":7},{"not_picked":["TheCursedMod:CircleOfBlood","TheCursedMod:SoulReap","TheCursedMod:Mangle"],"picked":"SKIP","floor":8},{"not_picked":["TheCursedMod:BloodBarrier","TheCursedMod:Mangle","TheCursedMod:AbyssShockwave"],"picked":"SKIP","floor":10},{"not_picked":["TheCursedMod:Grudge","TheCursedMod:Torture","TheCursedMod:Stretching"],"picked":"SKIP","floor":11},{"not_picked":["TheCursedMod:ReleasedKnowledge","TheCursedMod:FleshFromBone"],"picked":"TheCursedMod:DemonicPact","floor":14},{"not_picked":["TheCursedMod:NeowsMight","TheCursedMod:CollectTribute"],"picked":"TheCursedMod:VoidForm","floor":16},{"not_picked":["TheCursedMod:RavingStaff","TheCursedMod:PrepareRite","TheCursedMod:SoulCrush"],"picked":"SKIP","floor":18},{"not_picked":["TheCursedMod:FuryStrike","TheCursedMod:Mangle"],"picked":"TheCursedMod:TroublousMinions","floor":20},{"not_picked":["TheCursedMod:Torture","TheCursedMod:TacticalStrike"],"picked":"TheCursedMod:RapidMovement","floor":23},{"not_picked":["TheCursedMod:CursedRelics","TheCursedMod:CursedBoomerang","TheCursedMod:Evocation+1"],"picked":"SKIP","floor":24},{"not_picked":["TheCursedMod:CircleOfFocus","TheCursedMod:CursedAmulet"],"picked":"TheCursedMod:CircleOfCorruption","floor":27},{"not_picked":["TheCursedMod:DarkBarrier","TheCursedMod:CircleOfBlood"],"picked":"TheCursedMod:CollectTribute","floor":29},{"not_picked":["TheCursedMod:Neurasthenia","TheCursedMod:NeowsMight"],"picked":"TheCursedMod:ManaCirculation","floor":33},{"not_picked":["TheCursedMod:CursedSpellbook","TheCursedMod:AshesToAshes"],"picked":"TheCursedMod:WearCloak","floor":35},{"not_picked":["TheCursedMod:FuryStrike+1","TheCursedMod:Obscuration"],"picked":"TheCursedMod:SmokeScreen+1","floor":36},{"not_picked":["TheCursedMod:Torture+1","TheCursedMod:EmpowerCircles+1"],"picked":"TheCursedMod:CollectTribute","floor":41},{"not_picked":["TheCursedMod:VitalStrike","TheCursedMod:ForbiddenAlchemy"],"picked":"TheCursedMod:CircleOfAbyss","floor":42},{"not_picked":["TheCursedMod:Torture+1","TheCursedMod:Hemoplague+1"],"picked":"TheCursedMod:HellfireBreathing","floor":44},{"not_picked":["TheCursedMod:SpitefulStrike","TheCursedMod:CursedBoomerang+1","TheCursedMod:PrepareRite"],"picked":"SKIP","floor":45},{"not_picked":["TheCursedMod:HellsGateOpen","TheCursedMod:CursedArmor+1","TheCursedMod:Mangle"],"picked":"SKIP","floor":46},{"not_picked":["TheCursedMod:Hemoplague+1","TheCursedMod:CursedMace+1"],"picked":"TheCursedMod:WearCloak+1","floor":47},{"not_picked":["TheCursedMod:CircleOfBlood","TheCursedMod:CursedStaff+1","TheCursedMod:Torture"],"picked":"SKIP","floor":48},{"not_picked":["TheCursedMod:CircleOfCorruption","TheCursedMod:PrepareRite+1","TheCursedMod:CursedShiv"],"picked":"SKIP","floor":54}],"player_experience":77263,"relics_obtained":[{"floor":6,"key":"Mercury Hourglass"},{"floor":8,"key":"Strawberry"},{"floor":10,"key":"Dota2Spire:Mjollnir"},{"floor":19,"key":"Red Mask"},{"floor":23,"key":"Dota2Spire:DrumOfEndurance"},{"floor":26,"key":"Eternal Feather"},{"floor":29,"key":"Dota2Spire:Butterfly"},{"floor":42,"key":"Centennial Puzzle"},{"floor":43,"key":"StoneCalendar"},{"floor":44,"key":"Letter Opener"},{"floor":46,"key":"Dota2Spire:PhaseBoots"},{"floor":47,"key":"Torii"},{"floor":54,"key":"Dota2Spire:BlackKingBar"}],"event_choices":[{"damage_healed":0,"gold_gain":0,"player_choice":"Take Wound","damage_taken":0,"relics_obtained":["Golden Idol"],"max_hp_gain":0,"max_hp_loss":0,"event_name":"Golden Idol","floor":2,"gold_loss":0,"cards_obtained":["Injury"]},{"damage_healed":0,"gold_gain":75,"player_choice":"Gather Gold","damage_taken":11,"max_hp_gain":0,"max_hp_loss":0,"event_name":"World of Goop","floor":3,"gold_loss":0},{"damage_healed":0,"gold_gain":0,"player_choice":"Success","damage_taken":3,"relics_obtained":["Happy Flower"],"max_hp_gain":0,"max_hp_loss":0,"event_name":"Scrap Ooze","floor":13,"gold_loss":0},{"damage_healed":0,"gold_gain":0,"player_choice":"Fought Bandits","damage_taken":0,"max_hp_gain":0,"max_hp_loss":0,"event_name":"Masked Bandits","floor":19,"gold_loss":0},{"damage_healed":0,"gold_gain":0,"player_choice":"Traded Relic","damage_taken":0,"relics_obtained":["Nloth\u0027s Gift"],"max_hp_gain":0,"max_hp_loss":0,"event_name":"N\u0027loth","floor":21,"relics_lost":["NeowsBlessing"],"gold_loss":0},{"damage_healed":0,"gold_gain":0,"player_choice":"Ignored","damage_taken":0,"max_hp_gain":0,"max_hp_loss":0,"event_name":"Fountain of Cleansing","floor":22,"gold_loss":0},{"damage_healed":0,"gold_gain":0,"player_choice":"Ignored","damage_taken":0,"max_hp_gain":0,"max_hp_loss":0,"event_name":"Ghosts","floor":30,"gold_loss":0},{"damage_healed":0,"gold_gain":333,"player_choice":"Gave Idol","damage_taken":0,"max_hp_gain":0,"max_hp_loss":0,"event_name":"The Moai Head","floor":37,"relics_lost":["Golden Idol"],"gold_loss":0},{"damage_healed":0,"gold_gain":0,"player_choice":"Embrace Madness","damage_taken":62,"max_hp_gain":0,"max_hp_loss":0,"event_name":"Winding Halls","floor":39,"gold_loss":0,"cards_obtained":["Madness","Madness"]},{"damage_healed":0,"gold_gain":0,"player_choice":"Fight","damage_taken":0,"max_hp_gain":0,"max_hp_loss":0,"event_name":"MindBloom","floor":47,"gold_loss":0}],"is_beta":false,"boss_relics":[{"not_picked":["SlaversCollar","Tiny House"],"picked":"Dota2Spire:RefresherOrb"},{"not_picked":["Busted Crown","Fusion Hammer"],"picked":"Philosopher\u0027s Stone"}],"items_purged_floors":[4,4,4,4,4,4,4,4,31,31,38,53,53],"is_endless":false,"potions_floor_spawned":[5,6,11,16,19,20,24,35,41,46,47,48,54],"ascension_level":2}}