{"host":"8by3m8mve9y2rhh4","time":1610638877,"event":{"mods":["BaseMod","Minty Spire (QoL Compilation)","Quick Restart"],"gold_per_floor":[110,110,130,130,149,181,206,234,234,269,282,298,333,333,333,430,430,440,451,465,485,62,92,92,92,92,92,191,191,219,3,3,101,101,120,139,150,30,44,44,55,80,104,104,27,47,47,79,79,79,79,79,1,35,35,35],"floor_reached":55,"language":"ENG","playtime":3252,"items_purged":["Strike_G","Strike_G","Strike_G"],"score":793,"play_id":"6a215c80-5a53-492f-9138-15003430540b","local_time":"20210114154117","is_ascension_mode":true,"campfire_choices":[{"floor":15,"key":"REST"},{"floor":25,"key":"REST"},{"floor":27,"key":"RECALL"},{"floor":32,"key":"REST"},{"data":"Adrenaline","floor":40,"key":"SMITH"},{"floor":44,"key":"REST"},{"floor":49,"key":"REST"},{"data":"Dodge and Roll","floor":52,"key":"SMITH"}],"circlet_count":0,"master_deck":["Defend_G","Defend_G","Defend_G","Defend_G","Survivor","Neutralize","Adrenaline+1","Dodge and Roll+1","Poisoned Stab","Bane","Footwork+1","Terror","Cloak And Dagger","Escape Plan","Blade Dance","Prepared","Dagger Spray","Die Die Die","Bane+1","Deadly Poison","Blur","Backstab","Caltrops+1","Noxious Fumes+1","After Image+1","Catalyst+1","Deadly Poison","Leg Sweep+1","Cloak And Dagger","Blur+1","Backflip","Leg Sweep+1"],"relics":["Ring of the Serpent","WingedGreaves","Du-Vu Doll","Question Card","Lantern","The Courier","Centennial Puzzle","Snake Skull","PreservedInsect","Regal Pillow","Mango","Frozen Egg 2","Letter Opener","Mercury Hourglass","Membership Card","WristBlade","Happy Flower","Strawberry","Juzu Bracelet","Bag of Preparation","InkBottle","Vajra","Pen Nib"],"acts_visited":["Exordium","TheCity","TheBeyond","TheEnding"],"potions_floor_usage":[6,13,13,16,21,23,30,37,46,50,50,55],"damage_taken":[{"damage":0,"enemies":"Small Slimes","floor":1,"turns":3},{"damage":0,"enemies":"Cultist","floor":3,"turns":5},{"damage":0,"enemies":"2 Louse","floor":5,"turns":4},{"damage":6,"enemies":"Lagavulin","floor":6,"turns":7},{"damage":13,"enemies":"3 Sentries","floor":7,"turns":15},{"damage":7,"enemies":"Gremlin Nob","floor":8,"turns":4},{"damage":7,"enemies":"Lagavulin","floor":10,"turns":8},{"damage":0,"enemies":"Red Slaver","floor":11,"turns":5},{"damage":6,"enemies":"Looter","floor":12,"turns":3},{"damage":2,"enemies":"3 Sentries","floor":13,"turns":9},{"damage":14,"enemies":"Hexaghost","floor":16,"turns":11},{"damage":5,"enemies":"Shell Parasite","floor":18,"turns":4},{"damage":10,"enemies":"Chosen","floor":19,"turns":4},{"damage":7,"enemies":"Centurion and Healer","floor":20,"turns":6},{"damage":7,"enemies":"Snecko","floor":21,"turns":5},{"damage":23,"enemies":"Gremlin Leader","floor":23,"turns":6},{"damage":19,"enemies":"Slavers","floor":30,"turns":4},{"damage":42,"enemies":"Automaton","floor":33,"turns":9},{"damage":6,"enemies":"Orb Walker","floor":35,"turns":2},{"damage":0,"enemies":"3 Shapes","floor":36,"turns":4},{"damage":3,"enemies":"3 Darklings","floor":37,"turns":3},{"damage":7,"enemies":"Writhing Mass","floor":39,"turns":6},{"damage":0,"enemies":"Sphere and 2 Shapes","floor":41,"turns":4},{"damage":26,"enemies":"Nemesis","floor":42,"turns":4},{"damage":0,"enemies":"Spire Growth","floor":46,"turns":4},{"damage":8,"enemies":"Reptomancer","floor":48,"turns":6},{"damage":43,"enemies":"Awakened One","floor":50,"turns":14},{"damage":30,"enemies":"Shield and Spear","floor":54,"turns":5},{"damage":57,"enemies":"The Heart","floor":55,"turns":8}],"seed_played":"-1950453464312009310","potions_obtained":[{"floor":3,"key":"BlessingOfTheForge"},{"floor":8,"key":"Explosive Potion"},{"floor":11,"key":"Weak Potion"},{"floor":12,"key":"Strength Potion"},{"floor":19,"key":"AttackPotion"},{"floor":20,"key":"PowerPotion"},{"floor":21,"key":"BlessingOfTheForge"},{"floor":36,"key":"SkillPotion"},{"floor":41,"key":"Ancient Potion"},{"floor":42,"key":"LiquidBronze"},{"floor":46,"key":"DuplicationPotion"},{"floor":48,"key":"Block Potion"}],"is_trial":false,"path_per_floor":["M","?","M","?","M","E","E","E","T","E","M","M","E","?","R","B",null,"M","M","M","M","$","E","T","R","T","R","?","?","E","$","R","B",null,"M","M","M","$","M","R","M","E","T","R","$","M","?","E","R","B",null,"R","$","E","B"],"character_chosen":"THE_SILENT","items_purchased":["Snake Skull","PreservedInsect","Regal Pillow","Membership Card","Caltrops+1","Noxious Fumes+1","Happy Flower","Bag of Preparation","Cloak And Dagger","Vajra","Backflip"],"campfire_rested":5,"item_purchase_floors":[22,22,22,31,31,31,38,45,45,53,53],"current_hp_per_floor":[63,60,60,60,60,54,41,34,34,27,27,21,19,19,37,23,63,58,48,41,34,34,25,25,63,63,63,63,63,44,44,77,35,77,71,71,68,68,61,61,61,42,42,82,82,82,82,74,84,41,84,84,84,54,0,0],"gold":35,"neow_bonus":"THREE_RARE_CARDS","is_daily":false,"chose_seed":false,"campfire_upgraded":2,"win_rate":0.0,"timestamp":1610638877,"path_taken":["M","?","M","?","M","E","E","E","T","E","?","?","E","?","R","BOSS","M","M","M","M","$","E","?","R","T","R","?","?","E","$","R","BOSS","M","M","M","?","M","R","M","E","T","R","$","M","?","E","R","BOSS","R","$","E","BOSS"],"items_purchased_type":["Relic","Relic","Relic","Relic","Card","Card","Relic","Relic","Card","Relic","Card"],"build_version":"2020-12-22","purchased_purges":3,"victory":false,"max_hp_per_floor":[63,63,63,63,63,63,63,63,63,63,63,63,63,63,63,63,63,63,63,63,63,63,77,77,77,77,77,77,77,77,77,77,77,77,77,77,77,77,77,77,77,84,84,84,84,84,84,84,84,84,84,84,84,84,84,84],"card_choices":[{"not_picked":["Wraith Form v2","Tools of the Trade"],"picked":"Adrenaline","floor":0},{"not_picked":["Deflect","Underhanded Strike"],"picked":"Dodge and Roll","floor":1},{"not_picked":["Bane","Flechettes"],"picked":"Poisoned Stab","floor":3},{"not_picked":["Blade Dance","Endless Agony"],"picked":"Bane","floor":5},{"not_picked":["Finisher","Sucker Punch"],"picked":"Footwork","floor":6},{"not_picked":["Backflip","Sucker Punch"],"picked":"Terror","floor":7},{"not_picked":["Blade Dance","Calculated Gamble","Distraction"],"picked":"Cloak And Dagger","floor":8},{"not_picked":["PiercingWail","Flechettes","Concentrate"],"picked":"Escape Plan","floor":10},{"not_picked":["PiercingWail","A Thousand Cuts","Crippling Poison"],"picked":"Blade Dance","floor":11},{"not_picked":["Dagger Throw","Concentrate","Outmaneuver"],"picked":"Prepared","floor":12},{"not_picked":["Unload","Slice","Tactician"],"picked":"Dagger Spray","floor":13},{"not_picked":["Burst","Grand Finale","Storm of Steel"],"picked":"Die Die Die","floor":16},{"not_picked":["Quick Slash","Dash","Accuracy"],"picked":"Bane+1","floor":18},{"not_picked":["Predator","Bane+1","Blade Dance"],"picked":"Deadly Poison","floor":19},{"not_picked":["Bane","Deflect","Sucker Punch+1"],"picked":"Blur","floor":20},{"not_picked":["Catalyst","Backflip","Heel Hook","Masterful Stab"],"picked":"SKIP","floor":21},{"not_picked":["Catalyst","Masterful Stab","Underhanded Strike","Slice"],"picked":"SKIP","floor":23},{"not_picked":["Dagger Throw","Concentrate","Predator","Reflex"],"picked":"SKIP","floor":30},{"not_picked":["Die Die Die","Bullet Time","Malaise"],"picked":"After Image+1","floor":33},{"not_picked":["PiercingWail","Acrobatics+1","Heel Hook+1","Concentrate"],"picked":"SKIP","floor":35},{"not_picked":["Dagger Spray+1","Deadly Poison","Choke+1"],"picked":"Catalyst+1","floor":36},{"not_picked":["Bane+1","Deflect","Outmaneuver+1","Flechettes"],"picked":"SKIP","floor":37},{"not_picked":["All Out Attack","Sucker Punch","Flying Knee","Underhanded Strike+1"],"picked":"SKIP","floor":39},{"not_picked":["Poisoned Stab+1","Doppelganger","Predator"],"picked":"Deadly Poison","floor":41},{"not_picked":["Quick Slash","Concentrate","Eviscerate+1"],"picked":"Leg Sweep+1","floor":42},{"not_picked":["Dodge and Roll+1","PiercingWail","Flying Knee"],"picked":"Blur+1","floor":46},{"not_picked":["All Out Attack","Skewer","Acrobatics","Backstab"],"picked":"SKIP","floor":48},{"not_picked":["Prepared","Underhanded Strike","Night Terror"],"picked":"Leg Sweep+1","floor":54}],"player_experience":703162,"relics_obtained":[{"floor":6,"key":"Du-Vu Doll"},{"floor":7,"key":"Question Card"},{"floor":8,"key":"Lantern"},{"floor":10,"key":"The Courier"},{"floor":13,"key":"Centennial Puzzle"},{"floor":23,"key":"Mango"},{"floor":24,"key":"Frozen Egg 2"},{"floor":26,"key":"Letter Opener"},{"floor":30,"key":"Mercury Hourglass"},{"floor":42,"key":"Strawberry"},{"floor":43,"key":"Juzu Bracelet"},{"floor":48,"key":"InkBottle"},{"floor":54,"key":"Pen Nib"}],"event_choices":[{"damage_healed":0,"gold_gain":0,"player_choice":"Success","damage_taken":3,"relics_obtained":["WingedGreaves"],"max_hp_gain":0,"max_hp_loss":0,"event_name":"Scrap Ooze","floor":2,"gold_loss":0},{"cards_removed":["Strike_G"],"damage_healed":0,"gold_gain":0,"player_choice":"Offered Basic","damage_taken":0,"max_hp_gain":0,"max_hp_loss":0,"event_name":"Bonfire Elementals","floor":4,"gold_loss":0},{"damage_healed":0,"gold_gain":0,"player_choice":"Forge","damage_taken":0,"max_hp_gain":0,"max_hp_loss":0,"event_name":"Accursed Blacksmith","floor":14,"gold_loss":0,"cards_upgraded":["Footwork"]},{"damage_healed":0,"gold_gain":99,"player_choice":"Stole From Cult","damage_taken":0,"max_hp_gain":0,"max_hp_loss":0,"event_name":"Nest","floor":28,"gold_loss":0},{"damage_healed":0,"gold_gain":0,"cards_transformed":["Strike_G"],"player_choice":"Transformed","damage_taken":0,"max_hp_gain":0,"max_hp_loss":0,"event_name":"Transmorgrifier","floor":29,"gold_loss":0,"cards_obtained":["Backstab"]},{"cards_removed":["Defend_G"],"damage_healed":0,"gold_gain":0,"player_choice":"Removed Skill","damage_taken":0,"max_hp_gain":0,"max_hp_loss":0,"event_name":"Falling","floor":47,"gold_loss":0}],"is_beta":false,"boss_relics":[{"not_picked":["Coffee Dripper","Velvet Choker"],"picked":"Ring of the Serpent"},{"not_picked":["HoveringKite","SacredBark"],"picked":"WristBlade"}],"items_purged_floors":[22,31,38],"is_endless":false,"potions_floor_spawned":[3,8,11,12,19,20,21,36,41,42,46,48],"killed_by":"The Heart","ascension_level":1}}