{"host":"oc9z8cublggqyfxu","time":1610638447,"event":{"mods":["AchievementEnabler","Act Like it!","Aspiration","BaseMod","Colored Map","Colored Powertips","Conspire","Downfall","Gensokyo","Hallownest","Highlight Path","KinomotoSakuraMod(木之本樱)","Koishi","Lobotomy","LobotomyExtend","Marisa（F雨　魔理沙）","Minty Spire (QoL Compilation)","Quick Restart","Reimu（博丽灵梦）","Relic Stats","Remilia（蕾米莉亚）","RumiaBox-露米娅的神秘盒子","StSLib","The Administrix","The Animator","The Blackbeard","The Hierophant","The Jungle","The Servant 0.9.4","Youmu（魂魄妖梦）","Yuyuko","vexMod","【功能Mod】聪明的最终Boss"],"gold_per_floor":[111,123,83,101,134,134,134],"floor_reached":6,"language":"ZHS","playtime":399,"items_purged":[],"score":36,"play_id":"f526aace-8270-487d-aa9a-e90c995d202d","local_time":"20210114233407","is_ascension_mode":false,"campfire_choices":[],"circlet_count":0,"master_deck":["Strike_R","Strike_R","Strike_R","Strike_R","Strike_R","Defend_R","Defend_R","Defend_R","Defend_R","Bash","OldLady","Sword Boomerang","WhitesApple","Sword Boomerang","PunishingBird","Parasite","VoidDream","Rupture","Parasite"],"relics":["Burning Blood","CogitoBucket","AddBug","SecretRecord","SecretRecord"],"acts_visited":["Exordium"],"potions_floor_usage":[],"damage_taken":[{"damage":6,"enemies":"Cultist","floor":1,"turns":3},{"damage":6,"enemies":"2 Louse","floor":2,"turns":2},{"damage":11,"enemies":"Jaw Worm","floor":4,"turns":2},{"damage":7,"enemies":"conspire:MimicChest","floor":5,"turns":4},{"damage":119,"enemies":"3 Sentries","floor":6,"turns":3}],"seed_played":"6151898402475506008","potions_obtained":[{"floor":5,"key":"GamblersBrew"}],"is_trial":false,"path_per_floor":["M","M","?","M","?","E"],"character_chosen":"IRONCLAD","items_purchased":[],"campfire_rested":0,"item_purchase_floors":[],"current_hp_per_floor":[80,80,80,75,78,0,0],"gold":134,"neow_bonus":"","is_daily":false,"chose_seed":false,"campfire_upgraded":0,"win_rate":0.0,"timestamp":1610638447,"path_taken":["M","?","?","M","?","E"],"items_purchased_type":[],"build_version":"2020-12-22","purchased_purges":0,"victory":false,"max_hp_per_floor":[80,80,80,80,80,80,80],"relic_stats":{"counters":[5,14],"obtain_stats":[{"CogitoBucket":0,"AddBug":1,"SecretRecord":1,"Burning Blood":0},{"CogitoBucket":0,"AddBug":1,"SecretRecord":1,"Burning Blood":0},{"CogitoBucket":0,"AddBug":3,"SecretRecord":3,"Burning Blood":0}],"Burning Blood":24},"card_choices":[{"not_picked":["GalaxyChild","BeautyBeast"],"picked":"OldLady","floor":1},{"not_picked":["Clash","Pommel Strike"],"picked":"Sword Boomerang","floor":1},{"not_picked":["LittleHelper","Rudolta"],"picked":"WhitesApple","floor":2},{"not_picked":["Anger","Wild Strike"],"picked":"Sword Boomerang","floor":2},{"not_picked":["CrumblingArmor","Freischutz"],"picked":"PunishingBird","floor":4},{"not_picked":["Immolate","Clothesline","Body Slam"],"picked":"SKIP","floor":4},{"not_picked":["LittlePrince","SpiderBud"],"picked":"VoidDream","floor":5},{"not_picked":["Heavy Blade","Carnage"],"picked":"Rupture","floor":5}],"player_experience":252981,"relics_obtained":[{"floor":1,"key":"AddBug"},{"floor":1,"key":"LetterFromLob"},{"floor":2,"key":"LetterFromLob"},{"floor":4,"key":"LetterFromLob"},{"floor":5,"key":"Smiling Mask"},{"floor":5,"key":"SecretRecord"}],"event_choices":[{"damage_healed":0,"gold_gain":0,"player_choice":"塞钱","damage_taken":0,"relics_obtained":["PaintedHorse:ReiMu"],"max_hp_gain":0,"max_hp_loss":0,"event_name":"yidonshenshe","floor":3,"gold_loss":40}],"is_beta":false,"boss_relics":[],"items_purged_floors":[],"is_endless":false,"potions_floor_spawned":[5],"killed_by":"3 Sentries","ascension_level":0}}