{"host":"yq7vhdvcv08g2502","time":1610667766,"event":{"mods":["2.2 Compatiblity","AchievementEnabler","Act Like it!","BaseMod","CapriCore","Colored Powertips","Custom Start","Gensokyo","Marisa????????","Minty Spire (QoL Compilation)","Quick Restart","Reimu??????","StSLib","The Servant 0.9.4"],"gold_per_floor":[111,128,53,53,153,153,173,173,196,230,230,230,3,14,14,114,114,327,327,346,361,361,361,361,361],"floor_reached":24,"language":"ENG","playtime":1171,"items_purged":["Strike_MRS"],"score":249,"play_id":"744786a3-c387-4246-9062-00f43290f7be","local_time":"20210114234246","is_ascension_mode":true,"campfire_choices":[{"data":"MachineGunSpark","floor":6.0,"key":"SMITH"},{"floor":8.0,"key":"REST"},{"floor":12.0,"key":"REST"},{"floor":15.0,"key":"REST"},{"floor":23,"key":"REST"}],"circlet_count":0,"master_deck":["MasterSpark","UpSweep","MachineGunSpark+1","EnergyFlow+1","FinalSpark","JA","CasketOfStar","MeteoricShower","TreasureHunter","OortCloud","GasGiant","MachineGunSpark","DoubleSpark","PowerUp","DoubleSpark"],"relics":["MiniHakkero","Art of War","RuthlessExorcism:ReiMu","ClockworkSouvenir","Pandora\u0027s Box","Gensokyo:ChorusOfJoy"],"acts_visited":["Gensokyo:Gensokyo","Gensokyo:Gensokyoer"],"potions_floor_usage":[20,24],"damage_taken":[{"damage":12.0,"enemies":"Gensokyo:Python","floor":1.0,"turns":3.0},{"damage":0.0,"enemies":"Gensokyo:3_Fairies","floor":2.0,"turns":4.0},{"damage":9.0,"enemies":"Gensokyo:Gryphon","floor":7.0,"turns":3.0},{"damage":30.0,"enemies":"Gensokyo:Aya","floor":10.0,"turns":5.0},{"damage":12.0,"enemies":"Gensokyo:VengefulSpirit","floor":14.0,"turns":4.0},{"damage":31.0,"enemies":"Gensokyo:Reimu","floor":16.0,"turns":12.0},{"damage":5.0,"enemies":"Gensokyo:2_Gloops","floor":18.0,"turns":4.0},{"damage":41,"enemies":"Gensokyo:3_Dogs","floor":20,"turns":4},{"damage":11,"enemies":"Gensokyo:Chomper_and_Gloop","floor":21,"turns":3},{"damage":38,"enemies":"Gensokyo:Slime_Group","floor":24,"turns":3}],"seed_played":"655723028350139992","potions_obtained":[{"floor":1.0,"key":"BottledSpark"},{"floor":2.0,"key":"Explosive Potion"},{"floor":10.0,"key":"DistilledChaos"},{"floor":18.0,"key":"FearPotion"},{"floor":21,"key":"ColorlessPotion"}],"is_trial":false,"path_per_floor":["M","M","$","?","?","R","M","R","T","E","?","R","COS","M","R","B",null,"M","?","M","M","?","R","M"],"character_chosen":"MARISA","items_purchased":[],"campfire_rested":4,"item_purchase_floors":[],"current_hp_per_floor":[56,56,56,49,49,49,40,62,62,32,32,54,54,42,64,33,65,60,60,19,8,13,37,0,0],"gold":361,"neow_bonus":"REMOVE_CARD","is_daily":false,"chose_seed":false,"campfire_upgraded":1,"win_rate":0.0,"timestamp":1610667766,"path_taken":["M","M","?","?","?","R","M","R","T","E","?","R","COS","M","R","BOSS","M","?","?","M","?","R","M"],"items_purchased_type":[],"build_version":"2020-12-22","purchased_purges":1,"victory":false,"max_hp_per_floor":[75,75,75,75,75,75,75,75,75,75,75,75,75,75,75,75,75,75,75,75,75,80,80,80,80],"card_choices":[{"not_picked":["PropBag","6A"],"picked":"MachineGunSpark","floor":1.0},{"not_picked":["GrandCross","AlicesGift","DarkSpark"],"picked":"SKIP","floor":2.0},{"not_picked":["MachineGunSpark","GalacticHalo"],"picked":"EnergyFlow","floor":7.0},{"not_picked":["Singularity","DeepEcoloBomb","StarDustReverie"],"picked":"SKIP","floor":10.0},{"not_picked":["Orbital","MysteriousBeam","DragonMeteor"],"picked":"SKIP","floor":14.0},{"not_picked":["BlazingStar","AbsoluteMagnitude"],"picked":"FinalSpark","floor":16.0},{"not_picked":["BlazingStar","AbsoluteMagnitude"],"picked":"JA","floor":16.0},{"not_picked":["AsteroidBelt","Singularity+1"],"picked":"DoubleSpark","floor":18.0},{"not_picked":["SporeBomb","OrrerysSun"],"picked":"PowerUp","floor":20},{"not_picked":["Acceleration+1","EarthLightRay"],"picked":"DoubleSpark","floor":21}],"player_experience":290870,"relics_obtained":[{"floor":9.0,"key":"Art of War"},{"floor":10.0,"key":"RuthlessExorcism:ReiMu"}],"event_choices":[],"is_beta":false,"boss_relics":[{"not_picked":["Ectoplasm","RampagingMagicTools"],"picked":"Pandora\u0027s Box"}],"items_purged_floors":[3],"is_endless":false,"potions_floor_spawned":[1,2,10,18,21],"killed_by":"Gensokyo:Slime_Group","ascension_level":6}}