{"host":"pq8o62wp0h1hflf3","time":1610654798,"event":{"mods":["BaseMod","Minty Spire (QoL Compilation)","Relic Stats","ojb\u0027s Info Mod"],"gold_per_floor":[115,115,40,40,57,88,88,99,99,10,23,23,51,62,62,136,136,153,153,153,153,163,163,163,163],"floor_reached":24,"language":"ENG","playtime":912,"items_purged":[],"score":458,"play_id":"c609ab1d-45d9-4344-aa0f-6535689d4acc","local_time":"20210114150638","is_ascension_mode":true,"campfire_choices":[{"data":"Ball Lightning","floor":7,"key":"SMITH"},{"data":"Leap","floor":12,"key":"SMITH"},{"data":"Reinforced Body","floor":15,"key":"SMITH"},{"data":"Seek","floor":23,"key":"SMITH"}],"circlet_count":0,"master_deck":["AscendersBane","Strike_B+1","Strike_B","Defend_B","Defend_B","Defend_B","Defend_B","Zap+1","Dualcast+1","Cold Snap","Echo Form","Ball Lightning+1","Leap+1","Self Repair+1","Compile Driver+1","Reinforced Body+1","Seek+1","Capacitor+1","Writhe"],"relics":["Cracked Core","NeowsBlessing","Frozen Egg 2","Darkstone Periapt","Whetstone","Coffee Dripper","Thread and Needle","Enchiridion","GremlinMask"],"acts_visited":["Exordium","TheCity"],"potions_floor_usage":[11,13,16,24],"damage_taken":[{"damage":0,"enemies":"Jaw Worm","floor":1,"turns":1},{"damage":0,"enemies":"Small Slimes","floor":5,"turns":1},{"damage":0,"enemies":"Lagavulin","floor":6,"turns":1},{"damage":0,"enemies":"2 Louse","floor":8,"turns":2},{"damage":7,"enemies":"Exordium Wildlife","floor":11,"turns":4},{"damage":30,"enemies":"Gremlin Nob","floor":13,"turns":4},{"damage":0,"enemies":"2 Fungi Beasts","floor":14,"turns":3},{"damage":9,"enemies":"The Guardian","floor":16,"turns":12},{"damage":14,"enemies":"Chosen","floor":18,"turns":6},{"damage":1,"enemies":"Spheric Guardian","floor":22,"turns":4},{"damage":69,"enemies":"Slavers","floor":24,"turns":5}],"seed_played":"7671415158499998126","potions_obtained":[{"floor":1,"key":"Explosive Potion"},{"floor":11,"key":"AttackPotion"},{"floor":13,"key":"ColorlessPotion"},{"floor":16,"key":"SteroidPotion"},{"floor":18,"key":"Ancient Potion"}],"is_trial":false,"path_per_floor":["M","?","?","?","M","E","R","M","T","$","M","R","E","M","R","B",null,"M","?","?","?","M","R","E"],"character_chosen":"DEFECT","items_purchased":["Self Repair+1"],"campfire_rested":0,"item_purchase_floors":[10],"current_hp_per_floor":[64,64,64,43,43,43,43,43,43,43,46,46,26,36,36,37,63,69,75,54,54,63,63,0,0],"gold":163,"neow_bonus":"THREE_ENEMY_KILL","is_daily":false,"chose_seed":false,"campfire_upgraded":4,"win_rate":0.0,"timestamp":1610654798,"path_taken":["M","?","?","?","?","E","R","M","T","$","M","R","E","M","R","BOSS","M","?","?","?","?","R","E"],"items_purchased_type":["Card"],"build_version":"2020-12-22","purchased_purges":0,"victory":false,"max_hp_per_floor":[71,71,71,71,71,71,71,71,71,71,71,71,71,71,71,71,71,71,77,77,77,77,77,77,77],"relic_stats":{"Darkstone Periapt":6,"counters":[11,43],"Whetstone":["Compile Driver","Strike_B"],"obtain_stats":[{"Darkstone Periapt":9,"NeowsBlessing":0,"Enchiridion":20,"Thread and Needle":19,"GremlinMask":21,"Coffee Dripper":17,"Whetstone":13,"Frozen Egg 2":6,"Cracked Core":0},{"Darkstone Periapt":4,"NeowsBlessing":0,"Enchiridion":9,"Thread and Needle":9,"GremlinMask":9,"Coffee Dripper":8,"Whetstone":6,"Frozen Egg 2":3,"Cracked Core":0},{"Darkstone Periapt":5,"NeowsBlessing":0,"Enchiridion":34,"Thread and Needle":34,"GremlinMask":34,"Coffee Dripper":28,"Whetstone":13,"Frozen Egg 2":3,"Cracked Core":0}]},"card_choices":[{"not_picked":["Steam Power","Coolheaded"],"picked":"Cold Snap","floor":1},{"not_picked":["Reprogram","Redo","Darkness"],"picked":"SKIP","floor":5},{"not_picked":["Conserve Battery","Steam"],"picked":"Ball Lightning","floor":6},{"not_picked":["Sweeping Beam","Undo"],"picked":"Leap","floor":8},{"not_picked":["Gash","Recycle"],"picked":"Compile Driver","floor":11},{"not_picked":["All For One","Force Field","Double Energy"],"picked":"SKIP","floor":13},{"not_picked":["All For One","Force Field","Double Energy"],"picked":"SKIP","floor":13},{"not_picked":["White Noise","Static Discharge+1"],"picked":"Reinforced Body","floor":14},{"not_picked":["Meteor Strike","Echo Form+1"],"picked":"Seek","floor":16},{"not_picked":["Melter","Reinforced Body+1"],"picked":"Capacitor+1","floor":18},{"not_picked":["Go for the Eyes","Rebound","Streamline"],"picked":"SKIP","floor":22}],"player_experience":1146067,"relics_obtained":[{"floor":6,"key":"Frozen Egg 2"},{"floor":9,"key":"Darkstone Periapt"},{"floor":13,"key":"Whetstone"},{"floor":20,"key":"Enchiridion"}],"event_choices":[{"damage_healed":0,"gold_gain":0,"cards_transformed":["Strike_B"],"player_choice":"Change","damage_taken":0,"max_hp_gain":0,"max_hp_loss":0,"event_name":"Living Wall","floor":2,"gold_loss":0,"cards_obtained":["Echo Form"]},{"cards_removed":["Strike_B"],"damage_healed":0,"gold_gain":0,"player_choice":"Card Removal","damage_taken":0,"max_hp_gain":0,"max_hp_loss":0,"event_name":"The Cleric","floor":3,"gold_loss":75},{"damage_healed":0,"gold_gain":0,"player_choice":"Entered Light","damage_taken":21,"max_hp_gain":0,"max_hp_loss":0,"event_name":"Shining Light","floor":4,"gold_loss":0,"cards_upgraded":["Zap","Dualcast"]},{"damage_healed":0,"gold_gain":0,"player_choice":"Opened","damage_taken":0,"relics_obtained":["Thread and Needle"],"max_hp_gain":0,"max_hp_loss":0,"event_name":"The Mausoleum","floor":19,"gold_loss":0,"cards_obtained":["Writhe"]},{"damage_healed":0,"gold_gain":0,"player_choice":"Obtained Book","damage_taken":21,"max_hp_gain":0,"max_hp_loss":0,"event_name":"Cursed Tome","floor":20,"gold_loss":0},{"damage_healed":0,"gold_gain":0,"player_choice":"Trade","damage_taken":0,"relics_obtained":["GremlinMask"],"max_hp_gain":0,"max_hp_loss":0,"event_name":"FaceTrader","floor":21,"gold_loss":0}],"is_beta":false,"boss_relics":[{"not_picked":["Pandora\u0027s Box","Runic Pyramid"],"picked":"Coffee Dripper"}],"items_purged_floors":[],"is_endless":false,"potions_floor_spawned":[1,11,13,16,18],"killed_by":"Slavers","ascension_level":20}}