{"host":"jggt5i9rbuoqvque","time":1610653061,"event":{"mods":["BaseMod","Colored Map","Minty Spire (QoL Compilation)","StSLib"],"gold_per_floor":[111,131,131,131,131,163,183,202,226,242,317,317,317,334,334,429,429,441,457,382,400,400,400,429,21,46,46,46,46,56,71,71,71,71],"floor_reached":33,"language":"KOR","playtime":852,"items_purged":["Strike_R"],"score":410,"play_id":"61e98217-a715-44fe-8ceb-d82aa41c3d17","local_time":"20210115043741","is_ascension_mode":true,"campfire_choices":[{"data":"Feed","floor":12.0,"key":"SMITH"},{"floor":15.0,"key":"REST"},{"data":"Disarm","floor":23.0,"key":"SMITH"},{"floor":32.0,"key":"REST"}],"circlet_count":0,"master_deck":["Strike_R","Strike_R+1","Strike_R+1","Defend_R","Defend_R","Defend_R","Defend_R","Bash","Inflame","Feed+1","Ghostly Armor","Heavy Blade+1","Disarm+1","Double Tap"],"relics":["Burning Blood","Matryoshka","MealTicket","TungstenRod","Regal Pillow","Pen Nib","Whetstone","SlaversCollar","Tiny Chest","Red Skull","Gremlin Horn","Juzu Bracelet"],"acts_visited":["Exordium","TheCity"],"potions_floor_usage":[33],"damage_taken":[{"damage":5.0,"enemies":"Small Slimes","floor":1.0,"turns":3.0},{"damage":0.0,"enemies":"Jaw Worm","floor":2.0,"turns":3.0},{"damage":44.0,"enemies":"3 Sentries","floor":6.0,"turns":11.0},{"damage":1.0,"enemies":"2 Louse","floor":7.0,"turns":3.0},{"damage":14.0,"enemies":"Blue Slaver","floor":8.0,"turns":5.0},{"damage":10.0,"enemies":"Looter","floor":10.0,"turns":2.0},{"damage":16.0,"enemies":"Gremlin Gang","floor":14.0,"turns":5.0},{"damage":34.0,"enemies":"Slime Boss","floor":16.0,"turns":11.0},{"damage":57.0,"enemies":"2 Thieves","floor":18.0,"turns":5.0},{"damage":2.0,"enemies":"Chosen","floor":19.0,"turns":4.0},{"damage":30.0,"enemies":"Snake Plant","floor":21.0,"turns":5.0},{"damage":55.0,"enemies":"Slavers","floor":24.0,"turns":8.0},{"damage":39.0,"enemies":"Shelled Parasite and Fungi","floor":30.0,"turns":5.0},{"damage":16.0,"enemies":"Chosen and Byrds","floor":31.0,"turns":6.0},{"damage":79,"enemies":"Champ","floor":33,"turns":6}],"seed_played":"-3035316600102329558","potions_obtained":[{"floor":1.0,"key":"BlessingOfTheForge"},{"floor":8.0,"key":"BloodPotion"},{"floor":10.0,"key":"SkillPotion"},{"floor":14.0,"key":"LiquidMemories"},{"floor":16.0,"key":"GamblersBrew"},{"floor":19.0,"key":"Block Potion"},{"floor":24.0,"key":"ColorlessPotion"},{"floor":31.0,"key":"Fire Potion"}],"is_trial":false,"path_per_floor":["M","M","?","?","T","E","M","M","T","M","?","R","?","M","R","B",null,"M","M","$","M","?","R","E","$","T","?","$","?","M","M","R","B"],"character_chosen":"IRONCLAD","items_purchased":["Red Skull","Gremlin Horn"],"campfire_rested":2,"item_purchase_floors":[25,25],"current_hp_per_floor":[68,74,74,67,67,29,37,32,32,31,21,21,21,36,83,55,96,49,53,68,44,81,81,32,47,47,47,62,62,33,27,78,0,0],"gold":71,"neow_bonus":"TWENTY_PERCENT_HP_BONUS","is_daily":false,"chose_seed":false,"campfire_upgraded":2,"win_rate":0.0,"timestamp":1610653061,"path_taken":["M","M","?","?","?","E","M","M","T","M","?","R","?","M","R","BOSS","M","M","$","M","?","R","E","$","T","?","$","?","M","M","R","BOSS"],"items_purchased_type":["Relic","Relic"],"build_version":"2020-12-22","purchased_purges":1,"victory":false,"max_hp_per_floor":[96,96,96,96,96,96,99,102,102,105,105,105,105,109,109,109,109,113,113,113,113,113,113,113,113,113,113,113,113,117,121,121,121,121],"card_choices":[{"not_picked":["Havoc","Anger"],"picked":"Inflame","floor":1.0},{"not_picked":["Clash","Body Slam","Thunderclap"],"picked":"SKIP","floor":2.0},{"not_picked":["Body Slam","Berserk"],"picked":"Feed","floor":6.0},{"not_picked":["Fire Breathing","Perfected Strike"],"picked":"Ghostly Armor","floor":7.0},{"not_picked":["Clothesline","Pummel","Metallicize"],"picked":"SKIP","floor":8.0},{"not_picked":["Burning Pact","Shrug It Off","Perfected Strike"],"picked":"SKIP","floor":10.0},{"not_picked":["Sword Boomerang","Hemokinesis","Warcry"],"picked":"SKIP","floor":14.0},{"not_picked":["Shrug It Off","Cleave+1"],"picked":"Heavy Blade+1","floor":18.0},{"not_picked":["Entrench","Perfected Strike"],"picked":"Disarm","floor":19.0},{"not_picked":["Thunderclap+1","Dark Embrace+1","Entrench"],"picked":"SKIP","floor":21.0},{"not_picked":["Intimidate","Rage+1"],"picked":"Double Tap","floor":24.0},{"not_picked":["Warcry","Wild Strike","Clothesline"],"picked":"SKIP","floor":30.0},{"not_picked":["Hemokinesis","Shrug It Off+1","Warcry"],"picked":"SKIP","floor":31.0}],"player_experience":341139,"relics_obtained":[{"floor":5.0,"key":"MealTicket"},{"floor":5.0,"key":"TungstenRod"},{"floor":6.0,"key":"Regal Pillow"},{"floor":9.0,"key":"Pen Nib"},{"floor":9.0,"key":"Whetstone"},{"floor":24.0,"key":"Tiny Chest"},{"floor":26.0,"key":"Juzu Bracelet"}],"event_choices":[{"damage_healed":0.0,"max_hp_gain":0.0,"max_hp_loss":0.0,"gold_gain":0.0,"event_name":"Big Fish","player_choice":"Box","floor":3.0,"gold_loss":0.0,"damage_taken":0.0,"relics_obtained":["Matryoshka"],"cards_obtained":["Regret"]},{"cards_removed":["Regret"],"damage_healed":0.0,"max_hp_gain":0.0,"max_hp_loss":0.0,"gold_gain":0.0,"event_name":"Golden Wing","player_choice":"Card Removal","floor":4.0,"gold_loss":0.0,"damage_taken":7.0},{"damage_healed":0.0,"max_hp_gain":0.0,"max_hp_loss":0.0,"gold_gain":75.0,"event_name":"World of Goop","player_choice":"Gather Gold","floor":11.0,"gold_loss":0.0,"damage_taken":11.0},{"cards_removed":["Strike_R"],"damage_healed":0.0,"max_hp_gain":0.0,"max_hp_loss":0.0,"gold_gain":0.0,"event_name":"Living Wall","player_choice":"Forget","floor":13.0,"gold_loss":0.0,"damage_taken":0.0},{"damage_healed":37.0,"max_hp_gain":0.0,"max_hp_loss":0.0,"gold_gain":0.0,"event_name":"The Library","player_choice":"Heal","floor":22.0,"gold_loss":0.0,"damage_taken":0.0},{"damage_healed":0.0,"max_hp_gain":0.0,"max_hp_loss":0.0,"gold_gain":0.0,"event_name":"Wheel of Change","player_choice":"Cursed","floor":27.0,"gold_loss":0.0,"damage_taken":0.0,"cards_obtained":["Decay"]},{"cards_removed":["Decay"],"damage_healed":0.0,"max_hp_gain":0.0,"max_hp_loss":0.0,"gold_gain":0.0,"event_name":"Purifier","player_choice":"Purged","floor":29.0,"gold_loss":0.0,"damage_taken":0.0}],"is_beta":false,"boss_relics":[{"not_picked":["Ectoplasm","Fusion Hammer"],"picked":"SlaversCollar"}],"items_purged_floors":[20],"is_endless":false,"potions_floor_spawned":[1,8,10,14,16,19,24,31],"killed_by":"Champ","ascension_level":7}}