{"host":"51fyd6gkml7xavq8","time":1610598121,"event":{"mods":["BaseMod","BetterRewards","Colored Map","Energized Spire","Infinite Spire","Minty Spire (QoL Compilation)","Replay The Spire","Shop Mod","Spicy Shops","StSLib","The Blue Laboratory","[IsaacMod]????"],"gold_per_floor":[116,139,9,9,184,184,232,261,261,27,27,104,130,130],"floor_reached":13,"language":"ENG","playtime":678,"items_purged":["Bash","Regret","Doubt","Strike_R"],"score":91,"play_id":"14d4efb6-ed3f-4f17-b945-41aa565ae010","local_time":"20210114012201","is_ascension_mode":true,"campfire_choices":[{"floor":6,"key":"REST"},{"data":"Pummel","floor":6,"key":"SMITH"},{"floor":11,"key":"REST"},{"data":"ReplayTheSpireMod:Corrosion Curse","floor":11,"key":"SMITH"}],"circlet_count":0,"master_deck":["Strike_R","Strike_R","Strike_R","Strike_R","Defend_R","Defend_R","Defend_R","Defend_R","Pummel+1","ReplayTheSpireMod:Corrosion Curse+1","Enlightenment","True Grit"],"relics":["Burning Blood","HushsDoor","infinitespire:Magic Flask","TheBean","MerchantsRug","Membership Card","infinitespire:Midas Blood","Singing Bowl","SteamSale","infinitespire:ShieldingShard","Bag of Preparation","ReplayTheSpireMod:Spearhead","Chemical X","King of Hearts"],"acts_visited":["Exordium"],"potions_floor_usage":[],"damage_taken":[{"damage":0.0,"enemies":"2 Louse","floor":1.0,"turns":2.0},{"damage":3,"enemies":"Small Slimes","floor":2,"turns":3},{"damage":12,"enemies":"Jaw Worm","floor":7,"turns":4},{"damage":14,"enemies":"2 Fungi Beasts","floor":8,"turns":3},{"damage":86,"enemies":"3 Sentries","floor":13,"turns":14}],"seed_played":"6597999283441814818","potions_obtained":[{"floor":2,"key":"blueLaboratory:BottleOfVodka"}],"is_trial":false,"path_per_floor":["M","M","$","?","?","R","M","M","T","$","R","$","E"],"character_chosen":"IRONCLAD","items_purchased":["infinitespire:Magic Flask","TheBean","MerchantsRug","Membership Card","Singing Bowl","SteamSale","infinitespire:ShieldingShard","Bag of Preparation","ReplayTheSpireMod:Spearhead","Chemical X","King of Hearts","SpeedPotion","blueLaboratory:BottleOfRum","blueLaboratory:BottleOfRum","DuplicationPotion","Enlightenment","True Grit"],"campfire_rested":2,"item_purchase_floors":[0,0,0,3,10,12,12,12,12,12,12,12,12,12,12,12,12],"current_hp_per_floor":[52,55,55,55,55,79,73,65,65,65,80,80,0,0],"gold":130,"neow_bonus":"","is_daily":false,"chose_seed":false,"campfire_upgraded":2,"win_rate":0.0,"timestamp":1610598121,"path_taken":["M","M","$","?","?","R","M","M","T","$","R","$","E"],"items_purchased_type":["Relic","Relic","Relic","Relic","Relic","Relic","Relic","Relic","Relic","Relic","Relic","Potion","Potion","Potion","Potion","Card","Card"],"build_version":"2020-12-22","purchased_purges":4,"victory":false,"max_hp_per_floor":[80,80,80,80,80,80,80,80,80,80,80,80,80,80],"card_choices":[{"not_picked":["Perfected Strike","Armaments"],"picked":"Pummel","floor":1.0},{"not_picked":["Iron Wave","Flex","Combust"],"picked":"SKIP","floor":2},{"not_picked":["ReplayTheSpireMod:Strike From Hell","Hemokinesis"],"picked":"ReplayTheSpireMod:Corrosion Curse","floor":7},{"not_picked":["Evolve","Heavy Blade","Impervious"],"picked":"SKIP","floor":8}],"player_experience":499356,"relics_obtained":[{"floor":9,"key":"infinitespire:Beetle Shell"}],"event_choices":[{"damage_healed":0,"gold_gain":0,"player_choice":"Box","damage_taken":0,"relics_obtained":["infinitespire:Midas Blood"],"max_hp_gain":0,"max_hp_loss":0,"event_name":"Big Fish","floor":4,"gold_loss":0,"cards_obtained":["Regret"]},{"damage_healed":0,"gold_gain":175,"player_choice":"AGREE","damage_taken":0,"max_hp_gain":0,"max_hp_loss":0,"event_name":"Liars Game","floor":5,"gold_loss":0,"cards_obtained":["Doubt"]}],"is_beta":false,"boss_relics":[],"items_purged_floors":[0,10,10,12],"is_endless":false,"potions_floor_spawned":[2],"killed_by":"3 Sentries","ascension_level":5}}