{"host":"nlowmoq7gy18n72d","time":1610590825,"event":{"mods":["BaseMod","Colored Powertips","Conspire","Downfall","Hermit","Highlight Path","Infinite Spire","Jorbs\u0027s Wanderer Trilogy","Minty Spire (QoL Compilation)","Replay The Spire","StSLib","The Cursed"],"gold_per_floor":[99,110,129,579,599,599,599,634,698,60,70,89,117,117,127,227,227,152,170,170,187,187,187,187,207,223,243,243,316,326,351,364,459,459,309,320,333,118,133,133,133,18,18,67,101,119,119,119,119,119],"floor_reached":48,"language":"ENG","playtime":2456,"items_purged":["Regret","Guardian:Strike_Guardian","Guardian:Strike_Guardian"],"score":615,"play_id":"f576f357-9cf5-44fa-84ee-1d4c48cdceb3","local_time":"20210114052025","is_ascension_mode":true,"campfire_choices":[{"floor":1,"key":"RECALL"},{"data":"Guardian:Repulse","floor":18,"key":"SMITH"},{"data":"Guardian:CurlUp","floor":23,"key":"SMITH"},{"data":"Guardian:SpikerProtocol","floor":47,"key":"SMITH"}],"circlet_count":0,"master_deck":["Guardian:Strike_Guardian","Guardian:Defend_Guardian","Guardian:Defend_Guardian","Guardian:Defend_Guardian","Guardian:Defend_Guardian","Guardian:CurlUp+1","Guardian:TwinSlam","Guardian:PiercingHide","Guardian:VentSteam","Slimebound:Icky","Slimebound:Icky","Slimebound:Icky","Guardian:PiercingHide+1","Guardian:AncientConstruct","Guardian:Repulse+1","Guardian:GuardianWhirl+1","Guardian:BronzeOrb","Guardian:Recover","Guardian:ChargeUp","Guardian:GemFinder","Guardian:Orbwalk+1","Guardian:SpikerProtocol+1","Hallucinations","Guardian:GemFire","Guardian:Gem_Red","Guardian:Repulse+1","Guardian:PrismaticBarrier","Guardian:GatlingBeam","Guardian:Gem_Green","Guardian:ShieldSpikes+1","Guardian:FuturePlans+1","Guardian:Gem_Cyan"],"relics":["Guardian:ModeShifter","Meat on the Bone","Du-Vu Doll","Tiny Chest","Guardian:DefensiveModeMoreBlock","Mirror","The Courier","infinitespire:Satchel","Black Star","downfall:HeartBlessingRed","TungstenRod","ReplayTheSpireMod:Ring of Addiction","White Beast Statue","SacredBark","ReplayTheSpireMod:Ring of Challenge","Gremlin Horn","ReplayTheSpireMod:Lightbulb","HornCleat","conspire:DecoderRing","Replay:Grab Bag","Replay:Bronze Core","ChewingGum","conspire:SpecialSausage","downfall:HeartBlessingGreen","downfall:HeartBlessingBlue","Simple Rune","hexamod:BolsterEngine","Counterbalance","Smiling Mask","Bottled Flame"],"acts_visited":["Exordium","TheCity","TheBeyond"],"potions_floor_usage":[8,13,16,16,29,29,29,31,31,38,42,46],"damage_taken":[{"damage":1,"enemies":"Small Slimes","floor":2,"turns":4},{"damage":6,"enemies":"Jaw Worm","floor":3,"turns":3},{"damage":5,"enemies":"2 Louse","floor":5,"turns":3},{"damage":31,"enemies":"Gremlin Nob","floor":8,"turns":6},{"damage":23,"enemies":"3 Sentries","floor":9,"turns":9},{"damage":7,"enemies":"downfall:FleeingMerchant","floor":10,"turns":4},{"damage":2,"enemies":"Red Slaver","floor":11,"turns":3},{"damage":0,"enemies":"3 Louse","floor":12,"turns":1},{"damage":32,"enemies":"Lagavulin","floor":13,"turns":7},{"damage":6,"enemies":"Exordium Wildlife","floor":15,"turns":4},{"damage":16,"enemies":"downfall:Silent","floor":16,"turns":9},{"damage":0,"enemies":"Chosen","floor":19,"turns":4},{"damage":18,"enemies":"Snecko","floor":21,"turns":5},{"damage":2,"enemies":"Centurion and Healer","floor":25,"turns":6},{"damage":36,"enemies":"Cultist and Chosen","floor":26,"turns":8},{"damage":14,"enemies":"Shelled Parasite and Fungi","floor":27,"turns":6},{"damage":27,"enemies":"Book of Stabbing","floor":29,"turns":7},{"damage":23,"enemies":"Chosen and Byrds","floor":30,"turns":5},{"damage":14,"enemies":"Nightmare","floor":31,"turns":12},{"damage":0,"enemies":"Sentry and Sphere","floor":32,"turns":3},{"damage":21,"enemies":"downfall:Watcher","floor":33,"turns":10},{"damage":0,"enemies":"Orb Walker","floor":36,"turns":4},{"damage":0,"enemies":"3 Shapes","floor":37,"turns":4},{"damage":0,"enemies":"downfall:FleeingMerchant","floor":38,"turns":5},{"damage":4,"enemies":"Transient","floor":39,"turns":5},{"damage":0,"enemies":"downfall:FleeingMerchant","floor":42,"turns":5},{"damage":55,"enemies":"Reptomancer","floor":45,"turns":5},{"damage":0,"enemies":"Sphere and 2 Shapes","floor":46,"turns":5}],"seed_played":"-2475823015376683237","potions_obtained":[{"floor":2,"key":"Milkshake"},{"floor":3,"key":"Regen Potion"},{"floor":8,"key":"Guardian:AcceleratePotion"},{"floor":11,"key":"Guardian:DefensiveModePotion"},{"floor":12,"key":"Swift Potion"},{"floor":27,"key":"SpeedPotion"},{"floor":28,"key":"Adrenaline Potion"},{"floor":28,"key":"FearPotion"},{"floor":28,"key":"LiquidMemories"},{"floor":29,"key":"SpeedPotion"},{"floor":30,"key":"SpeedPotion"},{"floor":31,"key":"Weak Potion"},{"floor":32,"key":"Dexterity Potion"},{"floor":33,"key":"SkillPotion"},{"floor":38,"key":"Reflective Coating"},{"floor":42,"key":"Explosive Potion"},{"floor":46,"key":"Block Potion"}],"is_trial":false,"path_per_floor":["R","M","M","?","M","?","T","E","?","$","M","M","E","?","M","B",null,"R","M","?","M","T","R","T","M","M","M","?","E","M","NM","M","B",null,"R","M","M","$","M","?","T","$","?","T","E","M","R","?"],"character_chosen":"GUARDIAN","items_purchased":["Guardian:DefensiveModeMoreBlock","Mirror","Guardian:GuardianWhirl+1","Guardian:BronzeOrb","Guardian:GatlingBeam"],"campfire_rested":0,"item_purchase_floors":[10,10,10,10,38],"current_hp_per_floor":[88,87,81,81,76,76,76,59,48,53,51,51,31,19,25,21,88,88,88,88,70,70,70,70,68,44,42,42,27,16,14,26,17,88,96,96,96,94,90,90,90,90,90,90,47,47,47,26,26,26],"gold":119,"neow_bonus":"TEN_PERCENT_HP_BONUS","is_daily":false,"chose_seed":false,"campfire_upgraded":3,"win_rate":0.0,"timestamp":1610590825,"path_taken":["R","M","M","?","M","?","T","E","?","$","M","M","E","?","M","BOSS","R","M","?","?","?","R","T","M","M","M","?","E","M","NM","M","BOSS","R","M","M","$","M","?","T","$","?","?","E","M","R","?"],"items_purchased_type":["Relic","Relic","Card","Card","Card"],"build_version":"2020-12-22","purchased_purges":3,"victory":false,"max_hp_per_floor":[88,88,88,88,88,88,88,88,88,88,88,88,88,88,88,88,88,88,88,88,88,88,88,88,88,88,88,88,88,88,88,88,88,88,96,96,96,94,94,94,94,92,92,92,92,90,90,90,90,90],"card_choices":[{"not_picked":["Guardian:PrismaticBeam","Guardian:Clone"],"picked":"Guardian:PiercingHide","floor":2},{"not_picked":["Guardian:BronzeArmor","Guardian:WalkerClaw"],"picked":"Guardian:VentSteam","floor":3},{"not_picked":["Guardian:Suspension","Guardian:TemporalShield"],"picked":"Guardian:PiercingHide","floor":5},{"not_picked":["Guardian:ShieldCharger","Guardian:Suspension"],"picked":"Guardian:Gem_Red","floor":8},{"not_picked":["Guardian:Planning","Guardian:Suspension"],"picked":"Guardian:AncientConstruct","floor":9},{"not_picked":["Guardian:RollAttack","Guardian:Gem_Red"],"picked":"Guardian:Repulse","floor":10},{"not_picked":["Guardian:RollAttack","Guardian:TemporalStrike"],"picked":"Guardian:Recover","floor":11},{"not_picked":["Guardian:Gem_Green","Guardian:Incinerate"],"picked":"Guardian:Gem_White","floor":12},{"not_picked":["Guardian:Incinerate","Guardian:CrystalBeam"],"picked":"Guardian:ChargeUp","floor":13},{"not_picked":["Guardian:TemporalShield","Guardian:RefractedBeam"],"picked":"Guardian:Gem_White","floor":15},{"not_picked":["Guardian:GemFire","Guardian:RevengeProtocol"],"picked":"Guardian:GemFinder","floor":16},{"not_picked":["Guardian:PrismaticBeam+1","Guardian:TimeBomb+1"],"picked":"Guardian:Gem_Lightblue","floor":19},{"not_picked":["Guardian:Gem_Green","Guardian:Gem_Lightblue"],"picked":"Guardian:Gem_Cyan","floor":21},{"not_picked":["Guardian:Gem_Lightblue","Guardian:BronzeArmor"],"picked":"Guardian:Gem_Green","floor":21},{"not_picked":["Guardian:Gem_Green","Guardian:Gem_Red"],"picked":"Guardian:Gem_Lightblue","floor":25},{"not_picked":["Guardian:RollAttack+1","Guardian:PiercingHide","Guardian:Suspension"],"picked":"SKIP","floor":25},{"not_picked":["Guardian:Gem_Lightblue","Guardian:Gem_Green"],"picked":"Guardian:Gem_Cyan","floor":26},{"not_picked":["Guardian:RollAttack+1","Guardian:Preprogram"],"picked":"Guardian:Orbwalk+1","floor":26},{"not_picked":["Guardian:Repulse","Guardian:Gem_Red"],"picked":"Guardian:SpikerProtocol","floor":27},{"not_picked":["Guardian:FloatingOrbs","Guardian:CrystalBeam","Guardian:Recover"],"picked":"SKIP","floor":29},{"not_picked":["Guardian:Orbwalk","Guardian:TimeCapacitor","Guardian:VentSteam"],"picked":"SKIP","floor":30},{"not_picked":["Guardian:Gem_Red","Guardian:Gem_White","Guardian:SentryBeam"],"picked":"SKIP","floor":31},{"not_picked":["Guardian:Suspension+1","Guardian:ArmoredProtocol"],"picked":"Guardian:BronzeArmor","floor":32},{"not_picked":["Guardian:HyperBeam_Guardian","Guardian:StasisStrike"],"picked":"Guardian:Gem_Synthetic","floor":33},{"not_picked":["Guardian:Gem_Cyan","Guardian:Gem_Lightblue"],"picked":"Guardian:Gem_Red","floor":36},{"not_picked":["Guardian:TemporalShield","Guardian:WalkerClaw+1"],"picked":"Guardian:Gem_Blue","floor":36},{"not_picked":["Guardian:Gem_Purple","Guardian:DonusPower+1"],"picked":"Guardian:Repulse+1","floor":37},{"not_picked":["Guardian:Recover","Guardian:Gem_Yellow"],"picked":"Guardian:PrismaticBarrier","floor":38},{"not_picked":["Guardian:Gem_Red","Guardian:Gem_Cyan"],"picked":"Guardian:Gem_Green","floor":39},{"not_picked":["Guardian:Recover+1","Guardian:WalkerClaw+1","Guardian:TemporalShield+1"],"picked":"SKIP","floor":39},{"not_picked":["Guardian:BaubleBeam","Guardian:GuardianWhirl"],"picked":"Guardian:ShieldSpikes+1","floor":42},{"not_picked":["Guardian:BaubleBeam","Guardian:ChargeCore+1"],"picked":"Guardian:FuturePlans+1","floor":45},{"not_picked":["Guardian:Harden+1","Guardian:ChargeCore+1","Guardian:Gem_White"],"picked":"SKIP","floor":46},{"not_picked":["Guardian:TemporalStrike","Guardian:Recover"],"picked":"Guardian:Gem_Cyan","floor":48}],"player_experience":649553,"relics_obtained":[{"floor":7,"key":"Meat on the Bone"},{"floor":8,"key":"Du-Vu Doll"},{"floor":9,"key":"Tiny Chest"},{"floor":13,"key":"The Courier"},{"floor":22,"key":"TungstenRod"},{"floor":28,"key":"ReplayTheSpireMod:Ring of Addiction"},{"floor":28,"key":"White Beast Statue"},{"floor":28,"key":"SacredBark"},{"floor":28,"key":"ReplayTheSpireMod:Ring of Challenge"},{"floor":29,"key":"Gremlin Horn"},{"floor":29,"key":"ReplayTheSpireMod:Lightbulb"},{"floor":31,"key":"HornCleat"},{"floor":31,"key":"conspire:DecoderRing"},{"floor":41,"key":"Simple Rune"},{"floor":44,"key":"hexamod:BolsterEngine"},{"floor":45,"key":"Counterbalance"},{"floor":45,"key":"Smiling Mask"},{"floor":48,"key":"Bottled Flame"}],"event_choices":[{"damage_healed":0,"gold_gain":0,"player_choice":"Success","damage_taken":12,"relics_obtained":["infinitespire:Satchel"],"max_hp_gain":0,"max_hp_loss":0,"event_name":"Scrap Ooze","floor":14,"gold_loss":0},{"cards_removed":["Guardian:BronzeArmor"],"damage_healed":0,"gold_gain":0,"player_choice":"Removed Skill","damage_taken":0,"max_hp_gain":0,"max_hp_loss":0,"event_name":"Falling","floor":43,"gold_loss":0}],"is_beta":false,"boss_relics":[{"not_picked":["conspire:RoyalGoblet","Ring of Chaos"],"picked":"Black Star"},{"not_picked":["Snecko Eye","SlaversCollar"],"picked":"Replay:Grab Bag"},{"not_picked":["Coffee Dripper","infinitespire:Cupcake"],"picked":"Replay:Bronze Core"},{"not_picked":["Runic Dome","Velvet Choker"],"picked":"ChewingGum"},{"not_picked":["conspire:RunicOctahedron","Pandora\u0027s Box"],"picked":"conspire:SpecialSausage"}],"items_purged_floors":[10,38,42],"is_endless":false,"potions_floor_spawned":[2,3,8,11,12,27,29,30,31,32,33,36,37,38,39,42,45,46],"ascension_level":1}}