{"host":"dzit4ljil6490tuf","time":1610583182,"event":{"mods":["BaseMod","Downfall","Hermit","Hubris","Minty Spire (QoL Compilation)","StSLib","The Cursed","The Runesmith","The Servant 0.9.4"],"gold_per_floor":[99,119,119,26,26,11,34,64,74,74,90,100,118,118,133,234,284,284,298,317,335,335,0,0,20,38,38,50,150,267,280,294,398,398,398,408,421,58,68,68,68,118,118,89,100,133,133,163,175,175,175,175],"floor_reached":50,"language":"ITA","playtime":3616,"items_purged":["Guardian:Strike_Guardian","Parasite"],"score":611,"play_id":"d3c9395f-8b62-4402-a81f-be710302191e","local_time":"20210114011302","is_ascension_mode":true,"campfire_choices":[{"data":"Guardian:CurlUp","floor":1,"key":"SMITH"},{"data":"Guardian:ShieldCharger","floor":10,"key":"SMITH"},{"data":"Guardian:PiercingHide","floor":18,"key":"SMITH"},{"data":"Guardian:FastForward","floor":27,"key":"SMITH"},{"data":"Guardian:ChargeUp","floor":35,"key":"SMITH"},{"data":"Guardian:Clone","floor":43,"key":"SMITH"},{"floor":47,"key":"REST"}],"circlet_count":0,"master_deck":["Guardian:Strike_Guardian","Guardian:Strike_Guardian+1","Guardian:Defend_Guardian","Guardian:Defend_Guardian","Guardian:Defend_Guardian","Guardian:Defend_Guardian","Guardian:CurlUp+1","Guardian:TwinSlam+1","Guardian:PolyBeam","Guardian:Orbwalk","Guardian:Planning","Guardian:TimeCapacitor","Guardian:PrimingBeam","Guardian:PiercingHide+1","Guardian:WalkerClaw+1","Guardian:ChargeUp+1","Guardian:EvasiveProtocol+1","Guardian:PrismaticBeam+1","Guardian:VentSteam+1","Guardian:Reroute+1","Guardian:TemporalStrike+1","Guardian:Planning","Guardian:FierceBash+1","Guardian:TemporalStrike+1","Guardian:BaubleBeam+1","Guardian:EvasiveProtocol","Guardian:PrismaticBarrier+1","expansioncontent:Flail+1","Guardian:SpikerProtocol","Guardian:Clone+1","Guardian:PolyBeam+1","Sadistic Nature","hubris:DuctTapeCard","Guardian:Gem_Blue"],"relics":["Guardian:ModeShifter","hubris:Icosahedron","Boot","hubris:TinFlute","Molten Egg 2","Tiny House","Membership Card","Pantograph","Lantern","hubris:ScarierMask","Lizard Tail","Juzu Bracelet","Singing Bowl","hubris:64BitClover","Strawberry","Medical Kit","Potion Belt","Ancient Tea Set","hubris:DuctTape"],"acts_visited":["Exordium","TheCity","TheBeyond"],"potions_floor_usage":[12,15,16,28,30,32,33,33,38,39,42,45,46,46,49,50],"damage_taken":[{"damage":2,"enemies":"Jaw Worm","floor":2,"turns":3},{"damage":0,"enemies":"downfall:FleeingMerchant","floor":4,"turns":4},{"damage":15,"enemies":"downfall:FleeingMerchant","floor":6,"turns":4},{"damage":7,"enemies":"Gremlin Nob","floor":8,"turns":4},{"damage":0,"enemies":"2 Louse","floor":9,"turns":2},{"damage":0,"enemies":"Cultist","floor":11,"turns":3},{"damage":0,"enemies":"Exordium Wildlife","floor":12,"turns":3},{"damage":7,"enemies":"2 Fungi Beasts","floor":13,"turns":3},{"damage":11,"enemies":"Lots of Slimes","floor":15,"turns":3},{"damage":21,"enemies":"downfall:Silent","floor":16,"turns":7},{"damage":0,"enemies":"Shell Parasite","floor":19,"turns":3},{"damage":6,"enemies":"Chosen","floor":20,"turns":5},{"damage":4,"enemies":"3 Cultists","floor":21,"turns":5},{"damage":9,"enemies":"downfall:FleeingMerchant","floor":23,"turns":4},{"damage":12,"enemies":"Cultist and Chosen","floor":25,"turns":5},{"damage":14,"enemies":"Snake Plant","floor":26,"turns":4},{"damage":14,"enemies":"Chosen and Byrds","floor":28,"turns":7},{"damage":4,"enemies":"Cultist and Chosen","floor":30,"turns":4},{"damage":0,"enemies":"Sentry and Sphere","floor":31,"turns":5},{"damage":0,"enemies":"Shelled Parasite and Fungi","floor":32,"turns":4},{"damage":19,"enemies":"downfall:Ironclad","floor":33,"turns":7},{"damage":11,"enemies":"Orb Walker","floor":36,"turns":2},{"damage":3,"enemies":"3 Shapes","floor":37,"turns":4},{"damage":4,"enemies":"downfall:FleeingMerchant","floor":38,"turns":4},{"damage":28,"enemies":"Writhing Mass","floor":39,"turns":5},{"damage":18,"enemies":"Mind Bloom Boss Battle","floor":42,"turns":9},{"damage":7,"enemies":"downfall:FleeingMerchant","floor":44,"turns":3},{"damage":25,"enemies":"Spire Growth","floor":45,"turns":5},{"damage":28,"enemies":"Nemesis","floor":46,"turns":7},{"damage":32,"enemies":"Reptomancer","floor":48,"turns":7},{"damage":11,"enemies":"3 Darklings","floor":49,"turns":4},{"damage":77,"enemies":"downfall:Defect","floor":50,"turns":8}],"seed_played":"6967701539943033989","potions_obtained":[{"floor":2,"key":"Swift Potion"},{"floor":9,"key":"SkillPotion"},{"floor":11,"key":"AttackPotion"},{"floor":13,"key":"DuplicationPotion"},{"floor":16,"key":"SteroidPotion"},{"floor":17,"key":"Guardian:StasisDiscoveryPotion"},{"floor":28,"key":"Fruit Juice"},{"floor":30,"key":"DistilledChaos"},{"floor":31,"key":"Strength Potion"},{"floor":33,"key":"Energy Potion"},{"floor":39,"key":"FearPotion"},{"floor":42,"key":"FearPotion"},{"floor":45,"key":"Regen Potion"},{"floor":48,"key":"Energy Potion"},{"floor":49,"key":"BlessingOfTheForge"}],"is_trial":false,"path_per_floor":["R","M","?","$","?","$","T","E","M","R","M","M","M","T","M","B",null,"R","M","M","M","?","$","T","M","M","R","M","?","M","M","M","B",null,"R","M","M","$","M","?","T","?","R","$","M","E","R","E","M","B"],"character_chosen":"GUARDIAN","items_purchased":["Guardian:Orbwalk","Membership Card","Guardian:Gem_Fragmented","Guardian:Gem_Red","Pantograph","Guardian:Gem_Red","Lizard Tail","expansioncontent:Flail+1","Guardian:SpikerProtocol","CultistPotion","Strawberry","Block Potion","Medical Kit","Potion Belt","Sadistic Nature"],"campfire_rested":1,"item_purchase_floors":[4,23,23,23,23,38,38,38,38,38,44,44,44,44,44],"current_hp_per_floor":[80,78,78,78,78,63,63,56,56,56,56,56,49,49,38,17,85,85,85,79,75,75,66,66,54,40,40,31,31,27,27,27,33,90,90,79,76,72,44,44,44,51,51,51,28,15,43,11,50,0,0,0],"gold":175,"neow_bonus":"UPGRADE_CARD","is_daily":false,"chose_seed":false,"campfire_upgraded":6,"win_rate":0.0,"timestamp":1610583182,"path_taken":["R","M","?","$","?","$","T","E","M","R","M","M","M","?","M","BOSS","R","M","M","M","?","$","T","M","M","R","M","?","M","M","M","BOSS","R","M","M","$","M","?","T","?","R","$","M","E","R","E","M","BOSS"],"items_purchased_type":["Card","Relic","Card","Card","Relic","Card","Relic","Card","Card","Potion","Relic","Potion","Relic","Relic","Card"],"build_version":"2020-12-22","purchased_purges":2,"victory":false,"max_hp_per_floor":[80,80,80,80,80,80,80,80,80,80,80,80,80,80,80,80,85,85,85,85,85,85,85,85,85,85,85,90,90,90,90,90,90,90,90,90,90,90,90,90,90,90,90,94,96,96,96,96,98,98,98,98],"card_choices":[{"not_picked":["Guardian:GuardianWhirl","Guardian:CrystalBeam"],"picked":"Guardian:PolyBeam","floor":2},{"not_picked":["Guardian:Gem_Green","Guardian:BronzeOrb"],"picked":"Guardian:ShieldCharger","floor":4},{"not_picked":["Guardian:TimeBomb","Guardian:SphericShield"],"picked":"Guardian:Planning","floor":6},{"not_picked":["Guardian:Gem_Red","Guardian:TimeBomb"],"picked":"Guardian:TimeCapacitor","floor":8},{"not_picked":["Guardian:Gem_Green","Guardian:DonusPower"],"picked":"Guardian:Gem_Red","floor":9},{"not_picked":["Guardian:Harden","Guardian:TemporalStrike"],"picked":"Guardian:PrimingBeam","floor":11},{"not_picked":["Guardian:CrystalBeam","Guardian:FuturePlans"],"picked":"Guardian:PiercingHide","floor":12},{"not_picked":["Guardian:TimeBomb","Guardian:ChargeUp"],"picked":"Guardian:FastForward","floor":13},{"not_picked":["Guardian:Clone","Guardian:Incinerate+1"],"picked":"Guardian:WalkerClaw+1","floor":15},{"not_picked":["Guardian:AncientConstruct","Guardian:GemFinder"],"picked":"Guardian:Gem_Synthetic","floor":16},{"not_picked":["Guardian:FuturePlans","Guardian:Gem_Red"],"picked":"Guardian:ChargeUp","floor":17},{"not_picked":["Guardian:RollAttack+1","Guardian:ChargeUp"],"picked":"Guardian:EvasiveProtocol+1","floor":19},{"not_picked":["Guardian:Preprogram","Guardian:Gem_Yellow"],"picked":"Guardian:PrismaticBeam+1","floor":20},{"not_picked":["Guardian:Incinerate+1","Guardian:TimeCapacitor"],"picked":"Guardian:VentSteam+1","floor":21},{"not_picked":["Guardian:CrystalBeam+1","Guardian:BronzeOrb+1"],"picked":"Guardian:Reroute+1","floor":23},{"not_picked":["Guardian:CrystalBeam+1","Guardian:Incinerate+1"],"picked":"Guardian:TemporalStrike+1","floor":25},{"not_picked":["Guardian:StasisField","Guardian:Reroute+1"],"picked":"Guardian:Planning","floor":26},{"not_picked":["Guardian:VentSteam+1","Guardian:Incinerate+1"],"picked":"Guardian:Gem_Cyan","floor":28},{"not_picked":["Guardian:Recover","Guardian:WalkerClaw+1"],"picked":"Guardian:FierceBash+1","floor":30},{"not_picked":["Guardian:GuardianWhirl+1","Guardian:VentSteam"],"picked":"Guardian:Gem_Red","floor":31},{"not_picked":["Guardian:Reroute+1","Guardian:Gem_Cyan"],"picked":"Guardian:TemporalStrike+1","floor":32},{"not_picked":["Guardian:GemFinder","Guardian:StasisStrike+1"],"picked":"Guardian:BaubleBeam+1","floor":33},{"not_picked":["Guardian:TimeBomb","Guardian:DecasProtection"],"picked":"Guardian:EvasiveProtocol","floor":36},{"not_picked":["Guardian:Planning+1","Guardian:PrismaticBeam+1"],"picked":"Guardian:Gem_Purple","floor":37},{"not_picked":["Guardian:ArmoredProtocol","Guardian:Gem_Fragmented"],"picked":"Guardian:PrismaticBarrier+1","floor":38},{"not_picked":["Guardian:Gem_Green","Guardian:GuardianWhirl+1"],"picked":"Guardian:Clone","floor":39},{"not_picked":["Guardian:RollAttack+1","Guardian:SpikerProtocol"],"picked":"Guardian:Gem_White","floor":42},{"not_picked":["Guardian:TemporalStrike+1","Guardian:PrimingBeam+1"],"picked":"Guardian:PolyBeam+1","floor":44},{"not_picked":["Guardian:VentSteam","Guardian:Gem_Cyan","Guardian:Recover"],"picked":"Singing Bowl","floor":45},{"not_picked":["Guardian:CrystalBeam+1","Guardian:ShieldSpikes"],"picked":"Guardian:Gem_Cyan","floor":46},{"not_picked":["Guardian:FloatingOrbs+1","Guardian:Incinerate+1"],"picked":"Guardian:Gem_Blue","floor":48},{"not_picked":["Guardian:DecasProtection","Guardian:Gem_Green","Guardian:Gem_Lightblue"],"picked":"Singing Bowl","floor":49}],"player_experience":581728,"relics_obtained":[{"floor":7,"key":"Boot"},{"floor":8,"key":"hubris:TinFlute"},{"floor":14,"key":"Molten Egg 2"},{"floor":24,"key":"Lantern"},{"floor":40,"key":"Juzu Bracelet"},{"floor":41,"key":"Singing Bowl"},{"floor":42,"key":"hubris:64BitClover"},{"floor":46,"key":"Ancient Tea Set"},{"floor":48,"key":"hubris:DuctTape"}],"event_choices":[],"is_beta":false,"boss_relics":[{"not_picked":["Fusion Hammer","Runic Pyramid"],"picked":"Tiny House"},{"not_picked":["hubris:BlackHole","hubris:Stopwatch"],"picked":"hubris:ScarierMask"}],"items_purged_floors":[38,44],"is_endless":false,"potions_floor_spawned":[2,9,11,13,16,25,28,30,31,33,39,42,45,48,49],"killed_by":"downfall:Defect","ascension_level":2}}