{"host":"6h0diz2ap0m56grs","time":1610591071,"event":{"mods":["2.2 Compatiblity","BaseMod","Colored Map","Marisa????????","Minty Spire (QoL Compilation)","Quick Restart","Replay The Spire","Shop Mod","StSLib","The Servant 0.9.4"],"gold_per_floor":[118,118,131,131,86,125,166,266,266,299,299,330,364,403,403,522,522,522,522],"floor_reached":18,"language":"ENG","playtime":507,"items_purged":[],"score":345,"play_id":"478dd0ca-1663-477c-949a-f4330a3bc8ff","local_time":"20210113202431","daily_mods":["SealedDeck","Heirloom","Time Dilation","Flight"],"is_ascension_mode":true,"campfire_choices":[{"data":"MilkyWay","floor":11,"key":"SMITH"},{"data":"MilkyWay","floor":11,"key":"SMITH"},{"data":"MachineGunSpark","floor":15,"key":"SMITH"},{"data":"EnergyFlow","floor":15,"key":"SMITH"}],"circlet_count":0,"master_deck":["EnergyFlow+1","AlicesGift","PowerUp","MachineGunSpark+1","MilkyWay+1","MilkyWay+1","6A","WitchLeyline","MeteoricShower","MeteoricShower","6A","GalacticHalo+1","WitchLeyline","6A"],"relics":["MiniHakkero","replay:Trail_Library","Ginger","Golden Idol","Golden Egg","Replay:Arrowhead","Replay:Bottled Snecko","Kunai","Replay:Accelerometer","Replay:Wax Seal","Lantern","Bottled Lightning","Sozu"],"acts_visited":["Exordium","TheCity"],"potions_floor_usage":[],"damage_taken":[{"damage":0,"enemies":"Jaw Worm","floor":1,"turns":1},{"damage":0,"enemies":"2 Louse","floor":3,"turns":1},{"damage":0,"enemies":"Lagavulin","floor":6,"turns":3},{"damage":0,"enemies":"3 Sentries","floor":7,"turns":4},{"damage":0,"enemies":"Gremlin Nob","floor":10,"turns":3},{"damage":0,"enemies":"Lagavulin","floor":12,"turns":4},{"damage":0,"enemies":"Gremlin Nob","floor":13,"turns":3},{"damage":1,"enemies":"3 Sentries","floor":14,"turns":3},{"damage":3,"enemies":"Hexaghost","floor":16,"turns":4},{"damage":0,"enemies":"3 Byrds","floor":18,"turns":2}],"seed_played":"-1636669278466212894","potions_obtained":[{"floor":3,"key":"Toxic Potion"},{"floor":7,"key":"Dexterity Potion"},{"floor":10,"key":"ColorlessPotion"},{"floor":12,"key":"Reflective Coating"}],"is_trial":true,"path_per_floor":["M","?","M","?","$","E","E","?","T","E","R","E","E","E","R","B",null,"M"],"character_chosen":"MARISA","items_purchased":["GalacticHalo"],"campfire_rested":0,"item_purchase_floors":[5],"current_hp_per_floor":[75,57,57,45,45,45,45,45,45,45,45,45,45,44,44,41,75,75,75],"gold":522,"neow_bonus":"","is_daily":false,"chose_seed":false,"campfire_upgraded":4,"win_rate":0.0,"timestamp":1610591071,"path_taken":["M","?","M","?","$","E","E","?","T","E","R","E","E","E","R","BOSS","M"],"items_purchased_type":["Card"],"build_version":"2020-12-22","purchased_purges":0,"victory":false,"max_hp_per_floor":[75,75,75,75,75,75,75,75,75,75,75,75,75,75,75,75,75,75,75],"card_choices":[{"not_picked":["FairyDestructionRay","MysteriousBeam","Singularity"],"picked":"SKIP","floor":1},{"not_picked":["EnergyFlow","DeepEcoloBomb"],"picked":"6A","floor":3},{"not_picked":["OrrerysSun","Occultation"],"picked":"WitchLeyline","floor":6},{"not_picked":["BlazingStar","OneTimeOff","EventHorizon"],"picked":"SKIP","floor":7},{"not_picked":["PowerUp","GalacticHalo","MaximisePower"],"picked":"SKIP","floor":10},{"not_picked":["WitchOfGreed","AlicesGift"],"picked":"6A","floor":12},{"not_picked":["MysteriousBeam","DC","MachineGunSpark"],"picked":"SKIP","floor":13},{"not_picked":["BinaryStars","UnstableBomb","MillisecondPulsars"],"picked":"SKIP","floor":14}],"player_experience":174129,"relics_obtained":[{"floor":6,"key":"Replay:Arrowhead"},{"floor":7,"key":"Replay:Bottled Snecko"},{"floor":9,"key":"Kunai"},{"floor":10,"key":"Replay:Accelerometer"},{"floor":12,"key":"Replay:Wax Seal"},{"floor":13,"key":"Lantern"},{"floor":14,"key":"Bottled Lightning"}],"event_choices":[{"damage_healed":0,"gold_gain":0,"player_choice":"Take Damage","damage_taken":18,"relics_obtained":["Golden Idol"],"max_hp_gain":0,"max_hp_loss":0,"event_name":"Golden Idol","floor":2,"gold_loss":0},{"damage_healed":0,"gold_gain":0,"player_choice":"Success","damage_taken":12,"relics_obtained":["Golden Egg"],"max_hp_gain":0,"max_hp_loss":0,"event_name":"Scrap Ooze","floor":4,"gold_loss":0},{"damage_healed":0,"gold_gain":100,"player_choice":"Gold","damage_taken":0,"max_hp_gain":0,"max_hp_loss":0,"event_name":"Wheel of Change","floor":8,"gold_loss":0}],"is_beta":false,"boss_relics":[{"not_picked":["Fusion Hammer","ExperimentalFamiliar"],"picked":"Sozu"}],"items_purged_floors":[],"is_endless":false,"potions_floor_spawned":[3,7,10,12,14],"killed_by":"3 Byrds","ascension_level":1}}