{"host":"6wux4armhsntp4yb","time":1610589547,"event":{"mods":["BaseMod","Colored Map","DeckTracker","Minty Spire (QoL Compilation)","Relic Stats"],"gold_per_floor":[160,160,160,172,172,172,17,52,105,105,115,130,130,147,147,223,223,182,232,90,103,122,150,150,150,150,180,180,180,180,198,198,271,271,286,266,281,299,309,341,341,368,368,368,420,204,204,220,220,220,220,220,220,53,84,84],"floor_reached":57,"language":"JPN","playtime":5176,"items_purged":["Strike_G","Strike_G+1"],"score":2721,"play_id":"f49fb863-163b-4548-930e-371089e17248","local_time":"20210114105907","is_ascension_mode":true,"campfire_choices":[{"data":"Noxious Fumes","floor":6.0,"key":"SMITH"},{"data":"Footwork","floor":10.0,"key":"SMITH"},{"data":"Neutralize","floor":13.0,"key":"SMITH"},{"floor":15.0,"key":"REST"},{"data":"Backflip","floor":25.0,"key":"SMITH"},{"data":"Envenom","floor":32.0,"key":"SMITH"},{"data":"Flechettes","floor":41.0,"key":"SMITH"},{"data":"Blade Dance","floor":44.0,"key":"SMITH"},{"floor":49.0,"key":"RECALL"},{"data":"Survivor","floor":53.0,"key":"SMITH"}],"circlet_count":0,"master_deck":["AscendersBane","Defend_G","Defend_G+1","Defend_G","Defend_G+1","Defend_G","Survivor+1","Neutralize+1","Backflip+1","Blade Dance+1","Noxious Fumes+1","Footwork+1","Blur+1","Venomology+1","Backflip+1","Bullet Time+1","Prepared+1","PiercingWail+1","Madness+1","Crippling Poison+1","Prepared+1","Deflect+1","Envenom+1","Bouncing Flask+1","Expertise+1","Adrenaline+1","Acrobatics+1","Calculated Gamble+1","Flechettes+1","Backflip+1","PiercingWail+1","Outmaneuver+1","Madness+1","Madness+1","Eviscerate+1","Malaise+1"],"relics":["Tiny House","Eternal Feather","Toxic Egg 2","Coffee Dripper","Pen Nib","Art of War","Happy Flower","Runic Pyramid","Blue Candle","Shuriken","Blood Vial","Gambling Chip","Oddly Smooth Stone","Paper Crane"],"acts_visited":["Exordium","TheCity","TheBeyond","TheEnding"],"potions_floor_usage":[55,55,56,56],"damage_taken":[{"damage":0.0,"enemies":"2 Louse","floor":1.0,"turns":4.0},{"damage":0.0,"enemies":"Jaw Worm","floor":4.0,"turns":6.0},{"damage":23.0,"enemies":"Gremlin Nob","floor":8.0,"turns":6.0},{"damage":0.0,"enemies":"Small Slimes","floor":11.0,"turns":5.0},{"damage":18.0,"enemies":"Exordium Thugs","floor":12.0,"turns":6.0},{"damage":0.0,"enemies":"Blue Slaver","floor":14.0,"turns":5.0},{"damage":42.0,"enemies":"Slime Boss","floor":16.0,"turns":13.0},{"damage":3.0,"enemies":"2 Thieves","floor":18.0,"turns":5.0},{"damage":0.0,"enemies":"Spheric Guardian","floor":21.0,"turns":6.0},{"damage":4.0,"enemies":"Snake Plant","floor":22.0,"turns":6.0},{"damage":20.0,"enemies":"Book of Stabbing","floor":23.0,"turns":9.0},{"damage":33.0,"enemies":"Gremlin Leader","floor":27.0,"turns":8.0},{"damage":17.0,"enemies":"Chosen and Byrds","floor":31.0,"turns":9.0},{"damage":20.0,"enemies":"Collector","floor":33.0,"turns":9.0},{"damage":0.0,"enemies":"3 Shapes","floor":35.0,"turns":3.0},{"damage":0.0,"enemies":"Orb Walker","floor":37.0,"turns":4.0},{"damage":0.0,"enemies":"Sphere and 2 Shapes","floor":38.0,"turns":7.0},{"damage":0.0,"enemies":"3 Darklings","floor":39.0,"turns":4.0},{"damage":32.0,"enemies":"Reptomancer","floor":40.0,"turns":6.0},{"damage":0.0,"enemies":"Nemesis","floor":42.0,"turns":6.0},{"damage":0.0,"enemies":"2 Orb Walkers","floor":45.0,"turns":5.0},{"damage":17.0,"enemies":"Writhing Mass","floor":48.0,"turns":5.0},{"damage":11.0,"enemies":"Donu and Deca","floor":50.0,"turns":8.0},{"damage":25.0,"enemies":"Time Eater","floor":51.0,"turns":12.0},{"damage":12,"enemies":"Shield and Spear","floor":55,"turns":8},{"damage":54,"enemies":"The Heart","floor":56,"turns":9}],"seed_played":"8992274808357391484","potions_obtained":[{"floor":0.0,"key":"Block Potion"},{"floor":1.0,"key":"Block Potion"},{"floor":12.0,"key":"BlessingOfTheForge"},{"floor":18.0,"key":"Fire Potion"},{"floor":21.0,"key":"Regen Potion"},{"floor":22.0,"key":"Poison Potion"},{"floor":27.0,"key":"Explosive Potion"},{"floor":33.0,"key":"ColorlessPotion"},{"floor":39.0,"key":"PowerPotion"},{"floor":40.0,"key":"Swift Potion"},{"floor":45.0,"key":"ColorlessPotion"},{"floor":48.0,"key":"PowerPotion"}],"is_trial":false,"path_per_floor":["M","?","T","M","?","R","$","E","T","R","M","M","R","M","R","B",null,"M","?","$","M","M","E","?","R","T","E","?","$","?","M","R","B",null,"M","?","M","M","M","E","R","E","T","R","?","$","?","M","R","B","B",null,"R","$","E","B",null],"character_chosen":"THE_SILENT","items_purchased":["Footwork","PiercingWail+1","Madness+1","PiercingWail+1","Outmaneuver+1","Oddly Smooth Stone"],"campfire_rested":1,"item_purchase_floors":[7,20,20,46,46,54],"current_hp_per_floor":[64,69,69,69,46,55,55,32,32,41,41,23,32,32,63,21,62,59,52,52,52,62,42,42,57,57,24,24,24,24,7,22,2,58,58,58,58,58,58,26,44,44,44,62,64,64,50,35,56,47,24,63,76,76,64,12],"gold":84,"neow_bonus":"BOSS_RELIC","is_daily":false,"chose_seed":false,"campfire_upgraded":8,"win_rate":0.0,"timestamp":1610589547,"path_taken":["M","?","?","M","?","R","$","E","T","R","M","?","R","M","R","BOSS","M","?","$","?","M","E","?","R","T","E","?","$","?","?","R","BOSS","M","?","M","M","?","E","R","E","T","R","?","$","?","M","R","BOSS","BOSS","R","$","E","BOSS"],"items_purchased_type":["Card","Card","Card","Card","Card","Relic"],"build_version":"2020-12-22","purchased_purges":2,"victory":true,"max_hp_per_floor":[71,76,76,76,76,76,76,76,76,76,76,76,76,76,76,76,76,76,76,76,76,76,76,76,76,76,76,76,76,76,76,76,76,76,76,76,76,76,76,76,76,76,76,76,76,76,76,76,76,76,76,76,76,76,76,76],"relic_stats":{"Blood Vial":10,"Happy Flower":[31],"counters":[26,174],"Shuriken":[24],"Blue Candle":[0],"Gambling Chip":[14],"Eternal Feather":136,"Pen Nib":[21],"Art of War":[26],"obtain_stats":[{"Tiny House":0,"Happy Flower":27,"Blue Candle":40,"Oddly Smooth Stone":54,"Eternal Feather":3,"Pen Nib":23,"Paper Crane":55,"Blood Vial":43,"Shuriken":42,"Gambling Chip":45,"Coffee Dripper":17,"Art of War":26,"Toxic Egg 2":8,"Ring of the Snake":0,"Runic Pyramid":34},{"Tiny House":0,"Happy Flower":12,"Blue Candle":19,"Oddly Smooth Stone":24,"Eternal Feather":1,"Pen Nib":11,"Paper Crane":25,"Blood Vial":20,"Shuriken":20,"Gambling Chip":21,"Coffee Dripper":7,"Art of War":11,"Toxic Egg 2":3,"Ring of the Snake":0,"Runic Pyramid":14},{"Tiny House":0,"Happy Flower":79,"Blue Candle":121,"Oddly Smooth Stone":157,"Eternal Feather":4,"Pen Nib":71,"Paper Crane":165,"Blood Vial":127,"Shuriken":127,"Gambling Chip":132,"Coffee Dripper":45,"Art of War":71,"Toxic Egg 2":16,"Ring of the Snake":0,"Runic Pyramid":97}]},"card_choices":[{"not_picked":["Masterful Stab","Quick Slash"],"picked":"Backflip","floor":0.0},{"not_picked":["Tactician","Poisoned Stab"],"picked":"Blade Dance","floor":1.0},{"not_picked":["Outmaneuver","Dodge and Roll"],"picked":"Noxious Fumes","floor":4.0},{"not_picked":["Quick Slash","Crippling Poison+1"],"picked":"Blur+1","floor":8.0},{"not_picked":["Cloak And Dagger+1","Dagger Throw"],"picked":"Venomology+1","floor":11.0},{"not_picked":["Leg Sweep+1","Accuracy"],"picked":"Backflip+1","floor":12.0},{"not_picked":["Outmaneuver+1","Slice","Bane"],"picked":"SKIP","floor":14.0},{"not_picked":["Die Die Die","Unload"],"picked":"Bullet Time+1","floor":16.0},{"not_picked":["Skewer","Infinite Blades"],"picked":"Prepared+1","floor":18.0},{"not_picked":["Backflip+1","Terror+1"],"picked":"Crippling Poison+1","floor":21.0},{"not_picked":["Poisoned Stab","Dagger Throw","Distraction+1"],"picked":"SKIP","floor":22.0},{"not_picked":["Tools of the Trade","Caltrops"],"picked":"Prepared+1","floor":23.0},{"not_picked":["Dagger Throw","Underhanded Strike"],"picked":"Deflect+1","floor":27.0},{"not_picked":["Predator","Endless Agony"],"picked":"Expertise+1","floor":31.0},{"not_picked":["Die Die Die","Grand Finale"],"picked":"Adrenaline+1","floor":33.0},{"not_picked":["Slice","Footwork"],"picked":"Acrobatics+1","floor":35.0},{"not_picked":["Crippling Poison+1","Deflect+1"],"picked":"Calculated Gamble+1","floor":37.0},{"not_picked":["Masterful Stab","PiercingWail+1"],"picked":"Flechettes","floor":38.0},{"not_picked":["Blade Dance+1","Well Laid Plans"],"picked":"Backflip+1","floor":39.0},{"not_picked":["Bane","Deadly Poison+1","Prepared+1"],"picked":"SKIP","floor":40.0},{"not_picked":["Storm of Steel+1","Dodge and Roll+1","Poisoned Stab+1"],"picked":"SKIP","floor":42.0},{"not_picked":["Dash","Backstab"],"picked":"Eviscerate+1","floor":48.0},{"not_picked":["Backflip+1","Poisoned Stab"],"picked":"Malaise+1","floor":55}],"player_experience":5779241,"relics_obtained":[{"floor":3.0,"key":"Eternal Feather"},{"floor":8.0,"key":"Toxic Egg 2"},{"floor":23.0,"key":"Pen Nib"},{"floor":26.0,"key":"Art of War"},{"floor":27.0,"key":"Happy Flower"},{"floor":40.0,"key":"Blue Candle"},{"floor":42.0,"key":"Shuriken"},{"floor":43.0,"key":"Blood Vial"},{"floor":45.0,"key":"Gambling Chip"},{"floor":55,"key":"Paper Crane"}],"event_choices":[{"damage_healed":0.0,"max_hp_gain":5.0,"max_hp_loss":0.0,"gold_gain":0.0,"event_name":"Big Fish","player_choice":"Donut","floor":2.0,"gold_loss":0.0,"damage_taken":0.0},{"damage_healed":0.0,"max_hp_gain":0.0,"max_hp_loss":0.0,"gold_gain":0.0,"event_name":"Shining Light","player_choice":"Entered Light","floor":5.0,"gold_loss":0.0,"damage_taken":23.0,"cards_upgraded":["Defend_G","Defend_G"]},{"damage_healed":0.0,"max_hp_gain":0.0,"max_hp_loss":0.0,"gold_gain":50.0,"event_name":"FaceTrader","player_choice":"Touch","floor":19.0,"gold_loss":0.0,"damage_taken":7.0},{"damage_healed":0.0,"max_hp_gain":0.0,"max_hp_loss":0.0,"gold_gain":0.0,"event_name":"Cursed Tome","player_choice":"Ignored","floor":24.0,"gold_loss":0.0,"damage_taken":0.0},{"damage_healed":0.0,"max_hp_gain":0.0,"max_hp_loss":0.0,"gold_gain":0.0,"cards_transformed":["Strike_G","Strike_G"],"event_name":"Drug Dealer","player_choice":"Became Test Subject","floor":28.0,"gold_loss":0.0,"damage_taken":0.0,"cards_obtained":["Envenom","Bouncing Flask"]},{"cards_removed":["Strike_G"],"damage_healed":0.0,"max_hp_gain":0.0,"max_hp_loss":0.0,"gold_gain":0.0,"event_name":"Purifier","player_choice":"Purged","floor":30.0,"gold_loss":0.0,"damage_taken":0.0},{"damage_healed":0.0,"max_hp_gain":0.0,"max_hp_loss":0.0,"gold_gain":0.0,"event_name":"The Woman in Blue","player_choice":"Bought 1 Potion","floor":36.0,"gold_loss":0.0,"damage_taken":0.0},{"damage_healed":0.0,"max_hp_gain":0.0,"max_hp_loss":0.0,"gold_gain":0.0,"event_name":"Mysterious Sphere","player_choice":"Fight","floor":45.0,"gold_loss":0.0,"damage_taken":0.0},{"damage_healed":0.0,"max_hp_gain":0.0,"max_hp_loss":0.0,"gold_gain":0.0,"event_name":"Winding Halls","player_choice":"Embrace Madness","floor":47.0,"gold_loss":0.0,"damage_taken":14.0,"cards_obtained":["Madness","Madness"]}],"is_beta":false,"boss_relics":[{"not_picked":["Busted Crown","Runic Dome"],"picked":"Coffee Dripper"},{"not_picked":["Pandora\u0027s Box","Sozu"],"picked":"Runic Pyramid"}],"items_purged_floors":[7,46],"is_endless":false,"potions_floor_spawned":[1,12,14,18,21,22,27,33,39,40,45,48],"ascension_level":20}}