{"host":"obplhmlw33xb91v8","time":1610607007,"event":{"mods":["BaseMod","Curses Come First","Minty Spire (QoL Compilation)","Quick Restart","Relic Stats","Spicy Shops","StSLib","Waifu the Spire","slay the spire mod where everything is the same but ironclad has a cowboy hat"],"gold_per_floor":[119,119,130,150,161,196,196,226,226,226,226,226,246,246,246,351,351,367,402,414,414,414,414,63,75,75,75,87,119,83,101,101,204,204,221,238,460,460,460,491,491,507,507,507,517,517,517,26,26,26],"floor_reached":51,"language":"ENG","playtime":2289,"items_purged":["Shame"],"score":855,"play_id":"b2c5ece7-d433-44f7-9b18-ec85982352b7","local_time":"20210114015007","is_ascension_mode":true,"campfire_choices":[{"floor":7,"key":"REST"},{"floor":12,"key":"REST"},{"floor":15,"key":"REST"},{"floor":23,"key":"REST"},{"floor":27,"key":"REST"},{"floor":32,"key":"REST"},{"floor":41,"key":"REST"},{"floor":44,"key":"REST"},{"data":"Envenom","floor":47,"key":"SMITH"},{"data":"After Image","floor":49,"key":"SMITH"}],"circlet_count":0,"master_deck":["Survivor","Neutralize+1","Leg Sweep+1","Poisoned Stab","Eviscerate","Distraction","Blade Dance+1","Dodge and Roll+1","Deadly Poison+1","Acrobatics+1","Corpse Explosion+1","Noxious Fumes","Caltrops","Footwork","Bane","Backflip+1","PiercingWail+1","Noxious Fumes","Quick Slash","Envenom+1","After Image+1","Tools of the Trade","Catalyst+1","Endless Agony+1","Outmaneuver+1","Masterful Stab","Sucker Punch+1","Backstab+1","Footwork+1","Madness+1"],"relics":["Philosopher\u0027s Stone","Toxic Egg 2","War Paint","Strawberry","Bottled Lightning","Empty Cage","Red Mask","Toy Ornithopter","Orichalcum","Pantograph","Paper Crane","Pandora\u0027s Box","Pen Nib","TungstenRod","Calipers","Whetstone"],"acts_visited":["Exordium","TheCity","TheBeyond"],"potions_floor_usage":[16,16,18,31,36,45,45,45,50],"damage_taken":[{"damage":4,"enemies":"2 Louse","floor":1,"turns":4},{"damage":2,"enemies":"Cultist","floor":3,"turns":3},{"damage":0,"enemies":"Jaw Worm","floor":4,"turns":2},{"damage":13,"enemies":"2 Fungi Beasts","floor":5,"turns":3},{"damage":31,"enemies":"Lagavulin","floor":6,"turns":5},{"damage":19,"enemies":"Gremlin Nob","floor":8,"turns":4},{"damage":0,"enemies":"Large Slime","floor":13,"turns":3},{"damage":30,"enemies":"Hexaghost","floor":16,"turns":9},{"damage":24,"enemies":"3 Byrds","floor":18,"turns":4},{"damage":0,"enemies":"Masked Bandits","floor":19,"turns":2},{"damage":10,"enemies":"Shell Parasite","floor":20,"turns":5},{"damage":24,"enemies":"Cultist and Chosen","floor":25,"turns":5},{"damage":5,"enemies":"Centurion and Healer","floor":28,"turns":4},{"damage":41,"enemies":"Book of Stabbing","floor":29,"turns":6},{"damage":0,"enemies":"Shelled Parasite and Fungi","floor":31,"turns":6},{"damage":40,"enemies":"Collector","floor":33,"turns":10},{"damage":11,"enemies":"Orb Walker","floor":35,"turns":4},{"damage":3,"enemies":"3 Shapes","floor":36,"turns":4},{"damage":39,"enemies":"Giant Head","floor":40,"turns":7},{"damage":30,"enemies":"Jaw Worm Horde","floor":42,"turns":4},{"damage":16,"enemies":"Sphere and 2 Shapes","floor":45,"turns":6},{"damage":56,"enemies":"Donu and Deca","floor":50,"turns":7}],"seed_played":"2127583246522527252","potions_obtained":[{"floor":1,"key":"LiquidBronze"},{"floor":4,"key":"Regen Potion"},{"floor":13,"key":"SkillPotion"},{"floor":20,"key":"SpeedPotion"},{"floor":29,"key":"SkillPotion"},{"floor":33,"key":"SneckoOil"},{"floor":35,"key":"Poison Potion"},{"floor":42,"key":"Fire Potion"}],"is_trial":false,"path_per_floor":["M","?","M","M","M","E","R","E","T","?","T","R","M","?","R","B",null,"M","?","M","?","?","R","$","M","T","R","M","E","$","M","R","B",null,"M","M","?","?","?","E","R","M","T","R","M","?","R","$","R","B",null],"character_chosen":"THE_SILENT","items_purchased":["Bane","Backflip+1","Toy Ornithopter","Orichalcum","Noxious Fumes","Calipers","Whetstone","ColorlessPotion"],"campfire_rested":8,"item_purchase_floors":[24,24,24,24,30,48,48,48],"current_hp_per_floor":[66,66,64,64,51,20,41,22,29,14,14,37,37,37,60,45,77,53,53,43,29,29,53,53,29,29,53,48,7,7,12,36,21,82,71,73,73,73,73,34,57,27,27,50,49,49,49,49,49,23],"gold":26,"neow_bonus":"BOSS_RELIC","is_daily":false,"chose_seed":false,"campfire_upgraded":2,"win_rate":0.0,"timestamp":1610607007,"path_taken":["M","?","M","M","?","E","R","E","T","?","?","R","M","?","R","BOSS","M","?","M","?","?","R","$","?","T","R","M","E","$","?","R","BOSS","M","M","?","?","?","E","R","?","T","R","M","?","R","$","R","BOSS"],"items_purchased_type":["Card","Card","Relic","Relic","Card","Relic","Relic","Potion"],"build_version":"2020-12-22","purchased_purges":1,"victory":true,"max_hp_per_floor":[70,70,70,70,70,70,70,70,77,77,77,77,77,77,77,77,77,77,77,77,82,82,82,82,82,82,82,82,82,82,82,82,82,82,82,82,82,82,78,78,78,78,78,78,78,78,78,78,78,78],"relic_stats":{"counters":[22,107],"Pantograph":50,"Pandora\u0027s Box":["Quick Slash","Envenom","After Image","Tools of the Trade","Catalyst","Endless Agony","Outmaneuver","Masterful Stab"],"Pen Nib":[3],"Whetstone":["Neutralize","Endless Agony"],"War Paint":["Defend_G","Defend_G"],"Orichalcum":[60],"obtain_stats":[{"Calipers":48,"Pen Nib":40,"Whetstone":48,"War Paint":8,"Orichalcum":24,"Paper Crane":29,"Empty Cage":17,"Strawberry":9,"Pantograph":26,"Philosopher\u0027s Stone":0,"Pandora\u0027s Box":34,"Red Mask":19,"Bottled Lightning":11,"Toxic Egg 2":6,"Toy Ornithopter":24,"TungstenRod":43,"Ring of the Snake":0},{"Calipers":21,"Pen Nib":19,"Whetstone":21,"War Paint":6,"Orichalcum":11,"Paper Crane":14,"Empty Cage":8,"Strawberry":6,"Pantograph":12,"Philosopher\u0027s Stone":0,"Pandora\u0027s Box":16,"Red Mask":10,"Bottled Lightning":6,"Toxic Egg 2":5,"Toy Ornithopter":11,"TungstenRod":20,"Ring of the Snake":0},{"Calipers":100,"Pen Nib":90,"Whetstone":100,"War Paint":21,"Orichalcum":44,"Paper Crane":59,"Empty Cage":33,"Strawberry":21,"Pantograph":49,"Philosopher\u0027s Stone":0,"Pandora\u0027s Box":75,"Red Mask":39,"Bottled Lightning":21,"Toxic Egg 2":17,"Toy Ornithopter":44,"TungstenRod":94,"Ring of the Snake":0}],"Toy Ornithopter":30,"TungstenRod":10},"card_choices":[{"not_picked":["Calculated Gamble","Choke"],"picked":"Leg Sweep","floor":1},{"not_picked":["Poisoned Stab","Underhanded Strike"],"picked":"Distraction","floor":3},{"not_picked":["Dagger Spray","Deflect"],"picked":"Predator","floor":4},{"not_picked":["Leg Sweep","Catalyst"],"picked":"Blade Dance","floor":5},{"not_picked":["Cloak And Dagger+1","Accuracy"],"picked":"Dodge and Roll+1","floor":6},{"not_picked":["Sucker Punch","Dodge and Roll+1"],"picked":"Deadly Poison+1","floor":8},{"not_picked":["Dagger Spray","Prepared+1"],"picked":"Acrobatics+1","floor":13},{"not_picked":["Venomology+1","Doppelganger+1"],"picked":"Corpse Explosion+1","floor":16},{"not_picked":["Skewer+1","Outmaneuver+1"],"picked":"Noxious Fumes","floor":18},{"not_picked":["PiercingWail+1","Acrobatics+1"],"picked":"Caltrops","floor":19},{"not_picked":["Outmaneuver+1","Slice+1"],"picked":"Footwork","floor":20},{"not_picked":["Calculated Gamble+1","Flying Knee","Outmaneuver+1"],"picked":"SKIP","floor":25},{"not_picked":["Dagger Spray","Outmaneuver+1","Cloak And Dagger+1"],"picked":"SKIP","floor":28},{"not_picked":["Catalyst+1","Prepared+1"],"picked":"PiercingWail+1","floor":29},{"not_picked":["Poisoned Stab","Choke","Setup+1"],"picked":"SKIP","floor":31},{"not_picked":["Dagger Spray","Blade Dance+1"],"picked":"Sucker Punch+1","floor":35},{"not_picked":["Cloak And Dagger+1","Sucker Punch+1"],"picked":"Backstab+1","floor":36},{"not_picked":["Bouncing Flask+1","Skewer+1"],"picked":"Footwork+1","floor":40},{"not_picked":["Slice+1","Quick Slash","Deflect+1"],"picked":"SKIP","floor":42},{"not_picked":["Quick Slash+1","Expertise+1","Noxious Fumes"],"picked":"SKIP","floor":45},{"not_picked":["Panache","Violence+1"],"picked":"Madness+1","floor":46}],"player_experience":173962,"relics_obtained":[{"floor":6,"key":"Toxic Egg 2"},{"floor":8,"key":"War Paint"},{"floor":9,"key":"Strawberry"},{"floor":11,"key":"Bottled Lightning"},{"floor":19,"key":"Red Mask"},{"floor":26,"key":"Pantograph"},{"floor":29,"key":"Paper Crane"},{"floor":40,"key":"Pen Nib"},{"floor":43,"key":"TungstenRod"}],"event_choices":[{"damage_healed":0,"gold_gain":0,"player_choice":"2 cards matched","damage_taken":0,"max_hp_gain":0,"max_hp_loss":0,"event_name":"Match and Keep!","floor":2,"gold_loss":0,"cards_obtained":["Poisoned Stab","Eviscerate"]},{"damage_healed":0,"gold_gain":0,"player_choice":"Entered Light","damage_taken":15,"max_hp_gain":0,"max_hp_loss":0,"event_name":"Shining Light","floor":10,"gold_loss":0,"cards_upgraded":["Leg Sweep","Blade Dance"]},{"damage_healed":0,"gold_gain":0,"player_choice":"Ignored","damage_taken":0,"max_hp_gain":0,"max_hp_loss":0,"event_name":"Liars Game","floor":14,"gold_loss":0},{"damage_healed":0,"gold_gain":0,"player_choice":"Fought Bandits","damage_taken":0,"max_hp_gain":0,"max_hp_loss":0,"event_name":"Masked Bandits","floor":19,"gold_loss":0},{"damage_healed":0,"gold_gain":0,"player_choice":"Shed Blood","damage_taken":19,"max_hp_gain":5,"max_hp_loss":0,"event_name":"Forgotten Altar","floor":21,"gold_loss":0},{"damage_healed":0,"gold_gain":0,"player_choice":"0 cards matched","damage_taken":0,"max_hp_gain":0,"max_hp_loss":0,"event_name":"Match and Keep!","floor":22,"gold_loss":0,"cards_obtained":[]},{"damage_healed":0,"gold_gain":222,"player_choice":"Wore Mask","damage_taken":0,"max_hp_gain":0,"max_hp_loss":0,"event_name":"Tomb of Lord Red Mask","floor":37,"gold_loss":0},{"cards_removed":["Predator"],"damage_healed":0,"gold_gain":0,"player_choice":"Removed Attack","damage_taken":0,"max_hp_gain":0,"max_hp_loss":0,"event_name":"Falling","floor":38,"gold_loss":0},{"damage_healed":0,"gold_gain":0,"player_choice":"Max HP","damage_taken":0,"max_hp_gain":0,"max_hp_loss":4,"event_name":"Winding Halls","floor":39,"gold_loss":0},{"damage_healed":0,"gold_gain":0,"player_choice":"Memory 1","damage_taken":0,"max_hp_gain":0,"max_hp_loss":0,"event_name":"SensoryStone","floor":46,"gold_loss":0}],"is_beta":false,"boss_relics":[{"not_picked":["Runic Dome","Ectoplasm"],"picked":"Empty Cage"},{"not_picked":["Busted Crown","Cursed Key"],"picked":"Pandora\u0027s Box"}],"items_purged_floors":[24],"is_endless":false,"potions_floor_spawned":[1,4,13,20,29,33,35,42],"ascension_level":3}}