{"host":"z9grmtg2w0nmz8n1","time":1610637923,"event":{"mods":["Aspiration","Bard","BaseMod","Better Altar","Better Match","Better Note","Better Sensory Stone","Better Skull","Better Third Choice","BetterRewards","CCEM","Colored Map","Conspire","Downfall","GifTheSpireLib","Googly Eyes","Halation","Hermit","Highlight Path","Hubris","Hunter ??","Jedi Mod","Jorbs\u0027s Wanderer Trilogy","Mad Scientist","Marisa????????","Minty Spire (QoL Compilation)","Permanent Neow","Replay The Spire","Shade Mod","Shop Mod","Spicy Shops","StSLib","Stuff the Spire","The Bug Knight","The Construct","The Necromancer","The Runesmith"],"gold_per_floor":[110,124,143,156,166,201,234,234,281,294,294,324,337,337,337,468,468,483,483,483,483,139,178,178,178,178],"floor_reached":25,"language":"ENG","playtime":1362,"items_purged":["Strike_G"],"score":253,"play_id":"49442fed-12b6-4f49-9593-77964611f21d","local_time":"20210114132523","is_ascension_mode":true,"campfire_choices":[{"floor":8,"key":"RECALL"},{"floor":11,"key":"REST"},{"floor":15,"key":"REST"},{"floor":24,"key":"REST"}],"circlet_count":0,"master_deck":["Strike_G","Strike_G","Strike_G","Strike_G","Defend_G","Defend_G","Defend_G","Defend_G","Defend_G","Survivor","Neutralize+1","Noxious Fumes","ReplayTheSpireMod:Speed Training","Infinite Blades","Infinite Blades","Quick Slash","jedi:pocketpoison","A Thousand Cuts","jedi:collectorvenom+1"],"relics":["Ring of the Snake","Replay:Wax Seal","Lantern","aspiration:Lifesprig","Golden Idol","Replay:Bronze Core","Omamori","jedi:zontanonomicon","CCEMRelics:BiPhaseBiplane","Replay:WaspNest","Garlic"],"acts_visited":["Exordium","TheCity"],"potions_floor_usage":[6,6,10,13,18,23],"damage_taken":[{"damage":0,"enemies":"2 Louse","floor":1,"turns":3},{"damage":0,"enemies":"Jaw Worm","floor":2,"turns":5},{"damage":2,"enemies":"Small Slimes","floor":3,"turns":4},{"damage":7,"enemies":"Looter","floor":4,"turns":4},{"damage":3,"enemies":"2 Fungi Beasts","floor":5,"turns":4},{"damage":14,"enemies":"Lagavulin","floor":6,"turns":8},{"damage":20,"enemies":"Gremlin Nob","floor":7,"turns":5},{"damage":17,"enemies":"Exordium Thugs","floor":10,"turns":5},{"damage":16,"enemies":"Lagavulin","floor":12,"turns":7},{"damage":0,"enemies":"Gremlin Gang","floor":13,"turns":5},{"damage":13,"enemies":"Slime Boss","floor":16,"turns":10},{"damage":16,"enemies":"3 Byrds","floor":18,"turns":4},{"damage":31,"enemies":"Slavers","floor":23,"turns":4},{"damage":24,"enemies":"Book of Stabbing","floor":25,"turns":5}],"seed_played":"-4395497747802023281","potions_obtained":[{"floor":2,"key":"Explosive Potion"},{"floor":4,"key":"jedi:wingpotion"},{"floor":5,"key":"Weak Potion"},{"floor":6,"key":"Adrenaline Potion"},{"floor":10,"key":"SpeedPotion"},{"floor":16,"key":"champ:CounterPotion"},{"floor":18,"key":"Regen Potion"}],"is_trial":false,"path_per_floor":["M","M","M","M","M","E","E","R","T","M","R","E","M","?","R","B",null,"M","?","?","?","$","E","R","E"],"character_chosen":"THE_SILENT","items_purchased":["CCEMRelics:BiPhaseBiplane","Replay:WaspNest"],"campfire_rested":3,"item_purchase_floors":[22,22],"current_hp_per_floor":[70,70,68,61,58,44,24,24,24,7,28,12,12,12,31,18,65,49,49,49,33,33,14,33,9,9],"gold":178,"neow_bonus":"UPGRADE_CARD","is_daily":false,"chose_seed":false,"campfire_upgraded":0,"win_rate":0.0,"timestamp":1610637923,"path_taken":["M","M","M","M","M","E","E","R","T","M","R","E","M","?","R","BOSS","M","?","?","?","$","E","R","E"],"items_purchased_type":["Relic","Relic"],"build_version":"2020-12-22","purchased_purges":1,"victory":false,"max_hp_per_floor":[70,70,70,70,70,70,70,70,70,70,70,70,70,65,65,65,65,65,65,65,65,65,65,65,65,65],"card_choices":[{"not_picked":["Bane","Sucker Punch"],"picked":"Noxious Fumes","floor":1},{"not_picked":["jedi:pocketpoison","Dagger Throw"],"picked":"ReplayTheSpireMod:Speed Training","floor":2},{"not_picked":["ReplayTheSpireMod:Tripwire","Finisher"],"picked":"Infinite Blades","floor":3},{"not_picked":["hubris:SlightOfHand","StuffTheSpire:Injection","Predator"],"picked":"SKIP","floor":4},{"not_picked":["hubris:TrickCloak","Leg Sweep","StuffTheSpire:FinalStruggle"],"picked":"SKIP","floor":5},{"not_picked":["All Out Attack","Hidden Blade"],"picked":"Infinite Blades","floor":6},{"not_picked":["StuffTheSpire:Repulse","Distraction","StuffTheSpire:Python"],"picked":"SKIP","floor":7},{"not_picked":["ReplayTheSpireMod:Exploit Weakness","StuffTheSpire:Injection"],"picked":"Quick Slash","floor":10},{"not_picked":["StuffTheSpire:Incantation","StuffTheSpire:Sprint","StuffTheSpire:Injection"],"picked":"SKIP","floor":12},{"not_picked":["Acrobatics","Hidden Blade"],"picked":"jedi:pocketpoison","floor":13},{"not_picked":["Grand Finale","jedi:studyshivs"],"picked":"A Thousand Cuts","floor":16},{"not_picked":["Hidden Blade+1","Predator"],"picked":"jedi:collectorvenom+1","floor":18},{"not_picked":["Replay:Bag of Tricks","Sneak Up+1","Reflex+1"],"picked":"SKIP","floor":23}],"player_experience":867593,"relics_obtained":[{"floor":6,"key":"Replay:Wax Seal"},{"floor":7,"key":"Lantern"},{"floor":12,"key":"aspiration:Lifesprig"},{"floor":20,"key":"Omamori"},{"floor":21,"key":"jedi:zontanonomicon"},{"floor":23,"key":"Garlic"}],"event_choices":[{"damage_healed":0,"gold_gain":0,"player_choice":"Lose Max HP","damage_taken":0,"relics_obtained":["Golden Idol"],"max_hp_gain":0,"max_hp_loss":5,"event_name":"Golden Idol","floor":14,"gold_loss":0},{"cards_removed":["Strike_G"],"damage_healed":0,"gold_gain":0,"player_choice":"Give","damage_taken":0,"max_hp_gain":0,"max_hp_loss":0,"event_name":"betterNote:BetterNote","floor":19,"gold_loss":0,"cards_obtained":["Strike_B"]},{"damage_healed":0,"gold_gain":0,"player_choice":"Obtained Book","damage_taken":16,"max_hp_gain":0,"max_hp_loss":0,"event_name":"Cursed Tome","floor":21,"gold_loss":0}],"is_beta":false,"boss_relics":[{"not_picked":["conspire:RunicOctahedron","aspiration:RitualDagger"],"picked":"Replay:Bronze Core"}],"items_purged_floors":[22],"is_endless":false,"potions_floor_spawned":[2,4,5,6,10,16,18],"killed_by":"Book of Stabbing","ascension_level":1}}