{"host":"Jedit","time":1610665797,"event":{"mods":["BaseMod","Minty Spire (QoL Compilation)","Relic Stats","StSLib"],"gold_per_floor":[114,127,141,9,27,27,27,61,61,61,87,87,87,87],"floor_reached":13,"language":"ENG","playtime":415,"items_purged":[],"score":186,"play_id":"f398ee60-e729-4f55-9dcc-d96bd4178d6b","local_time":"20210114230957","is_ascension_mode":true,"campfire_choices":[{"data":"Doppelganger","floor":6.0,"key":"SMITH"},{"floor":10.0,"key":"REST"}],"circlet_count":0,"master_deck":["AscendersBane","Strike_G","Strike_G","Strike_G","Defend_G","Defend_G","Defend_G","Defend_G","Defend_G","Survivor","Neutralize","Doppelganger+1","Quick Slash","Dagger Throw","Escape Plan","Poisoned Stab","Deadly Poison","Footwork","Caltrops","Wraith Form v2","Leg Sweep"],"relics":["Ring of the Snake","Anchor","Bag of Marbles","Singing Bowl"],"acts_visited":["Exordium"],"potions_floor_usage":[11],"damage_taken":[{"damage":0.0,"enemies":"Cultist","floor":1.0,"turns":4.0},{"damage":0.0,"enemies":"Jaw Worm","floor":2.0,"turns":4.0},{"damage":0.0,"enemies":"2 Louse","floor":3.0,"turns":3.0},{"damage":0.0,"enemies":"2 Fungi Beasts","floor":5.0,"turns":3.0},{"damage":21.0,"enemies":"Gremlin Nob","floor":8.0,"turns":4.0},{"damage":19,"enemies":"3 Sentries","floor":11,"turns":8},{"damage":21,"enemies":"Gremlin Nob","floor":13,"turns":4}],"seed_played":"-872874642996798103","potions_obtained":[{"floor":2.0,"key":"Dexterity Potion"},{"floor":5.0,"key":"Fire Potion"},{"floor":8.0,"key":"BlessingOfTheForge"}],"is_trial":false,"path_per_floor":["M","M","M","$","M","R","?","E","T","R","E","?","E"],"character_chosen":"THE_SILENT","items_purchased":["Deadly Poison","Footwork"],"campfire_rested":1,"item_purchase_floors":[4,4],"current_hp_per_floor":[44,44,44,44,44,44,44,23,23,42,23,23,2,2],"gold":87,"neow_bonus":"TRANSFORM_TWO_CARDS","is_daily":false,"chose_seed":false,"campfire_upgraded":1,"win_rate":0.0,"timestamp":1610665797,"path_taken":["M","M","?","$","M","R","?","E","T","R","E","?","E"],"items_purchased_type":["Card","Card"],"build_version":"2020-12-18","purchased_purges":0,"victory":false,"max_hp_per_floor":[66,66,66,66,66,66,66,66,66,66,66,66,66,66],"relic_stats":{"Singing Bowl":0,"counters":[7,30],"obtain_stats":[{"Anchor":8,"Singing Bowl":11,"Bag of Marbles":9,"Ring of the Snake":0},{"Anchor":5,"Singing Bowl":6,"Bag of Marbles":5,"Ring of the Snake":0},{"Anchor":18,"Singing Bowl":26,"Bag of Marbles":18,"Ring of the Snake":0}],"Ring of the Snake":[14]},"card_choices":[{"not_picked":["PiercingWail","Dodge and Roll"],"picked":"Dagger Throw","floor":1.0},{"not_picked":["Cloak And Dagger","Outmaneuver"],"picked":"Escape Plan","floor":2.0},{"not_picked":["Backflip","Quick Slash"],"picked":"Poisoned Stab","floor":3.0},{"not_picked":["Footwork","Setup"],"picked":"Caltrops","floor":5.0},{"not_picked":["Dagger Throw","Flying Knee"],"picked":"Wraith Form v2","floor":8.0},{"not_picked":["A Thousand Cuts","Deflect"],"picked":"Leg Sweep","floor":11}],"player_experience":3450601,"relics_obtained":[{"floor":8.0,"key":"Anchor"},{"floor":9.0,"key":"Bag of Marbles"},{"floor":11,"key":"Singing Bowl"}],"event_choices":[{"damage_healed":0.0,"max_hp_gain":0.0,"max_hp_loss":0.0,"gold_gain":0.0,"event_name":"Scrap Ooze","player_choice":"Fled","floor":7.0,"gold_loss":0.0,"damage_taken":0.0},{"damage_healed":0,"gold_gain":0,"player_choice":"Ignored","damage_taken":0,"max_hp_gain":0,"max_hp_loss":0,"event_name":"Golden Wing","floor":12,"gold_loss":0}],"is_beta":true,"boss_relics":[],"items_purged_floors":[],"is_endless":false,"potions_floor_spawned":[2,5,8],"killed_by":"Gremlin Nob","ascension_level":20}}