{"host":"5unvcuco0qq3uuek","time":1610657322,"event":{"mods":["BaseMod","Downfall","Minty Spire (QoL Compilation)","Somnambulant","StSLib","The Construct","The Cursed"],"gold_per_floor":[116,130,149,149,160,192,208,208,234,245,320,320,9,29,29,29,29],"floor_reached":16,"language":"ENG","playtime":584,"items_purged":["TheCursedMod:Strike_TheCursed"],"score":104,"play_id":"2fa0e8cb-dee9-4b6e-838b-7a68498d5f08","local_time":"20210114154842","is_ascension_mode":false,"campfire_choices":[{"floor":12,"key":"REST"},{"data":"TheCursedMod:RavingStaff","floor":15,"key":"SMITH"}],"circlet_count":0,"master_deck":["TheCursedMod:Strike_TheCursed","TheCursedMod:Strike_TheCursed","TheCursedMod:Strike_TheCursed+1","TheCursedMod:Defend_TheCursed","TheCursedMod:Defend_TheCursed","TheCursedMod:Defend_TheCursed","TheCursedMod:Defend_TheCursed","TheCursedMod:CursedWand","TheCursedMod:CleanUpWorkshop+1","TheCursedMod:Dregs","TheCursedMod:SurpriseAttack","TheCursedMod:SurpriseAttack","TheCursedMod:CircleOfFlame","TheCursedMod:RavingStaff+1","TheCursedMod:CircleOfAmplification","TheCursedMod:CircleOfBlood"],"relics":["TheCursedMod:BlackMagic101","NeowsBlessing","Calipers","Orichalcum","Membership Card","Molten Egg 2"],"acts_visited":["Exordium"],"potions_floor_usage":[16],"damage_taken":[{"damage":0,"enemies":"Cultist","floor":1,"turns":1},{"damage":0,"enemies":"Jaw Worm","floor":2,"turns":1},{"damage":0,"enemies":"2 Louse","floor":3,"turns":1},{"damage":0,"enemies":"Blue Slaver","floor":5,"turns":2},{"damage":15,"enemies":"3 Sentries","floor":6,"turns":6},{"damage":0,"enemies":"2 Fungi Beasts","floor":7,"turns":2},{"damage":5,"enemies":"Looter","floor":10,"turns":3},{"damage":2,"enemies":"Blue Slaver","floor":14,"turns":3},{"damage":60,"enemies":"Hexaghost","floor":16,"turns":11}],"seed_played":"-7125123001367818228","potions_obtained":[{"floor":3,"key":"construct:ShiftPotion"},{"floor":5,"key":"construct:ShiftPotion"},{"floor":14,"key":"Regen Potion"}],"is_trial":false,"path_per_floor":["M","M","M","?","M","E","M","?","T","M","?","R","$","M","R","B"],"character_chosen":"THE_CURSED","items_purchased":["Membership Card","Molten Egg 2"],"campfire_rested":1,"item_purchase_floors":[13,13],"current_hp_per_floor":[75,75,75,60,60,45,45,27,27,22,11,33,33,35,35,0,0],"gold":29,"neow_bonus":"THREE_ENEMY_KILL","is_daily":false,"chose_seed":false,"campfire_upgraded":1,"win_rate":0.0,"timestamp":1610657322,"path_taken":["M","M","M","?","M","E","M","?","T","M","?","R","$","M","R","BOSS"],"items_purchased_type":["Relic","Relic"],"build_version":"2020-12-22","purchased_purges":1,"victory":false,"max_hp_per_floor":[75,75,75,75,75,75,75,75,75,75,75,75,75,75,75,75,75],"card_choices":[{"not_picked":["TheCursedMod:RavingStaff","TheCursedMod:CursedBlade"],"picked":"TheCursedMod:SurpriseAttack","floor":1},{"not_picked":["TheCursedMod:SoulCrush","TheCursedMod:Torture"],"picked":"TheCursedMod:SurpriseAttack","floor":2},{"not_picked":["TheCursedMod:PrepareRite","TheCursedMod:ManaBullet"],"picked":"TheCursedMod:CircleOfFlame","floor":3},{"not_picked":["TheCursedMod:CursedSpellbook","TheCursedMod:Stigma"],"picked":"TheCursedMod:RavingStaff","floor":5},{"not_picked":["TheCursedMod:Torture","TheCursedMod:CursedAmulet"],"picked":"TheCursedMod:CircleOfAmplification","floor":6},{"not_picked":["TheCursedMod:CursedShiv","TheCursedMod:ManaCirculation","TheCursedMod:Stigma"],"picked":"SKIP","floor":7},{"not_picked":["TheCursedMod:CursedBlade","TheCursedMod:SpreadPlague"],"picked":"TheCursedMod:CircleOfBlood","floor":10},{"not_picked":["TheCursedMod:Stigma+1","TheCursedMod:WearCloak","TheCursedMod:CursedAmulet"],"picked":"SKIP","floor":14}],"player_experience":546149,"relics_obtained":[{"floor":6,"key":"Calipers"}],"event_choices":[{"damage_healed":0,"gold_gain":0,"player_choice":"Entered Light","damage_taken":15,"max_hp_gain":0,"max_hp_loss":0,"event_name":"Shining Light","floor":4,"gold_loss":0,"cards_upgraded":["TheCursedMod:CleanUpWorkshop","TheCursedMod:Strike_TheCursed"]},{"damage_healed":0,"gold_gain":0,"player_choice":"Success","damage_taken":18,"relics_obtained":["Orichalcum"],"max_hp_gain":0,"max_hp_loss":0,"event_name":"Scrap Ooze","floor":8,"gold_loss":0},{"damage_healed":0,"gold_gain":75,"player_choice":"Gather Gold","damage_taken":11,"max_hp_gain":0,"max_hp_loss":0,"event_name":"World of Goop","floor":11,"gold_loss":0}],"is_beta":false,"boss_relics":[],"items_purged_floors":[13],"is_endless":false,"potions_floor_spawned":[3,5,14],"killed_by":"Hexaghost","ascension_level":0}}