{"host":"3a1ypf1irl30q4k8","time":1610646531,"event":{"mods":["AchievementEnabler","BaseMod","Bestiary","Colored Map","Minty Spire (QoL Compilation)","Relic Stats"],"gold_per_floor":[109,109,120,138,149,182,182,34,34,34,64,64,75,5,5,105,105,120,139,214,233,59,59,59],"floor_reached":23,"language":"ENG","playtime":1154,"items_purged":["Strike_P"],"score":221,"play_id":"24074966-a647-43a3-9264-5572e5375176","local_time":"20210114174851","is_ascension_mode":true,"campfire_choices":[{"floor":7,"key":"REST"},{"data":"FollowUp","floor":10,"key":"SMITH"},{"data":"Wallop","floor":12,"key":"SMITH"},{"data":"SashWhip","floor":15,"key":"SMITH"}],"circlet_count":0,"master_deck":["Strike_P","Strike_P","Strike_P","Defend_P","Defend_P","Defend_P","Defend_P","Eruption+1","Vigilance","SashWhip","CutThroughFate","SashWhip+1","FollowUp+1","EmptyFist","Wallop+1","EmptyBody","Adaptation","DevaForm","Meditate","Meditate","WreathOfFlame"],"relics":["SlaversCollar","Du-Vu Doll","Blood Vial","Calipers","Ginger","Cursed Key"],"acts_visited":["Exordium","TheCity"],"potions_floor_usage":[4,5,23,23],"damage_taken":[{"damage":0,"enemies":"2 Louse","floor":1,"turns":2},{"damage":0,"enemies":"Cultist","floor":3,"turns":2},{"damage":4,"enemies":"Small Slimes","floor":4,"turns":3},{"damage":12,"enemies":"Exordium Wildlife","floor":5,"turns":3},{"damage":28,"enemies":"Gremlin Nob","floor":6,"turns":3},{"damage":13,"enemies":"Lagavulin","floor":11,"turns":6},{"damage":0,"enemies":"Looter","floor":13,"turns":2},{"damage":11,"enemies":"Hexaghost","floor":16,"turns":9},{"damage":7,"enemies":"Chosen","floor":18,"turns":4},{"damage":19,"enemies":"3 Byrds","floor":19,"turns":6},{"damage":27,"enemies":"Sentry and Sphere","floor":21,"turns":6},{"damage":21,"enemies":"Book of Stabbing","floor":23,"turns":5}],"seed_played":"6778623246470370733","potions_obtained":[{"floor":3,"key":"Energy Potion"},{"floor":4,"key":"Strength Potion"},{"floor":13,"key":"StancePotion"},{"floor":18,"key":"Swift Potion"}],"is_trial":false,"path_per_floor":["M","?","M","M","M","E","R","$","T","R","E","R","M","$","R","B",null,"M","M","?","M","$","E"],"character_chosen":"WATCHER","items_purchased":["Blood Vial","Adaptation","Block Potion","Dexterity Potion"],"campfire_rested":1,"item_purchase_floors":[8,14,22,22],"current_hp_per_floor":[72,72,72,68,56,28,49,49,49,49,38,38,40,40,40,31,72,65,48,41,16,16,0,0],"gold":59,"neow_bonus":"BOSS_RELIC","is_daily":false,"chose_seed":false,"campfire_upgraded":3,"win_rate":0.0,"timestamp":1610646531,"path_taken":["M","?","M","M","?","E","R","?","T","R","E","R","M","?","R","BOSS","M","M","?","?","$","E"],"items_purchased_type":["Relic","Card","Potion","Potion"],"build_version":"2020-12-22","purchased_purges":1,"victory":false,"max_hp_per_floor":[72,72,72,72,72,72,72,72,72,72,72,72,72,72,72,72,72,72,72,72,72,72,72,72],"relic_stats":{"Blood Vial":12,"counters":[12,51],"Ginger":[3],"Cursed Key":0,"obtain_stats":[{"Du-Vu Doll":6,"Blood Vial":8,"SlaversCollar":0,"Calipers":9,"Ginger":11,"PureWater":0,"Cursed Key":17},{"Du-Vu Doll":5,"Blood Vial":5,"SlaversCollar":0,"Calipers":5,"Ginger":6,"PureWater":0,"Cursed Key":8},{"Du-Vu Doll":13,"Blood Vial":13,"SlaversCollar":0,"Calipers":13,"Ginger":19,"PureWater":0,"Cursed Key":30}]},"card_choices":[{"not_picked":["ClearTheMind","Evaluate"],"picked":"SashWhip","floor":1},{"not_picked":["ThirdEye","Omniscience"],"picked":"CutThroughFate","floor":3},{"not_picked":["Worship","Adaptation"],"picked":"SashWhip","floor":4},{"not_picked":["EmptyBody","Study"],"picked":"FollowUp","floor":5},{"not_picked":["Perseverance","Meditate"],"picked":"EmptyFist","floor":6},{"not_picked":["Sanctity","Conclude"],"picked":"Wallop","floor":11},{"not_picked":["BowlingBash","ThirdEye"],"picked":"EmptyBody","floor":13},{"not_picked":["Devotion","SpiritShield"],"picked":"DevaForm","floor":16},{"not_picked":["Consecrate","WaveOfTheHand+1"],"picked":"Meditate","floor":18},{"not_picked":["JustLucky+1","BattleHymn"],"picked":"Meditate","floor":19},{"not_picked":["FlurryOfBlows","BowlingBash"],"picked":"WreathOfFlame","floor":21}],"player_experience":1062651,"relics_obtained":[{"floor":6,"key":"Du-Vu Doll"},{"floor":9,"key":"Calipers"},{"floor":11,"key":"Ginger"}],"event_choices":[{"damage_healed":0,"gold_gain":0,"player_choice":"Upgraded","damage_taken":0,"max_hp_gain":0,"max_hp_loss":0,"event_name":"Upgrade Shrine","floor":2,"gold_loss":0,"cards_upgraded":["Eruption"]},{"damage_healed":0,"gold_gain":75,"player_choice":"Touch","damage_taken":7,"max_hp_gain":0,"max_hp_loss":0,"event_name":"FaceTrader","floor":20,"gold_loss":0}],"is_beta":false,"boss_relics":[{"not_picked":["Ectoplasm","Coffee Dripper"],"picked":"Cursed Key"}],"items_purged_floors":[22],"is_endless":false,"potions_floor_spawned":[3,4,13,18],"killed_by":"Book of Stabbing","ascension_level":2}}