{"host":"caimxuaynv936xwp","time":1610623864,"event":{"mods":["Arknights The Spire","BaseMod","Marisa£¨Ùöéë¡¡Øª×âÞÞ£©","Minty Spire (QoL Compilation)","Prisma Mod","Reimu£¨ÚÏ???£©","Remilia£¨?Ú·×é?£©","Say the Spire","Spicy Shops","StSLib","The Servant 0.9.4","Waifu the Spire","WarShipGirlsR/??á´Ò³R mod","Yakumo Yukari mod"],"gold_per_floor":[211,228,241,241,252,252,22,38,61,93,93,106,122,138,138,238,238,250,250,250,250,260,260,270,289,361,376,5,23,37,50,50,50,50],"floor_reached":33,"language":"KOR","playtime":1623,"items_purged":["Pain"],"score":332,"play_id":"49e9a3a3-8421-466c-a1c4-134b70a9e1af","local_time":"20210114203104","is_ascension_mode":false,"campfire_choices":[{"data":"rmod:circuitoustactics","floor":6,"key":"SMITH"},{"data":"rmod:wolves","floor":15,"key":"SMITH"},{"data":"rmod:goodfighter","floor":23,"key":"SMITH"},{"data":"rmod:heivgo","floor":32,"key":"SMITH"}],"circlet_count":0,"master_deck":["rmod:strick","rmod:strick","rmod:strick","rmod:strick","rmod:defend","rmod:defend","rmod:defend","rmod:defend","rmod:basicallowance","rmod:maingunfire","rmod:rockthrower","rmod:circuitoustactics+1","rmod:goodfighter+1","rmod:goodfighter","rmod:mineteam","rmod:fletcherpendant","rmod:wolves+1","rmod:unsinkable","rmod:unsinkable","rmod:highspeedmaneuver","rmod:fuelsupply+1","rmod:goodfighter+1","rmod:fuelsupply","rmod:combined+1","rmod:steelsupply","rmod:robin","rmod:mineteam","rmod:heivgo+1"],"relics":["rmod:firstchargereward","WarpedTongs","Bag of Marbles","Potion Belt","Strawberry","Happy Flower","Busted Crown","Lee\u0027s Waffle","Ancient Tea Set"],"acts_visited":["Exordium","TheCity"],"potions_floor_usage":[10,16,22,25,27,29,31,33,33,33,33],"damage_taken":[{"damage":0,"enemies":"Cultist","floor":1,"turns":3},{"damage":4,"enemies":"Small Slimes","floor":2,"turns":3},{"damage":1,"enemies":"Jaw Worm","floor":3,"turns":3},{"damage":4,"enemies":"Exordium Thugs","floor":5,"turns":4},{"damage":4,"enemies":"Looter","floor":8,"turns":2},{"damage":6,"enemies":"Lagavulin","floor":10,"turns":4},{"damage":6,"enemies":"3 Louse","floor":12,"turns":2},{"damage":0,"enemies":"Gremlin Gang","floor":13,"turns":3},{"damage":0,"enemies":"Red Slaver","floor":14,"turns":2},{"damage":0,"enemies":"Slime Boss","floor":16,"turns":4},{"damage":0,"enemies":"Chosen","floor":18,"turns":2},{"damage":10,"enemies":"Shell Parasite","floor":22,"turns":4},{"damage":20,"enemies":"Sentry and Sphere","floor":24,"turns":4},{"damage":9,"enemies":"Snecko","floor":25,"turns":3},{"damage":0,"enemies":"Centurion and Healer","floor":27,"turns":2},{"damage":27,"enemies":"Snake Plant","floor":29,"turns":3},{"damage":10,"enemies":"Chosen and Byrds","floor":30,"turns":4},{"damage":24,"enemies":"Shelled Parasite and Fungi","floor":31,"turns":3},{"damage":47,"enemies":"Collector","floor":33,"turns":6}],"seed_played":"-3362604507824323489","potions_obtained":[{"floor":3,"key":"LiquidBronze"},{"floor":5,"key":"Energy Potion"},{"floor":8,"key":"Ancient Potion"},{"floor":10,"key":"LiquidBronze"},{"floor":13,"key":"PowerPotion"},{"floor":18,"key":"Block Potion"},{"floor":21,"key":"MagicPotion:ReiMu"},{"floor":29,"key":"BlessingOfTheForge"},{"floor":30,"key":"Weak Potion"},{"floor":31,"key":"SteroidPotion"}],"is_trial":false,"path_per_floor":["M","M","M","?","M","R","$","M","T","E","T","M","M","M","R","B",null,"M","?","?","?","M","R","M","M","T","M","$","M","M","M","R","B"],"character_chosen":"PRAEFECT","items_purchased":["Bag of Marbles","Lee\u0027s Waffle","Ancient Tea Set","Regen Potion"],"campfire_rested":0,"item_purchase_floors":[7,28,28,28],"current_hp_per_floor":[75,71,70,70,66,66,66,62,62,63,63,57,57,57,57,57,82,82,66,66,66,56,56,36,27,27,27,94,71,61,37,37,0,0],"gold":50,"neow_bonus":"HUNDRED_GOLD","is_daily":false,"chose_seed":false,"campfire_upgraded":4,"win_rate":0.0,"timestamp":1610623864,"path_taken":["M","?","M","?","?","R","$","M","T","E","?","M","M","M","R","BOSS","M","?","?","?","M","R","M","M","T","M","$","M","?","M","R","BOSS"],"items_purchased_type":["Relic","Relic","Relic","Potion"],"build_version":"2020-12-22","purchased_purges":1,"victory":false,"max_hp_per_floor":[75,75,75,75,75,75,75,75,75,82,82,82,82,82,82,82,82,82,87,87,87,87,87,87,87,87,87,94,94,94,94,94,94,94],"card_choices":[{"not_picked":["rmod:intelligenceanalysis","rmod:chargemoney"],"picked":"rmod:rockthrower","floor":1},{"not_picked":["rmod:firesupport","rmod:ring"],"picked":"rmod:circuitoustactics","floor":2},{"not_picked":["rmod:steelsupply","rmod:victimresponsibility"],"picked":"rmod:goodfighter","floor":3},{"not_picked":["rmod:fuelsupply","rmod:smokecover"],"picked":"rmod:goodfighter","floor":5},{"not_picked":["rmod:fletcherpendant","rmod:guardianhero"],"picked":"rmod:mineteam","floor":8},{"not_picked":["rmod:diamondstrike","rmod:advancebysurprise"],"picked":"rmod:fletcherpendant","floor":10},{"not_picked":["rmod:combined","rmod:tearstotiara"],"picked":"rmod:wolves","floor":12},{"not_picked":["rmod:expeditionaryescort","rmod:aluminumsupply"],"picked":"rmod:unsinkable","floor":13},{"not_picked":["rmod:spoils","rmod:luckystar"],"picked":"rmod:unsinkable","floor":14},{"not_picked":["rmod:timeschanged","rmod:u235"],"picked":"rmod:highspeedmaneuver","floor":16},{"not_picked":[],"picked":"rmod:fuelsupply+1","floor":18},{"not_picked":[],"picked":"rmod:goodfighter+1","floor":22},{"not_picked":[],"picked":"rmod:fuelsupply","floor":24},{"not_picked":[],"picked":"rmod:combined+1","floor":25},{"not_picked":[],"picked":"rmod:steelsupply","floor":27},{"not_picked":[],"picked":"rmod:robin","floor":29},{"not_picked":[],"picked":"rmod:mineteam","floor":30},{"not_picked":[],"picked":"rmod:heivgo","floor":31}],"player_experience":301421,"relics_obtained":[{"floor":9,"key":"Potion Belt"},{"floor":10,"key":"Strawberry"},{"floor":11,"key":"Happy Flower"}],"event_choices":[{"damage_healed":0,"gold_gain":0,"player_choice":"Rummage","damage_taken":0,"relics_obtained":["WarpedTongs"],"max_hp_gain":0,"max_hp_loss":0,"event_name":"Accursed Blacksmith","floor":4,"gold_loss":0,"cards_obtained":["Pain"]},{"damage_healed":0,"gold_gain":0,"player_choice":"Shed Blood","damage_taken":21,"max_hp_gain":5,"max_hp_loss":0,"event_name":"Forgotten Altar","floor":19,"gold_loss":0},{"damage_healed":0,"gold_gain":0,"player_choice":"Ignored","damage_taken":0,"max_hp_gain":0,"max_hp_loss":0,"event_name":"Ghosts","floor":20,"gold_loss":0},{"damage_healed":0,"gold_gain":0,"player_choice":"Got Potions","damage_taken":0,"max_hp_gain":0,"max_hp_loss":0,"event_name":"Lab","floor":21,"gold_loss":0}],"is_beta":false,"boss_relics":[{"not_picked":["Pandora\u0027s Box","Philosopher\u0027s Stone"],"picked":"Busted Crown"}],"items_purged_floors":[7],"is_endless":false,"potions_floor_spawned":[3,5,8,10,13,18,29,30,31],"killed_by":"Collector","ascension_level":0}}