{"host":"0cm5wy4nhuju7tij","time":1610587218,"event":{"mods":["100% Spire Juice","2.2 Compatiblity","AchievementEnabler","Aspiration","BaseMod","Better Third Choice","BetterRewards","CCEM","CapriCore","Chen","Colored Powertips","Curses Come First","Custom Start","Displayed Cursed Tome","Downfall","Energized Spire","Evolution","Filter the Spire","Fireblade Mod","Highlight Path","Jess\u0027s Bottle","Minty Spire (QoL Compilation)","Onozuka Komachi Mod","Permanent Neow","Relic Stats","Shop Mod","Spicy Shops","StSLib","The Caster","The Cursed","The Fake Hero","The Juggle","The Sage","TheFirefly","thorton"],"gold_per_floor":[111,121,131,131,142,168,168,202,202,202,222,222,222,239,239,337,337,349,349,367,381,396,38,51,51,51],"floor_reached":25,"language":"ENG","playtime":1938,"items_purged":["Komachi:Strike"],"score":242,"play_id":"5268afec-3505-4ce7-b68b-320bf27981bc","local_time":"20210113202018","is_ascension_mode":false,"campfire_choices":[{"data":"Komachi:HumanSpirit","floor":7.0,"key":"SMITH"},{"floor":10.0,"key":"REST"},{"data":"Komachi:VengefulSpirit","floor":13.0,"key":"SMITH"},{"floor":15.0,"key":"REST"}],"circlet_count":0,"master_deck":["Komachi:Strike","Komachi:Strike","Komachi:Strike","Komachi:Defend","Komachi:Defend","Komachi:Defend","Komachi:Defend","Komachi:Bound","Komachi:ReaperScythe","Komachi:GhostlySlice","Komachi:VengefulSpirit+1","Komachi:SpiritBlade","Komachi:UnseenSpirit","Komachi:HumanSpirit+1","Komachi:UnseenSpirit","Komachi:HumanSpirit","Komachi:SinnerSpirit","Komachi:Memento","Komachi:Modesty","Komachi:ConfinesAvichi+1","Komachi:HumanSpirit","Komachi:LonelySpirit","Komachi:RiverMist","Komachi:SpiritBlade","Komachi:EndlessWay","Komachi:UnseenSpirit","Komachi:AwaitedRest"],"relics":["Komachi:Relic:FerryingBoat","EVO:Axolotl","Peace Pipe","CCEMRelics:CocoNut","Bottled Flame","jessBottle:WaterBottleRelic","CCEMRelics:JestersCrown"],"acts_visited":["Exordium","TheCity"],"potions_floor_usage":[],"damage_taken":[{"damage":2.0,"enemies":"2 Louse","floor":1.0,"turns":4.0},{"damage":0.0,"enemies":"Small Slimes","floor":2.0,"turns":3.0},{"damage":0.0,"enemies":"Cultist","floor":3.0,"turns":2.0},{"damage":6.0,"enemies":"Large Slime","floor":5.0,"turns":6.0},{"damage":37.0,"enemies":"3 Sentries","floor":6.0,"turns":14.0},{"damage":21.0,"enemies":"Gremlin Nob","floor":8.0,"turns":4.0},{"damage":9.0,"enemies":"Looter","floor":11.0,"turns":3.0},{"damage":6.0,"enemies":"Exordium Wildlife","floor":14.0,"turns":3.0},{"damage":46.0,"enemies":"The Guardian","floor":16.0,"turns":11.0},{"damage":2.0,"enemies":"Spheric Guardian","floor":18.0,"turns":4.0},{"damage":6.0,"enemies":"Chosen","floor":20.0,"turns":3.0},{"damage":18.0,"enemies":"3 Cultists","floor":21.0,"turns":6.0},{"damage":3.0,"enemies":"Centurion and Healer","floor":22.0,"turns":6.0},{"damage":15.0,"enemies":"Snecko","floor":24.0,"turns":5.0},{"damage":82,"enemies":"Gremlin Leader","floor":25,"turns":6}],"seed_played":"3702113963434993219","potions_obtained":[{"floor":1.0,"key":"Fire Potion"},{"floor":3.0,"key":"GamblersBrew"},{"floor":5.0,"key":"sagemod:Wine"},{"floor":11.0,"key":"Block Potion"},{"floor":16.0,"key":"FairyPotion"}],"is_trial":false,"path_per_floor":["M","M","M","?","M","E","R","E","T","R","M","?","R","M","R","B",null,"M","?","M","M","M","$","M","E"],"character_chosen":"KOMACHI_CLASS","items_purchased":["Komachi:SpiritBlade","CCEMRelics:JestersCrown","Komachi:EndlessWay","Komachi:UnseenSpirit"],"campfire_rested":2,"item_purchase_floors":[23,23,23,23],"current_hp_per_floor":[73,73,73,78,72,35,35,19,19,44,35,35,35,29,54,8,85,83,67,61,43,40,40,25,0,0],"gold":51,"neow_bonus":"ONE_RANDOM_RARE_CARD","is_daily":false,"chose_seed":false,"campfire_upgraded":2,"win_rate":0.0,"timestamp":1610587218,"path_taken":["M","M","M","?","M","E","R","E","T","R","M","?","R","M","R","BOSS","M","?","M","M","M","$","M","E"],"items_purchased_type":["Card","Relic","Card","Card"],"build_version":"2020-12-22","purchased_purges":1,"victory":false,"max_hp_per_floor":[75,75,75,80,80,80,80,85,85,85,85,85,85,85,85,85,85,85,90,90,90,90,90,90,90,90],"relic_stats":{"Peace Pipe":0,"counters":[15,80],"obtain_stats":[{"Peace Pipe":6,"Bottled Flame":9,"Komachi:Relic:FerryingBoat":0,"CCEMRelics:CocoNut":8,"EVO:Axolotl":0,"jessBottle:WaterBottleRelic":17,"CCEMRelics:JestersCrown":23},{"Peace Pipe":5,"Bottled Flame":6,"Komachi:Relic:FerryingBoat":0,"CCEMRelics:CocoNut":6,"EVO:Axolotl":0,"jessBottle:WaterBottleRelic":9,"CCEMRelics:JestersCrown":13},{"Peace Pipe":29,"Bottled Flame":33,"Komachi:Relic:FerryingBoat":0,"CCEMRelics:CocoNut":33,"EVO:Axolotl":0,"jessBottle:WaterBottleRelic":50,"CCEMRelics:JestersCrown":69}]},"card_choices":[{"not_picked":["Komachi:ConfinesAvichi","Komachi:EtherealCut"],"picked":"Komachi:VengefulSpirit","floor":1.0},{"not_picked":["Komachi:EndlessWay","Komachi:GhostlyBarrier"],"picked":"Komachi:SpiritBlade","floor":2.0},{"not_picked":["Komachi:FullSwing","Komachi:Exorcism"],"picked":"Komachi:UnseenSpirit","floor":3.0},{"not_picked":["Komachi:FearAura","Komachi:GhostlyChain"],"picked":"Komachi:HumanSpirit","floor":5.0},{"not_picked":["Komachi:GhostlyChain","Komachi:SpiritualEnergy"],"picked":"Komachi:UnseenSpirit","floor":6.0},{"not_picked":["Komachi:SpiritualEnergy","Komachi:SpiritBlade"],"picked":"Komachi:HumanSpirit","floor":8.0},{"not_picked":["Komachi:BoatSanzu","Komachi:FearAura"],"picked":"Komachi:SinnerSpirit","floor":11.0},{"not_picked":["Komachi:TasteDeath","Komachi:ThrowAway"],"picked":"Komachi:Memento","floor":14.0},{"not_picked":["Komachi:ChangeRoute","Komachi:ShortenLife"],"picked":"Komachi:Modesty","floor":16.0},{"not_picked":["Komachi:VengefulSpirit","Komachi:FellowTraveler"],"picked":"Komachi:ConfinesAvichi+1","floor":18.0},{"not_picked":["Komachi:EaseRest","Komachi:EndlessWay"],"picked":"Komachi:HumanSpirit","floor":20.0},{"not_picked":["Komachi:FullSwing","Komachi:SpiritualEnergy"],"picked":"Komachi:LonelySpirit","floor":21.0},{"not_picked":["Komachi:ShortenLife","Komachi:SinnerSpirit"],"picked":"Komachi:RiverMist","floor":22.0},{"not_picked":["Komachi:LonelySpirit","Komachi:SinnerSpirit"],"picked":"Komachi:AwaitedRest","floor":24.0}],"player_experience":236749,"relics_obtained":[{"floor":6.0,"key":"Peace Pipe"},{"floor":8.0,"key":"CCEMRelics:CocoNut"},{"floor":9.0,"key":"Bottled Flame"}],"event_choices":[{"damage_healed":0.0,"max_hp_gain":5.0,"max_hp_loss":0.0,"gold_gain":0.0,"event_name":"Big Fish","player_choice":"Donut","floor":4.0,"gold_loss":0.0,"damage_taken":0.0},{"damage_healed":0.0,"max_hp_gain":0.0,"max_hp_loss":0.0,"gold_gain":0.0,"event_name":"betterThird:BetterSerpent","player_choice":"Ignored","floor":12.0,"gold_loss":0.0,"damage_taken":222.0},{"damage_healed":0.0,"max_hp_gain":5.0,"max_hp_loss":0.0,"gold_gain":0.0,"event_name":"Forgotten Altar","player_choice":"Shed Blood","floor":19.0,"gold_loss":0.0,"damage_taken":21.0}],"is_beta":false,"boss_relics":[{"not_picked":["energizedSpire:CursedPentagram","thethorton:GreedFountain"],"picked":"jessBottle:WaterBottleRelic"}],"items_purged_floors":[23],"is_endless":false,"potions_floor_spawned":[1,3,5,11,16,20,21],"killed_by":"Gremlin Leader","ascension_level":0}}