{"host":"jscggscbx0p7706o","time":1610617709,"event":{"mods":["AchievementEnabler","BaseMod","Block Reminder","Colored Powertips","Minty Spire (QoL Compilation)","Permanent Neow","Quick Restart","StSLib"],"gold_per_floor":[119,131,147,165,165,165,90,90,90,103,115,135,145,165,165,267,267,280,110,81,81,101,101,118,118,141,141,151,161,174,192,192,192,192],"floor_reached":33,"language":"ENG","playtime":1485,"items_purged":["Strike_R","Strike_R"],"score":274,"play_id":"1370019f-4af7-4dfc-a5e5-d72da8ddc851","local_time":"20210114174829","is_ascension_mode":false,"campfire_choices":[{"data":"Shrug It Off","floor":6.0,"key":"SMITH"},{"data":"Bash","floor":15.0,"key":"SMITH"},{"data":"Clash","floor":23.0,"key":"SMITH"},{"data":"Dropkick","floor":25.0,"key":"SMITH"},{"floor":32,"key":"REST"}],"circlet_count":0,"master_deck":["Strike_R","Strike_R","Defend_R","Defend_R","Defend_R","Bash+1","Shrug It Off+1","Clash+1","Dropkick+1"],"relics":["Black Blood","Ornamental Fan","Strawberry"],"acts_visited":["Exordium","TheCity"],"potions_floor_usage":[30,31],"damage_taken":[{"damage":1.0,"enemies":"Cultist","floor":1.0,"turns":3.0},{"damage":0.0,"enemies":"Small Slimes","floor":2.0,"turns":3.0},{"damage":5.0,"enemies":"Jaw Worm","floor":3.0,"turns":5.0},{"damage":14.0,"enemies":"Gremlin Gang","floor":4.0,"turns":7.0},{"damage":7.0,"enemies":"Lots of Slimes","floor":10.0,"turns":9.0},{"damage":4.0,"enemies":"Blue Slaver","floor":11.0,"turns":5.0},{"damage":22.0,"enemies":"Exordium Wildlife","floor":12.0,"turns":7.0},{"damage":4.0,"enemies":"Gremlin Gang","floor":13.0,"turns":7.0},{"damage":2.0,"enemies":"2 Fungi Beasts","floor":14.0,"turns":4.0},{"damage":58.0,"enemies":"Slime Boss","floor":16.0,"turns":14.0},{"damage":6.0,"enemies":"Chosen","floor":18.0,"turns":6.0},{"damage":10.0,"enemies":"2 Thieves","floor":20.0,"turns":5.0},{"damage":14.0,"enemies":"Cultist and Chosen","floor":22.0,"turns":7.0},{"damage":22.0,"enemies":"Centurion and Healer","floor":24.0,"turns":7.0},{"damage":18.0,"enemies":"Snake Plant","floor":28.0,"turns":5.0},{"damage":50.0,"enemies":"Chosen and Byrds","floor":29.0,"turns":10.0},{"damage":26,"enemies":"Snecko","floor":30,"turns":6},{"damage":19,"enemies":"Shelled Parasite and Fungi","floor":31,"turns":5},{"damage":32,"enemies":"Automaton","floor":33,"turns":6}],"seed_played":"-240550815100319108","potions_obtained":[{"floor":2.0,"key":"Strength Potion"},{"floor":3.0,"key":"DistilledChaos"},{"floor":4.0,"key":"Ancient Potion"},{"floor":12.0,"key":"BlessingOfTheForge"},{"floor":18.0,"key":"FearPotion"},{"floor":22.0,"key":"Energy Potion"},{"floor":28.0,"key":"Energy Potion"},{"floor":29.0,"key":"ColorlessPotion"},{"floor":30,"key":"Fruit Juice"}],"is_trial":false,"path_per_floor":["M","M","M","M","?","R","$","?","T","M","M","M","M","M","R","B",null,"M","$","M","?","M","R","M","R","T","?","M","M","M","M","R","B"],"character_chosen":"IRONCLAD","items_purchased":["Dropkick"],"campfire_rested":1,"item_purchase_floors":[19],"current_hp_per_floor":[80,80,80,72,72,72,72,77,77,76,78,62,64,68,68,16,85,85,85,85,85,83,83,73,73,80,80,74,36,27,20,49,17,17],"gold":192,"neow_bonus":"REMOVE_CARD","is_daily":false,"chose_seed":false,"campfire_upgraded":4,"win_rate":0.0,"timestamp":1610617709,"path_taken":["M","M","?","M","?","R","?","?","T","M","M","?","M","?","R","BOSS","M","?","M","?","M","R","?","R","T","?","M","M","M","M","R","BOSS"],"items_purchased_type":["Card"],"build_version":"2020-12-22","purchased_purges":2,"victory":false,"max_hp_per_floor":[80,80,80,80,80,80,80,85,85,85,85,85,85,85,85,85,85,85,85,85,85,85,85,85,85,92,92,92,92,97,97,97,97,97],"card_choices":[{"not_picked":["Perfected Strike","Combust","Sever Soul"],"picked":"SKIP","floor":1.0},{"not_picked":["Uppercut","Havoc","Twin Strike"],"picked":"SKIP","floor":2.0},{"not_picked":["Clothesline","Blood for Blood","Havoc"],"picked":"SKIP","floor":3.0},{"not_picked":["Seeing Red","Perfected Strike"],"picked":"Shrug It Off","floor":4.0},{"not_picked":["Clothesline","Searing Blow","Blood for Blood"],"picked":"SKIP","floor":10.0},{"not_picked":["Clothesline","Searing Blow","Blood for Blood"],"picked":"SKIP","floor":10.0},{"not_picked":["Uppercut","Dual Wield","Ghostly Armor"],"picked":"SKIP","floor":11.0},{"not_picked":["Iron Wave","Whirlwind","Sever Soul"],"picked":"SKIP","floor":12.0},{"not_picked":["Evolve","Brutality","Warcry"],"picked":"SKIP","floor":13.0},{"not_picked":["Body Slam","Second Wind"],"picked":"Clash","floor":14.0},{"not_picked":["Cleave","Body Slam+1","Carnage"],"picked":"SKIP","floor":18.0},{"not_picked":["Anger+1","Warcry","Wild Strike+1"],"picked":"SKIP","floor":20.0},{"not_picked":["Inflame","Clash","Battle Trance"],"picked":"SKIP","floor":22.0},{"not_picked":["Infernal Blade","Cleave","Pommel Strike+1"],"picked":"SKIP","floor":24.0},{"not_picked":["Whirlwind","Feel No Pain","Clothesline+1"],"picked":"SKIP","floor":28.0},{"not_picked":["Clash+1","Body Slam","Rampage"],"picked":"SKIP","floor":29.0},{"not_picked":["Sentinel+1","Clothesline+1","Warcry"],"picked":"SKIP","floor":30},{"not_picked":["True Grit","Wild Strike","Juggernaut"],"picked":"SKIP","floor":31}],"player_experience":250323,"relics_obtained":[{"floor":9.0,"key":"Ornamental Fan"},{"floor":26.0,"key":"Strawberry"}],"event_choices":[{"cards_removed":["Defend_R"],"damage_healed":0.0,"max_hp_gain":0.0,"max_hp_loss":0.0,"gold_gain":0.0,"event_name":"Purifier","player_choice":"Purged","floor":5.0,"gold_loss":0.0,"damage_taken":0.0},{"damage_healed":0.0,"max_hp_gain":5.0,"max_hp_loss":0.0,"gold_gain":0.0,"event_name":"Big Fish","player_choice":"Donut","floor":8.0,"gold_loss":0.0,"damage_taken":0.0},{"damage_healed":0.0,"max_hp_gain":0.0,"max_hp_loss":0.0,"gold_gain":0.0,"event_name":"Vampires","player_choice":"Ignored","floor":21.0,"gold_loss":0.0,"damage_taken":0.0},{"damage_healed":0.0,"max_hp_gain":0.0,"max_hp_loss":0.0,"gold_gain":0.0,"event_name":"The Mausoleum","player_choice":"Ignored","floor":27.0,"gold_loss":0.0,"damage_taken":0.0}],"is_beta":false,"boss_relics":[{"not_picked":["Ectoplasm","Astrolabe"],"picked":"Black Blood"}],"items_purged_floors":[7,19],"is_endless":false,"potions_floor_spawned":[2,3,4,12,14,18,22,28,29,30],"killed_by":"Automaton","ascension_level":0}}