{"host":"6bsan6hkua32tfq7","time":1610598610,"event":{"mods":["BaseMod","Better Third Choice","Colored Map","Highlight Path","Minty Spire (QoL Compilation)","StSLib"],"gold_per_floor":[115,130,143,143,155,155,172,172,172,172,97,115,143,155,155,230,230,241,261,5,20,20,20,49,49,49,49,61,80,97,127,127,199,199,216,216,227,241,116,116,148,148,225,240,240,268,118,131,131,131,131],"floor_reached":50,"language":"ENG","playtime":1873,"items_purged":["Defend_G","Strike_G","Strike_G","Strike_G"],"score":1192,"play_id":"7bf91649-9e16-40d3-822a-aa2b08ece074","local_time":"20210114053010","is_ascension_mode":true,"campfire_choices":[{"data":"Neutralize","floor":6.0,"key":"SMITH"},{"data":"Deadly Poison","floor":8.0,"key":"SMITH"},{"data":"Blur","floor":10.0,"key":"SMITH"},{"data":"Terror","floor":15.0,"key":"SMITH"},{"floor":23.0,"key":"REST"},{"floor":25.0,"key":"REST"},{"floor":27.0,"key":"REST"},{"floor":32.0,"key":"RECALL"},{"floor":40.0,"key":"REST"},{"floor":42.0,"key":"REST"},{"floor":49,"key":"REST"}],"circlet_count":0,"master_deck":["AscendersBane","Strike_G","Strike_G","Defend_G","Defend_G","Defend_G","Defend_G","Neutralize","Choke","Underhanded Strike","Blur+1","Slice","Neutralize+1","Infinite Blades","Deadly Poison+1","Corpse Explosion","Endless Agony","Terror+1","Malaise","Wraith Form v2","RitualDagger","Cloak And Dagger","Night Terror","Tools of the Trade+1","Dodge and Roll","Noxious Fumes+1","Parasite"],"relics":["Ring of the Snake","FossilizedHelix","Kunai","Singing Bowl","Fusion Hammer","White Beast Statue","Happy Flower","Frozen Egg 2","Black Star","HornCleat","Molten Egg 2","Regal Pillow","Toy Ornithopter"],"acts_visited":["Exordium","TheCity","TheBeyond"],"potions_floor_usage":[50],"damage_taken":[{"damage":0.0,"enemies":"2 Louse","floor":1.0,"turns":3.0},{"damage":2.0,"enemies":"Cultist","floor":2.0,"turns":5.0},{"damage":0.0,"enemies":"Small Slimes","floor":3.0,"turns":5.0},{"damage":0.0,"enemies":"3 Louse","floor":5.0,"turns":4.0},{"damage":0.0,"enemies":"Large Slime","floor":7.0,"turns":6.0},{"damage":0.0,"enemies":"Blue Slaver","floor":12.0,"turns":4.0},{"damage":0.0,"enemies":"Lagavulin","floor":13.0,"turns":8.0},{"damage":0.0,"enemies":"Exordium Thugs","floor":14.0,"turns":4.0},{"damage":32.0,"enemies":"The Guardian","floor":16.0,"turns":11.0},{"damage":11.0,"enemies":"2 Thieves","floor":18.0,"turns":3.0},{"damage":0.0,"enemies":"3 Byrds","floor":19.0,"turns":4.0},{"damage":0.0,"enemies":"Snecko","floor":21.0,"turns":6.0},{"damage":33.0,"enemies":"Gremlin Leader","floor":24.0,"turns":9.0},{"damage":6.0,"enemies":"Centurion and Healer","floor":28.0,"turns":7.0},{"damage":7.0,"enemies":"Sentry and Sphere","floor":29.0,"turns":5.0},{"damage":0.0,"enemies":"Snake Plant","floor":30.0,"turns":5.0},{"damage":3.0,"enemies":"Book of Stabbing","floor":31.0,"turns":6.0},{"damage":50.0,"enemies":"Automaton","floor":33.0,"turns":11.0},{"damage":8.0,"enemies":"Orb Walker","floor":35.0,"turns":4.0},{"damage":0.0,"enemies":"3 Shapes","floor":37.0,"turns":4.0},{"damage":12.0,"enemies":"Jaw Worm Horde","floor":38.0,"turns":4.0},{"damage":19.0,"enemies":"Reptomancer","floor":41.0,"turns":7.0},{"damage":13.0,"enemies":"Maw","floor":44.0,"turns":8.0},{"damage":25,"enemies":"Nemesis","floor":46,"turns":9},{"damage":13,"enemies":"Writhing Mass","floor":48,"turns":8},{"damage":75,"enemies":"Donu and Deca","floor":50,"turns":8}],"seed_played":"8072056323758824416","potions_obtained":[{"floor":1.0,"key":"Block Potion"},{"floor":3.0,"key":"Regen Potion"},{"floor":13.0,"key":"Fire Potion"},{"floor":16.0,"key":"Energy Potion"},{"floor":21.0,"key":"SteroidPotion"},{"floor":24.0,"key":"LiquidMemories"},{"floor":28.0,"key":"SmokeBomb"},{"floor":29.0,"key":"Regen Potion"},{"floor":30.0,"key":"Swift Potion"},{"floor":31.0,"key":"LiquidBronze"},{"floor":33.0,"key":"Explosive Potion"},{"floor":35.0,"key":"CultistPotion"},{"floor":37.0,"key":"DuplicationPotion"},{"floor":41.0,"key":"FearPotion"},{"floor":46,"key":"Dexterity Potion"}],"is_trial":false,"path_per_floor":["M","M","M","?","M","R","M","R","T","R","$","M","E","M","R","B",null,"M","M","$","M","?","R","E","R","T","R","M","M","M","E","R","B",null,"M","?","M","M","$","R","E","R","T","M","?","E","$","M","R","B"],"character_chosen":"THE_SILENT","items_purchased":["Wraith Form v2"],"campfire_rested":6,"item_purchase_floors":[20],"current_hp_per_floor":[59,57,57,57,57,57,57,57,57,57,57,57,57,57,57,25,51,42,44,44,46,40,59,26,45,45,64,60,55,71,68,68,18,59,51,51,53,41,41,63,46,68,68,57,57,34,34,23,62,0,0],"gold":131,"neow_bonus":"ONE_RARE_RELIC","is_daily":false,"chose_seed":false,"campfire_upgraded":4,"win_rate":0.0,"timestamp":1610598610,"path_taken":["M","M","M","?","M","R","?","R","T","R","$","M","E","M","R","BOSS","M","M","$","M","?","R","E","R","T","R","M","M","M","E","R","BOSS","M","?","M","M","$","R","E","R","T","M","?","E","$","M","R","BOSS"],"items_purchased_type":["Card"],"build_version":"2020-12-22","purchased_purges":4,"victory":false,"max_hp_per_floor":[60,60,60,60,60,60,60,60,60,60,60,60,60,60,60,60,60,62,64,64,66,66,66,66,66,66,66,68,70,72,72,72,72,72,72,72,74,74,74,74,76,76,76,78,78,80,80,82,82,82,82],"card_choices":[{"not_picked":["Acrobatics","Distraction"],"picked":"Choke","floor":1.0},{"not_picked":["Dodge and Roll","Outmaneuver"],"picked":"Underhanded Strike","floor":2.0},{"not_picked":["PiercingWail","Backflip"],"picked":"Blur","floor":3.0},{"not_picked":["Acrobatics","Calculated Gamble"],"picked":"Infinite Blades","floor":5.0},{"not_picked":["Flying Knee","Backflip"],"picked":"Deadly Poison","floor":7.0},{"not_picked":["PiercingWail","Endless Agony"],"picked":"Corpse Explosion","floor":12.0},{"not_picked":["Predator","Quick Slash"],"picked":"Endless Agony","floor":13.0},{"not_picked":["Riddle With Holes","Sucker Punch"],"picked":"Terror","floor":14.0},{"not_picked":["A Thousand Cuts","Die Die Die"],"picked":"Malaise","floor":16.0},{"not_picked":["Concentrate","Slice+1","Expertise"],"picked":"Singing Bowl","floor":18.0},{"not_picked":["Deadly Poison","All Out Attack","Bane"],"picked":"Singing Bowl","floor":19.0},{"not_picked":["Dodge and Roll","Deadly Poison","Dagger Spray"],"picked":"Singing Bowl","floor":21.0},{"not_picked":["Slice","Footwork"],"picked":"Cloak And Dagger","floor":24.0},{"not_picked":["Prepared","Calculated Gamble","PiercingWail"],"picked":"Singing Bowl","floor":28.0},{"not_picked":["Dagger Throw","Unload","Bane+1"],"picked":"Singing Bowl","floor":29.0},{"not_picked":["PiercingWail","Poisoned Stab","Deadly Poison"],"picked":"Singing Bowl","floor":30.0},{"not_picked":["Bane","Reflex"],"picked":"Night Terror","floor":31.0},{"not_picked":["Burst","A Thousand Cuts+1"],"picked":"Tools of the Trade+1","floor":33.0},{"not_picked":["Acrobatics","Backflip"],"picked":"Dodge and Roll","floor":35.0},{"not_picked":["Sucker Punch+1","Outmaneuver","Backflip"],"picked":"Singing Bowl","floor":37.0},{"not_picked":["Sucker Punch+1","Blade Dance"],"picked":"Noxious Fumes+1","floor":38.0},{"not_picked":["Slice+1","Predator+1","Catalyst"],"picked":"Singing Bowl","floor":41.0},{"not_picked":["Underhanded Strike+1","Backflip","Poisoned Stab+1"],"picked":"Singing Bowl","floor":44.0},{"not_picked":["Slice+1","Riddle With Holes+1","All Out Attack+1"],"picked":"Singing Bowl","floor":46},{"not_picked":["Bane+1","Endless Agony+1","Dagger Throw+1"],"picked":"Singing Bowl","floor":48}],"player_experience":5275415,"relics_obtained":[{"floor":9.0,"key":"Kunai"},{"floor":13.0,"key":"Singing Bowl"},{"floor":24.0,"key":"White Beast Statue"},{"floor":26.0,"key":"Happy Flower"},{"floor":31.0,"key":"Frozen Egg 2"},{"floor":41.0,"key":"HornCleat"},{"floor":41.0,"key":"Molten Egg 2"},{"floor":46,"key":"Regal Pillow"},{"floor":46,"key":"Toy Ornithopter"}],"event_choices":[{"damage_healed":0.0,"max_hp_gain":0.0,"max_hp_loss":0.0,"gold_gain":0.0,"event_name":"Match and Keep!","player_choice":"2 cards matched","floor":4.0,"gold_loss":0.0,"damage_taken":0.0,"cards_obtained":["Slice","Neutralize"]},{"damage_healed":0.0,"max_hp_gain":0.0,"max_hp_loss":0.0,"gold_gain":0.0,"event_name":"betterThird:BetterNest","player_choice":"Dagger","floor":22.0,"gold_loss":0.0,"damage_taken":6.0,"cards_obtained":["RitualDagger"]},{"cards_removed":["Survivor"],"damage_healed":0.0,"max_hp_gain":0.0,"max_hp_loss":0.0,"gold_gain":0.0,"event_name":"Falling","player_choice":"Removed Skill","floor":36.0,"gold_loss":0.0,"damage_taken":0.0},{"damage_healed":0.0,"max_hp_gain":0.0,"max_hp_loss":0.0,"gold_gain":0.0,"event_name":"Tomb of Lord Red Mask","player_choice":"Ignored","floor":45.0,"gold_loss":0.0,"damage_taken":0.0}],"is_beta":false,"boss_relics":[{"not_picked":["Astrolabe","Cursed Key"],"picked":"Fusion Hammer"},{"not_picked":["Philosopher\u0027s Stone","Velvet Choker"],"picked":"Black Star"}],"items_purged_floors":[11,20,39,47],"is_endless":false,"potions_floor_spawned":[1,3,13,16,18,21,24,28,29,30,31,33,35,37,38,41,44,46,48],"killed_by":"Donu and Deca","ascension_level":20}}