{"host":"0cm5wy4nhuju7tij","time":1610605208,"event":{"mods":["100% Spire Juice","2.2 Compatiblity","AchievementEnabler","Aspiration","BaseMod","Better Third Choice","BetterRewards","CCEM","CapriCore","Colored Powertips","Curses Come First","Custom Start","Displayed Cursed Tome","Downfall","Energized Spire","Evolution","Filter the Spire","Highlight Path","Jess\u0027s Bottle","Minty Spire (QoL Compilation)","Permanent Neow","QueenMod","Relic Stats","SOS???????","Shop Mod","Spicy Shops","StSLib","The Cursed","The Fake Hero","The Juggle","The Sage","The Vixen","TheFirefly","thorton"],"gold_per_floor":[519,80,17,40,68,107,107,127,195,195,195,172,197,221,221,221,221],"floor_reached":16,"language":"ENG","playtime":951,"items_purged":["luka_mod:Surrender"],"score":100,"play_id":"953eb7a1-415c-4dbc-9339-c64300031553","local_time":"20210114012008","is_ascension_mode":false,"campfire_choices":[{"floor":7,"key":"REST"},{"data":"luka_mod:AlmaElma","floor":11,"key":"SMITH"},{"floor":15,"key":"REST"}],"circlet_count":0,"master_deck":["luka_mod:WindSlash","luka_mod:StrikeLukaTwo","luka_mod:StrikeLukaThree","luka_mod:StrikeLukaFour","luka_mod:StrikeLukaFive","luka_mod:StrikeLukaSix","luka_mod:Salt","luka_mod:Guard","luka_mod:Wait","luka_mod:Edging","luka_mod:FlailWildly","luka_mod:Meditation+1","luka_mod:FlashKill","luka_mod:Sara","luka_mod:Feel","luka_mod:Intense","luka_mod:AlmaElma+1","luka_mod:EndlessGuard","luka_mod:Gnome"],"relics":["luka_mod:KeepsakeRing","EVO:Axolotl","CeramicFish","CCEMRelics:JestersCrown","Tiny Chest","CCEMRelics:GrindingGear","Kunai"],"acts_visited":["Exordium"],"potions_floor_usage":[],"damage_taken":[{"damage":12,"enemies":"2 Louse","floor":1,"turns":3},{"damage":6,"enemies":"Cultist","floor":4,"turns":3},{"damage":6,"enemies":"Small Slimes","floor":5,"turns":3},{"damage":31,"enemies":"Gremlin Nob","floor":6,"turns":5},{"damage":28,"enemies":"3 Louse","floor":8,"turns":4},{"damage":13,"enemies":"Exordium Wildlife","floor":14,"turns":6},{"damage":50,"enemies":"The Guardian","floor":16,"turns":18}],"seed_played":"8395259795499823039","potions_obtained":[{"floor":4,"key":"FairyPotion"},{"floor":5,"key":"ColorlessPotion"},{"floor":14,"key":"champ:CounterPotion"}],"is_trial":false,"path_per_floor":["M","$","?","M","M","E","R","M","T","?","R","?","T","M","R","B"],"character_chosen":"LUKA_CLASS","items_purchased":["luka_mod:Sara","CeramicFish","CCEMRelics:JestersCrown"],"campfire_rested":2,"item_purchase_floors":[2,2,2],"current_hp_per_floor":[40,40,40,34,28,9,21,25,25,29,29,29,29,16,28,0,0],"gold":221,"neow_bonus":"UPGRADE_CARD","is_daily":false,"chose_seed":false,"campfire_upgraded":1,"win_rate":0.0,"timestamp":1610605208,"path_taken":["M","$","?","?","M","E","R","M","T","?","R","?","?","?","R","BOSS"],"items_purchased_type":["Card","Relic","Relic"],"build_version":"2020-12-22","purchased_purges":1,"victory":false,"max_hp_per_floor":[40,40,40,40,40,40,40,40,40,40,40,40,40,40,40,40,40],"relic_stats":{"counters":[7,42],"CeramicFish":45,"Tiny Chest":1,"Kunai":[6],"obtain_stats":[{"luka_mod:KeepsakeRing":0,"CeramicFish":2,"Tiny Chest":3,"CCEMRelics:GrindingGear":6,"EVO:Axolotl":0,"Kunai":9,"CCEMRelics:JestersCrown":2},{"luka_mod:KeepsakeRing":0,"CeramicFish":1,"Tiny Chest":1,"CCEMRelics:GrindingGear":4,"EVO:Axolotl":0,"Kunai":5,"CCEMRelics:JestersCrown":1},{"luka_mod:KeepsakeRing":0,"CeramicFish":3,"Tiny Chest":3,"CCEMRelics:GrindingGear":14,"EVO:Axolotl":0,"Kunai":18,"CCEMRelics:JestersCrown":3}]},"card_choices":[{"not_picked":["luka_mod:Request","luka_mod:SereneDemonSword"],"picked":"luka_mod:FlashKill","floor":1},{"not_picked":["luka_mod:GuardedStrike","luka_mod:DemonSkullBeheading"],"picked":"luka_mod:Feel","floor":4},{"not_picked":["luka_mod:FireSlash","luka_mod:IliasesJudgement"],"picked":"luka_mod:Intense","floor":5},{"not_picked":["luka_mod:StrikeLuka","luka_mod:RestrictedStrike"],"picked":"luka_mod:AlmaElma","floor":6},{"not_picked":["luka_mod:Struggle","luka_mod:SmallBody"],"picked":"luka_mod:EndlessGuard","floor":8},{"not_picked":["luka_mod:Intense","luka_mod:WaterSlash"],"picked":"luka_mod:Gnome","floor":14}],"player_experience":207968,"relics_obtained":[{"floor":6,"key":"CCEMRelics:GrindingGear"},{"floor":9,"key":"Kunai"}],"event_choices":[{"damage_healed":0,"gold_gain":0,"player_choice":"Paid Gold","damage_taken":0,"relics_obtained":["Tiny Chest"],"max_hp_gain":0,"max_hp_loss":0,"event_name":"WeMeetAgain","floor":3,"gold_loss":63},{"damage_healed":0,"gold_gain":0,"player_choice":"Left","damage_taken":0,"max_hp_gain":0,"max_hp_loss":0,"event_name":"betterThird:BetterGoop","floor":12,"gold_loss":23}],"is_beta":false,"boss_relics":[],"items_purged_floors":[2],"is_endless":false,"potions_floor_spawned":[4,5,14],"killed_by":"The Guardian","ascension_level":0}}