{"host":"7sni158j623xchr2","time":1610652633,"event":{"mods":["BaseMod","Colored Map","Highlight Path","Minty Spire (QoL Compilation)","Permanent Neow","Potion Indicator Mod","Rare Cards Sparkle","Relic Sorter","Relic Stats","StSLib","everything is the same but u backflip on backflip"],"gold_per_floor":[147,147,194,210,485,485,510,530,554,572,104,169,169,211,211,308,308,328,8,8,8,8,73,73,135,210,235,235,334,347,376,376,507,507,520,1519,1519,838,838,838,894,894,921,978,572,586,628,378,378,378,378,378,7,41,41],"floor_reached":56,"language":"ENG","playtime":1743,"items_purged":["Regret","Strike_P+1","Normality","Normality","Defend_P+1","Defend_P+1"],"score":1678,"play_id":"456f18cd-d03b-4585-805d-5ba431ddd164","local_time":"20210114133033","is_ascension_mode":true,"campfire_choices":[{"data":"SashWhip","floor":6,"key":"SMITH"},{"data":"Wallop","floor":13,"key":"SMITH"},{"data":"Sanctity","floor":15,"key":"SMITH"},{"data":"TalkToTheHand","floor":24,"key":"SMITH"},{"floor":32,"key":"RECALL"},{"data":"Vault","floor":40,"key":"SMITH"},{"floor":42,"key":"REST"},{"data":"Flash of Steel","floor":49,"key":"SMITH"},{"floor":52,"key":"REST"}],"circlet_count":0,"master_deck":["Eruption+1","Vigilance+1","Protect+1","Wish+1","LessonLearned+1","FollowUp+1","SashWhip+1","Consecrate+1","ThirdEye+1","Wallop+1","Sanctity+1","DeusExMachina+1","Fasting2+1","Tantrum+1","TalkToTheHand+1","EmptyFist+1","ThirdEye+1","Vault+1","WaveOfTheHand+1","CrushJoints+1","MentalFortress+1","Flash of Steel+1","EmptyMind"],"relics":["Astrolabe","War Paint","Akabeko","Yang","Orrery","Boot","Black Star","Bag of Marbles","Matryoshka","Happy Flower","MealTicket","Potion Belt","TeardropLocket","Whetstone","Frozen Egg 2","Smiling Mask","WingedGreaves","PreservedInsect","Bottled Flame","SlaversCollar","Thread and Needle","Anchor","StoneCalendar","Toy Ornithopter","Strawberry","Ancient Tea Set","Regal Pillow","Membership Card","Shuriken","Oddly Smooth Stone","Bronze Scales","Lizard Tail","Pen Nib","Medical Kit","Du-Vu Doll","StrikeDummy"],"acts_visited":["Exordium","TheCity","TheBeyond","TheEnding"],"potions_floor_usage":[7,10,14,16,23,41,50,50,55,55,55,55],"damage_taken":[{"damage":6,"enemies":"Cultist","floor":1,"turns":5},{"damage":1,"enemies":"2 Louse","floor":3,"turns":5},{"damage":0,"enemies":"Small Slimes","floor":4,"turns":2},{"damage":10,"enemies":"Gremlin Nob","floor":7,"turns":3},{"damage":18,"enemies":"3 Louse","floor":8,"turns":3},{"damage":0,"enemies":"2 Fungi Beasts","floor":10,"turns":3},{"damage":8,"enemies":"Lagavulin","floor":12,"turns":4},{"damage":6,"enemies":"Exordium Thugs","floor":14,"turns":4},{"damage":0,"enemies":"Slime Boss","floor":16,"turns":4},{"damage":1,"enemies":"3 Byrds","floor":18,"turns":4},{"damage":4,"enemies":"Book of Stabbing","floor":23,"turns":5},{"damage":0,"enemies":"Gremlin Leader","floor":25,"turns":4},{"damage":0,"enemies":"Book of Stabbing","floor":27,"turns":3},{"damage":0,"enemies":"Spheric Guardian","floor":30,"turns":2},{"damage":0,"enemies":"Gremlin Leader","floor":31,"turns":3},{"damage":20,"enemies":"Collector","floor":33,"turns":7},{"damage":0,"enemies":"3 Darklings","floor":35,"turns":4},{"damage":0,"enemies":"Reptomancer","floor":41,"turns":6},{"damage":0,"enemies":"Nemesis","floor":44,"turns":4},{"damage":0,"enemies":"3 Shapes","floor":46,"turns":3},{"damage":0,"enemies":"Maw","floor":47,"turns":7},{"damage":2,"enemies":"Awakened One","floor":50,"turns":6},{"damage":0,"enemies":"Shield and Spear","floor":54,"turns":3},{"damage":65,"enemies":"The Heart","floor":55,"turns":8}],"seed_played":"-883646682782718777","potions_obtained":[{"floor":1,"key":"Regen Potion"},{"floor":3,"key":"Block Potion"},{"floor":10,"key":"GamblersBrew"},{"floor":12,"key":"SkillPotion"},{"floor":18,"key":"Block Potion"},{"floor":25,"key":"Dexterity Potion"},{"floor":35,"key":"Swift Potion"},{"floor":41,"key":"PowerPotion"},{"floor":47,"key":"StancePotion"}],"is_trial":false,"path_per_floor":["M","?","M","M","?","R","E","M","T","M","$","E","R","M","R","B",null,"M","$","T","$","?","E","R","E","T","E","?","?","M","E","R","B",null,"M","?","?","$","?","R","E","R","T","E","$","M","M","$","R","B",null,"R","$","E","B",null],"character_chosen":"WATCHER","items_purchased":["Yang","Orrery","Tantrum","Bag of Marbles","Thread and Needle","Anchor","DistilledChaos","AttackPotion","Weak Potion","Membership Card","Shuriken","Ambrosia","MentalFortress+1","Oddly Smooth Stone","Bronze Scales","Flash of Steel","Lizard Tail","Pen Nib","Medical Kit","Fire Potion"],"campfire_rested":2,"item_purchase_floors":[11,11,19,19,38,38,38,38,38,45,45,45,45,48,48,48,53,53,53,53],"current_hp_per_floor":[66,66,65,65,65,65,55,37,37,46,46,38,38,32,32,32,72,71,71,71,71,71,67,67,67,67,67,67,67,67,67,67,47,72,72,72,62,72,72,72,72,72,79,79,79,79,79,79,79,79,79,79,79,79,24],"gold":41,"neow_bonus":"BOSS_RELIC","is_daily":false,"chose_seed":false,"campfire_upgraded":6,"win_rate":0.0,"timestamp":1610652633,"path_taken":["M","?","M","?","?","R","E","M","T","M","$","E","R","M","R","BOSS","M","$","?","$","?","E","R","E","T","E","?","?","M","E","R","BOSS","M","?","?","?","?","R","E","R","T","E","$","M","?","$","R","BOSS","R","$","E","BOSS"],"items_purchased_type":["Relic","Relic","Card","Relic","Relic","Relic","Potion","Potion","Potion","Relic","Relic","Potion","Card","Relic","Relic","Card","Relic","Relic","Relic","Potion"],"build_version":"2020-12-22","purchased_purges":6,"victory":true,"max_hp_per_floor":[72,72,72,72,72,72,72,72,72,72,72,72,72,72,72,72,72,72,72,72,72,72,72,72,72,72,72,72,72,72,72,72,72,72,72,72,72,72,72,72,72,72,79,79,79,79,79,79,79,79,79,79,79,79,79],"relic_stats":{"Regal Pillow":0,"Happy Flower":[20],"counters":[24,102],"Astrolabe":["Protect","Wish","LessonLearned"],"Yang":[182],"StoneCalendar":[76],"PreservedInsect":173,"Pen Nib":[2],"Whetstone":[],"War Paint":["Vigilance"],"Boot":[61],"Smiling Mask":263,"Medical Kit":[1],"Lizard Tail":0,"Shuriken":[15],"Bronze Scales":[99],"MealTicket":10,"Black Star":7,"obtain_stats":[{"Regal Pillow":44,"Yang":11,"StoneCalendar":41,"TeardropLocket":25,"Whetstone":26,"Boot":12,"Smiling Mask":27,"Ancient Tea Set":44,"Lizard Tail":53,"Matryoshka":20,"Strawberry":43,"MealTicket":23,"WingedGreaves":27,"Potion Belt":25,"Happy Flower":23,"Astrolabe":0,"Oddly Smooth Stone":48,"Thread and Needle":38,"PreservedInsect":31,"Pen Nib":53,"War Paint":7,"Frozen Egg 2":26,"Medical Kit":53,"Akabeko":9,"Du-Vu Doll":54,"SlaversCollar":34,"Bottled Flame":31,"Anchor":38,"Shuriken":45,"Bronze Scales":48,"Orrery":11,"Black Star":17,"Bag of Marbles":19,"Membership Card":45,"PureWater":0,"StrikeDummy":54,"Toy Ornithopter":41},{"Regal Pillow":19,"Yang":6,"StoneCalendar":18,"TeardropLocket":12,"Whetstone":12,"Boot":7,"Smiling Mask":13,"Ancient Tea Set":19,"Lizard Tail":22,"Matryoshka":10,"Strawberry":18,"MealTicket":11,"WingedGreaves":13,"Potion Belt":12,"Happy Flower":11,"Astrolabe":0,"Oddly Smooth Stone":21,"Thread and Needle":17,"PreservedInsect":15,"Pen Nib":22,"War Paint":4,"Frozen Egg 2":12,"Medical Kit":22,"Akabeko":5,"Du-Vu Doll":23,"SlaversCollar":16,"Bottled Flame":15,"Anchor":17,"Shuriken":19,"Bronze Scales":21,"Orrery":6,"Black Star":9,"Bag of Marbles":10,"Membership Card":19,"PureWater":0,"StrikeDummy":23,"Toy Ornithopter":18},{"Regal Pillow":75,"Yang":21,"StoneCalendar":71,"TeardropLocket":46,"Whetstone":46,"Boot":25,"Smiling Mask":49,"Ancient Tea Set":75,"Lizard Tail":91,"Matryoshka":37,"Strawberry":71,"MealTicket":42,"WingedGreaves":49,"Potion Belt":46,"Happy Flower":42,"Astrolabe":0,"Oddly Smooth Stone":85,"Thread and Needle":65,"PreservedInsect":54,"Pen Nib":91,"War Paint":15,"Frozen Egg 2":46,"Medical Kit":91,"Akabeko":18,"Du-Vu Doll":94,"SlaversCollar":61,"Bottled Flame":54,"Anchor":65,"Shuriken":75,"Bronze Scales":85,"Orrery":21,"Black Star":33,"Bag of Marbles":37,"Membership Card":75,"PureWater":0,"StrikeDummy":94,"Toy Ornithopter":71}],"Toy Ornithopter":12},"card_choices":[{"not_picked":["PathToVictory","Protect"],"picked":"FollowUp","floor":1},{"not_picked":["Weave","JustLucky"],"picked":"SashWhip","floor":3},{"not_picked":["FollowUp","FlyingSleeves","Evaluate"],"picked":"SKIP","floor":4},{"not_picked":["SignatureMove","Protect"],"picked":"Consecrate","floor":7},{"not_picked":["SignatureMove","SashWhip","Blasphemy"],"picked":"SKIP","floor":8},{"not_picked":["WaveOfTheHand","Collect"],"picked":"ThirdEye","floor":10},{"not_picked":["CutThroughFate","JustLucky"],"picked":"Wallop","floor":11},{"not_picked":["ForeignInfluence","Swivel","EmptyBody"],"picked":"SKIP","floor":12},{"not_picked":["Consecrate","Vengeance"],"picked":"Sanctity","floor":14},{"not_picked":["LessonLearned","Brilliance"],"picked":"DeusExMachina","floor":16},{"not_picked":["EmptyBody","WindmillStrike"],"picked":"Fasting2+1","floor":18},{"not_picked":["EmptyBody+1","Evaluate","Conclude"],"picked":"SKIP","floor":23},{"not_picked":["Evaluate","FollowUp"],"picked":"EmptyFist+1","floor":25},{"not_picked":["ClearTheMind","Omniscience"],"picked":"ThirdEye+1","floor":27},{"not_picked":["Collect","CutThroughFate","Study+1"],"picked":"SKIP","floor":30},{"not_picked":["FollowUp","SandsOfTime","JustLucky+1"],"picked":"SKIP","floor":31},{"not_picked":["Establishment+1","DeusExMachina"],"picked":"Vault","floor":33},{"not_picked":["Evaluate+1","JustLucky+1","ClearTheMind"],"picked":"SKIP","floor":35},{"not_picked":["WreathOfFlame","BowlingBash+1"],"picked":"WaveOfTheHand+1","floor":41},{"not_picked":["SignatureMove","Protect+1"],"picked":"CrushJoints+1","floor":44},{"not_picked":["FollowUp","Wallop+1","FlyingSleeves"],"picked":"SKIP","floor":46},{"not_picked":["BattleHymn+1","Conclude+1","Protect"],"picked":"SKIP","floor":47},{"not_picked":["MentalFortress+1","Prostrate+1"],"picked":"EmptyMind","floor":54}],"player_experience":1618465,"relics_obtained":[{"floor":7,"key":"War Paint"},{"floor":9,"key":"Akabeko"},{"floor":12,"key":"Boot"},{"floor":20,"key":"Matryoshka"},{"floor":23,"key":"Happy Flower"},{"floor":23,"key":"MealTicket"},{"floor":25,"key":"Potion Belt"},{"floor":25,"key":"TeardropLocket"},{"floor":26,"key":"Whetstone"},{"floor":26,"key":"Frozen Egg 2"},{"floor":27,"key":"Smiling Mask"},{"floor":27,"key":"WingedGreaves"},{"floor":31,"key":"PreservedInsect"},{"floor":31,"key":"Bottled Flame"},{"floor":41,"key":"StoneCalendar"},{"floor":41,"key":"Toy Ornithopter"},{"floor":43,"key":"Strawberry"},{"floor":44,"key":"Ancient Tea Set"},{"floor":44,"key":"Regal Pillow"},{"floor":54,"key":"Du-Vu Doll"},{"floor":54,"key":"StrikeDummy"}],"event_choices":[{"cards_removed":["Strike_P"],"damage_healed":0,"gold_gain":0,"player_choice":"Offered Basic","damage_taken":0,"max_hp_gain":0,"max_hp_loss":0,"event_name":"Bonfire Elementals","floor":2,"gold_loss":0},{"damage_healed":0,"gold_gain":275,"player_choice":"Desecrate","damage_taken":0,"max_hp_gain":0,"max_hp_loss":0,"event_name":"Golden Shrine","floor":5,"gold_loss":0,"cards_obtained":["Regret"]},{"damage_healed":0,"gold_gain":0,"player_choice":"Read","damage_taken":0,"max_hp_gain":0,"max_hp_loss":0,"event_name":"The Library","floor":22,"gold_loss":0,"cards_obtained":["TalkToTheHand"]},{"cards_removed":["Strike_P"],"damage_healed":0,"gold_gain":0,"player_choice":"Elegance","damage_taken":0,"max_hp_gain":0,"max_hp_loss":0,"event_name":"Back to Basics","floor":28,"gold_loss":0},{"damage_healed":0,"gold_gain":99,"player_choice":"Stole From Cult","damage_taken":0,"max_hp_gain":0,"max_hp_loss":0,"event_name":"Nest","floor":29,"gold_loss":0},{"damage_healed":0,"gold_gain":999,"player_choice":"Gold","damage_taken":0,"max_hp_gain":0,"max_hp_loss":0,"event_name":"MindBloom","floor":36,"gold_loss":0,"cards_obtained":["Normality","Normality"]},{"damage_healed":0,"gold_gain":0,"player_choice":"Memory 3","damage_taken":10,"max_hp_gain":0,"max_hp_loss":0,"event_name":"SensoryStone","floor":37,"gold_loss":0},{"damage_healed":0,"gold_gain":0,"player_choice":"Ignored","damage_taken":0,"max_hp_gain":0,"max_hp_loss":0,"event_name":"SecretPortal","floor":39,"gold_loss":0}],"is_beta":false,"boss_relics":[{"not_picked":["Ectoplasm","Busted Crown"],"picked":"Black Star"},{"not_picked":["Pandora\u0027s Box","Sozu"],"picked":"SlaversCollar"}],"items_purged_floors":[11,19,38,45,48,53],"is_endless":false,"potions_floor_spawned":[1,3,10,12,18,25,35,41,47],"ascension_level":2}}