{"host":"wrlgpq1wkw8k1x5v","time":1610633191,"event":{"mods":["Act Like it!","BaseMod","Colored Powertips","Gensokyo","Koishi","Minty Spire (QoL Compilation)","StSLib"],"gold_per_floor":[111,37,37,55,55,55,80,80,80,10,30,30,30,47,47,151,151,171,47,65,65,83,96,115,115,115,131,64,30,30,30],"floor_reached":30,"language":"ZHS","playtime":2084,"items_purged":[],"score":252,"play_id":"0bed149b-4962-4989-b41a-c859b4c3873b","local_time":"20210114220631","is_ascension_mode":true,"campfire_choices":[{"data":"Koishi:EmbersOfLove","floor":6,"key":"SMITH"},{"data":"1","floor":13,"key":"LIFT"},{"data":"2","floor":15,"key":"LIFT"}],"circlet_count":0,"master_deck":["Koishi:BasicStrike","Koishi:BasicStrike","Koishi:BasicStrike","Koishi:BasicStrike","Koishi:BasicDefend","Koishi:BasicDefend","Koishi:Provoke","Koishi:EmbersOfLove+1","Koishi:SpiritedAway","Koishi:DNAsFlaw","Koishi:UnseenTerror","Koishi:MentalBreakdown","Koishi:FormlessExistence","Koishi:PhantomBarrier","Koishi:GhostParty+1","Gensokyo:SevenSchoolMysteries","Koishi:PhantomStrike","Koishi:StrangeCloudFist","Koishi:Possession+1","Writhe","Koishi:VengefulSpirit","Koishi:ApparitionsStalkTheNight"],"relics":["Koishi:ImaginaryFriend","NeowsBlessing","Gensokyo:Mercy","Happy Flower","Girya","HornCleat","Toy Ornithopter","Ginger","Philosopher\u0027s Stone","Bag of Preparation","TungstenRod","Anchor"],"acts_visited":["Gensokyo:Gensokyo","Gensokyo:Gensokyoer"],"potions_floor_usage":[7,14,16,20,27],"damage_taken":[{"damage":0,"enemies":"Gensokyo:Gryphon","floor":1,"turns":1},{"damage":0,"enemies":"Gensokyo:3_Fairies","floor":4,"turns":1},{"damage":1,"enemies":"Gensokyo:Mamizou","floor":7,"turns":3},{"damage":0,"enemies":"Gensokyo:Python","floor":11,"turns":4},{"damage":1,"enemies":"Gensokyo:VengefulSpirit","floor":14,"turns":4},{"damage":9,"enemies":"Gensokyo:Reimu","floor":16,"turns":9},{"damage":2,"enemies":"Gensokyo:2_Gloops","floor":18,"turns":5},{"damage":2,"enemies":"Gensokyo:3_Dogs","floor":20,"turns":8},{"damage":0,"enemies":"Gensokyo:3_Gloops","floor":22,"turns":9},{"damage":45,"enemies":"Gensokyo:Wraith","floor":23,"turns":6},{"damage":1,"enemies":"Gensokyo:Swordslinger","floor":24,"turns":6},{"damage":15,"enemies":"Gensokyo:Slime_Group","floor":27,"turns":4},{"damage":5,"enemies":"Gensokyo:Wraith","floor":30,"turns":1}],"seed_played":"-3596634772948474596","potions_obtained":[{"floor":4,"key":"FearPotion"},{"floor":7,"key":"Fruit Juice"},{"floor":11,"key":"LiquidMemories"},{"floor":18,"key":"SneckoOil"},{"floor":23,"key":"Weak Potion"}],"is_trial":false,"path_per_floor":["M","COS","?","M","?","R","E","?","T","?","M","?","R","M","R","B",null,"M","COS","M","?","M","M","M","?","T","M","$","$","M"],"character_chosen":"KOISHI","items_purchased":["Koishi:VengefulSpirit","Koishi:ApparitionsStalkTheNight"],"campfire_rested":0,"item_purchase_floors":[28,29],"current_hp_per_floor":[60,60,60,60,48,48,52,52,52,52,52,52,52,60,60,64,65,63,63,63,59,59,14,13,13,13,3,3,3,0,0],"gold":30,"neow_bonus":"THREE_ENEMY_KILL","is_daily":false,"chose_seed":false,"campfire_upgraded":1,"win_rate":0.0,"timestamp":1610633191,"path_taken":["M","COS","?","?","?","R","E","?","T","?","M","?","R","M","R","BOSS","M","COS","?","?","?","M","M","?","T","M","?","$","?"],"items_purchased_type":["Card","Card"],"build_version":"2020-12-22","purchased_purges":0,"victory":false,"max_hp_per_floor":[60,60,60,60,60,60,65,65,65,65,65,65,65,65,65,65,65,65,65,65,59,59,59,59,59,59,59,59,59,59,59],"card_choices":[{"not_picked":["Koishi:Jaunt","Koishi:SubconsciousSweep"],"picked":"Koishi:EmbersOfLove","floor":1},{"not_picked":["Koishi:HeartfeltFancy","Koishi:ReflexRadar"],"picked":"Koishi:SpiritedAway","floor":4},{"not_picked":["Koishi:Jaunt","Koishi:PhantomBarrier"],"picked":"Koishi:DNAsFlaw","floor":7},{"not_picked":["Koishi:FourthEye","Koishi:PhantomBarrier"],"picked":"Koishi:UnseenTerror","floor":11},{"not_picked":["Koishi:TremblingHands","Koishi:DNAsFlaw"],"picked":"Koishi:MentalBreakdown","floor":14},{"not_picked":["Koishi:HeartStoppingHorror","Koishi:RoseHell"],"picked":"Koishi:FormlessExistence","floor":16},{"not_picked":["Koishi:SubconsciousSweep","Koishi:Jaunt"],"picked":"Koishi:PhantomBarrier","floor":18},{"not_picked":["Koishi:UnconsciousUprising","Koishi:StingingMind+1"],"picked":"Koishi:GhostParty+1","floor":20},{"not_picked":["Gensokyo:TurboGranny","Gensokyo:Apocalypse"],"picked":"Gensokyo:SevenSchoolMysteries","floor":21},{"not_picked":["Koishi:DNAsFlaw","Koishi:RacingHeart"],"picked":"Koishi:PhantomStrike","floor":22},{"not_picked":["Koishi:RacingHeart","Koishi:StingingMind"],"picked":"Koishi:StrangeCloudFist","floor":23},{"not_picked":["Koishi:UnansweredLove","Koishi:Bloodlust+1"],"picked":"Koishi:Possession+1","floor":24},{"not_picked":["Koishi:DanmakuParanoia","Koishi:FourthEye","Koishi:BloodcurdlingScream"],"picked":"SKIP","floor":27}],"player_experience":41099,"relics_obtained":[{"floor":7,"key":"Girya"},{"floor":9,"key":"HornCleat"},{"floor":26,"key":"Anchor"}],"event_choices":[],"is_beta":false,"boss_relics":[{"not_picked":["Sozu","SacredBark"],"picked":"Philosopher\u0027s Stone"}],"items_purged_floors":[],"is_endless":false,"potions_floor_spawned":[4,7,11,18,23],"killed_by":"Gensokyo:Wraith","ascension_level":2}}