{"host":"ovxa65d68iy9l57e","time":1610648285,"event":{"mods":["AchievementEnabler","BaseMod","Better Altar","Better Skull","Better Vampires","Colored Map","Curses Come First","Minty Spire (QoL Compilation)","Relic Stats","StSLib"],"gold_per_floor":[116,126,140,43,118,144,144,144,144],"floor_reached":8,"language":"SPA","playtime":544,"items_purged":[],"score":64,"play_id":"a1e5d545-c432-4b09-8ca8-90f777bf1f6e","local_time":"20210114191805","is_ascension_mode":true,"campfire_choices":[{"data":"Skewer","floor":7,"key":"SMITH"}],"circlet_count":0,"master_deck":["Strike_G","Strike_G","Strike_G","Strike_G","Strike_G","Defend_G","Defend_G","Defend_G","Defend_G","Defend_G","Survivor","Neutralize","Skewer+1","Cloak And Dagger","Deflect","Infinite Blades","Die Die Die"],"relics":["Ring of the Snake","Tiny Chest","Omamori"],"acts_visited":["Exordium"],"potions_floor_usage":[6],"damage_taken":[{"damage":7,"enemies":"Jaw Worm","floor":1,"turns":6},{"damage":0,"enemies":"2 Louse","floor":2,"turns":2},{"damage":0,"enemies":"Small Slimes","floor":3,"turns":4},{"damage":26,"enemies":"Lagavulin","floor":6,"turns":9},{"damage":37,"enemies":"Gremlin Nob","floor":8,"turns":4}],"seed_played":"-8412674168339117383","potions_obtained":[{"floor":1,"key":"SkillPotion"}],"is_trial":false,"path_per_floor":["M","M","M","$","?","E","R","E"],"character_chosen":"THE_SILENT","items_purchased":["Deflect","Infinite Blades"],"campfire_rested":0,"item_purchase_floors":[4,4],"current_hp_per_floor":[63,63,63,63,52,26,26,0,0],"gold":144,"neow_bonus":"RANDOM_COMMON_RELIC","is_daily":false,"chose_seed":false,"campfire_upgraded":1,"win_rate":0.0,"timestamp":1610648285,"path_taken":["M","M","M","$","?","E","R","E"],"items_purchased_type":["Card","Card"],"build_version":"2020-12-22","purchased_purges":0,"victory":false,"max_hp_per_floor":[70,70,70,70,70,70,70,70,70],"relic_stats":{"counters":[5,25],"Tiny Chest":0,"obtain_stats":[{"Tiny Chest":0,"Omamori":6,"Ring of the Snake":0},{"Tiny Chest":0,"Omamori":4,"Ring of the Snake":0},{"Tiny Chest":0,"Omamori":21,"Ring of the Snake":0}],"Ring of the Snake":[10]},"card_choices":[{"not_picked":["Calculated Gamble","PiercingWail"],"picked":"Skewer","floor":1},{"not_picked":["Bane","Underhanded Strike"],"picked":"Cloak And Dagger","floor":2},{"not_picked":["Deadly Poison","Setup","Flying Knee"],"picked":"SKIP","floor":3},{"not_picked":["Flechettes","Escape Plan"],"picked":"Die Die Die","floor":6}],"player_experience":270933,"relics_obtained":[{"floor":6,"key":"Omamori"}],"event_choices":[{"damage_healed":0,"gold_gain":75,"player_choice":"Gather Gold","damage_taken":11,"max_hp_gain":0,"max_hp_loss":0,"event_name":"World of Goop","floor":5,"gold_loss":0}],"is_beta":false,"boss_relics":[],"items_purged_floors":[],"is_endless":false,"potions_floor_spawned":[1],"killed_by":"Gremlin Nob","ascension_level":3}}