{"host":"hc0b6jw6qdhg5ry9","time":1610605176,"event":{"mods":["BaseMod","Colored Map","Friendly Minions","Hermit","Marisa£¨Ùöéë¡¡Øª×âÞÞ£©","Minty Spire (QoL Compilation)","StSLib","SuperFastMode","The Bug Knight"],"gold_per_floor":[113,130,140,140,140,140,140,140,140,180,195,209,230,251,251,251,251],"floor_reached":16,"language":"KOR","playtime":625,"items_purged":[],"score":104,"play_id":"dc75386b-8781-4dd1-9225-7f5bc7d74bce","local_time":"20210114151936","is_ascension_mode":false,"campfire_choices":[{"data":"HollowMod:ChannelNail","floor":6,"key":"SMITH"},{"data":"HollowMod:FocusHealStart","floor":8,"key":"SMITH"},{"data":"HollowMod:RecoilStrike","floor":15,"key":"SMITH"}],"circlet_count":0,"master_deck":["HollowMod:NailStrikeStart","HollowMod:NailStrikeStart","HollowMod:NailStrikeStart","HollowMod:NailStrikeStart","HollowMod:QuickDashStart","HollowMod:QuickDashStart","HollowMod:QuickDashStart","HollowMod:QuickDashStart","HollowMod:FocusHealStart+1","HollowMod:PogoStrike","HollowMod:CloakDash","HollowMod:VengefulSpirit","HollowMod:ChannelNail+1","HollowMod:MonarchWings","HollowMod:DoubleDash","HollowMod:RecoilStrike","HollowMod:ZotesMagnificence","HollowMod:RecoilStrike+1"],"relics":["HollowMod:VesselMask","NeowsBlessing","HornCleat","Golden Idol","Letter Opener","PreservedInsect"],"acts_visited":["Exordium"],"potions_floor_usage":[],"damage_taken":[{"damage":0,"enemies":"Jaw Worm","floor":1,"turns":1},{"damage":0,"enemies":"2 Louse","floor":2,"turns":1},{"damage":0,"enemies":"Cultist","floor":3,"turns":1},{"damage":23,"enemies":"Lagavulin","floor":10,"turns":6},{"damage":7,"enemies":"Blue Slaver","floor":11,"turns":4},{"damage":0,"enemies":"Large Slime","floor":12,"turns":6},{"damage":4,"enemies":"3 Louse","floor":13,"turns":3},{"damage":0,"enemies":"Looter","floor":14,"turns":2},{"damage":46,"enemies":"The Guardian","floor":16,"turns":8}],"seed_played":"7652739449671419135","potions_obtained":[{"floor":2,"key":"SpeedPotion"},{"floor":3,"key":"Dexterity Potion"},{"floor":12,"key":"DistilledChaos"}],"is_trial":false,"path_per_floor":["M","M","M","?","?","R","?","R","T","E","M","M","M","M","R","B"],"character_chosen":"THE_BUGKNIGHT","items_purchased":[],"campfire_rested":0,"item_purchase_floors":[],"current_hp_per_floor":[75,75,75,75,75,75,57,57,57,40,43,53,49,49,49,9,9],"gold":251,"neow_bonus":"THREE_ENEMY_KILL","is_daily":false,"chose_seed":false,"campfire_upgraded":3,"win_rate":0.0,"timestamp":1610605176,"path_taken":["M","M","M","?","?","R","?","R","T","E","M","M","M","M","R","BOSS"],"items_purchased_type":[],"build_version":"2020-12-22","purchased_purges":0,"victory":false,"max_hp_per_floor":[75,75,75,75,75,75,75,75,75,75,75,75,75,75,75,75,75],"card_choices":[{"not_picked":["HollowMod:VengefulVoid","HollowMod:PerfectDash"],"picked":"HollowMod:CloakDash","floor":1},{"not_picked":["HollowMod:LifebloodCocoon","HollowMod:DescendingDark"],"picked":"HollowMod:VengefulSpirit","floor":2},{"not_picked":["HollowMod:CornifersMapStart","HollowMod:TaintedHusks"],"picked":"HollowMod:ChannelNail","floor":3},{"not_picked":["HollowMod:InfectedAttack","HollowMod:MothsMistake"],"picked":"HollowMod:MonarchWings","floor":10},{"not_picked":["HollowMod:InfectedCysts","HollowMod:WraithStrike"],"picked":"HollowMod:DoubleDash","floor":11},{"not_picked":["HollowMod:NewLittleFool","HollowMod:HeavyBlow"],"picked":"HollowMod:RecoilStrike","floor":12},{"not_picked":["HollowMod:InfectedAttack","HollowMod:ShadowDash"],"picked":"HollowMod:ZotesMagnificence","floor":13},{"not_picked":["HollowMod:TaintedHusks","HollowMod:DoubleDash"],"picked":"HollowMod:RecoilStrike","floor":14}],"player_experience":175950,"relics_obtained":[{"floor":9,"key":"Letter Opener"},{"floor":10,"key":"PreservedInsect"}],"event_choices":[{"damage_healed":0,"gold_gain":0,"player_choice":"Box","damage_taken":0,"relics_obtained":["HornCleat"],"max_hp_gain":0,"max_hp_loss":0,"event_name":"Big Fish","floor":4,"gold_loss":0,"cards_obtained":["Regret"]},{"damage_healed":0,"gold_gain":0,"player_choice":"Take Damage","damage_taken":18,"relics_obtained":["Golden Idol"],"max_hp_gain":0,"max_hp_loss":0,"event_name":"Golden Idol","floor":7,"gold_loss":0}],"is_beta":false,"boss_relics":[],"items_purged_floors":[],"is_endless":false,"potions_floor_spawned":[2,3,12],"killed_by":"The Guardian","ascension_level":0}}