{"host":"qik6c64y69p9jmph","time":1610662474,"event":{"mods":["AchievementEnabler","BaseMod","BetterRewards","Highlight Path","Minty Spire (QoL Compilation)","Quick Restart","Replay The Spire","StSLib","Synergy Search"],"gold_per_floor":[212,212,230,230,248,275,275,306,306,306,231,231,3,16,16,116,116,133,133,133,153,171,197,197,41,68,94,114,114,140,162,162,268,268,288,288,288,101,119,119,190,190,190,209,218,236,246,255,255,255,255,255,49,77,77],"floor_reached":56,"language":"ENG","playtime":3265,"items_purged":["Dropkick+1"],"score":1523,"play_id":"be59eb7b-5102-4bb7-bc3e-3b217d997f14","local_time":"20210114171434","is_ascension_mode":true,"campfire_choices":[{"floor":10,"key":"REST"},{"data":"Barricade","floor":12,"key":"SMITH"},{"data":"Entrench","floor":24,"key":"SMITH"},{"floor":29,"key":"REST"},{"floor":32,"key":"REST"},{"data":"True Grit","floor":40,"key":"SMITH"},{"data":"Dark Embrace","floor":42,"key":"SMITH"},{"floor":49,"key":"RECALL"},{"data":"Impervious","floor":52,"key":"SMITH"}],"circlet_count":0,"master_deck":["Strike_R","Strike_R","Strike_R","Strike_R","Strike_R","Defend_R","Defend_R","Defend_R","Defend_R","Armaments+1","Feed+1","True Grit+1","Feel No Pain","Barricade+1","Entrench+1","Pommel Strike+1","Defy Death","Dark Embrace+1","Impervious+1","Evolve+1","Entrench+1","Shrug It Off","Writhe","Doubt"],"relics":["Burning Blood","ReplayTheSpireMod:Spearhead","Replay:WaspNest","Matryoshka","Oddly Smooth Stone","Electric Blood","WarpedTongs","Singing Bowl","Lantern","Blood Vial","Happy Flower","Ancient Tea Set","Bronze Scales","CeramicFish","Runic Cube","ReplayTheSpireMod:Ring of Challenge","DollysMirror","Shuriken","Anchor","Orichalcum"],"acts_visited":["Exordium","TheCity","TheBeyond","TheEnding"],"potions_floor_usage":[6,8,16,23,30,30,31,31,31,47,54,55],"damage_taken":[{"damage":7,"enemies":"Small Slimes","floor":1,"turns":4},{"damage":6,"enemies":"Cultist","floor":3,"turns":3},{"damage":3,"enemies":"2 Louse","floor":5,"turns":3},{"damage":21,"enemies":"3 Sentries","floor":6,"turns":12},{"damage":48,"enemies":"Gremlin Nob","floor":8,"turns":6},{"damage":22,"enemies":"Exordium Wildlife","floor":14,"turns":5},{"damage":22,"enemies":"The Guardian","floor":16,"turns":16},{"damage":12,"enemies":"Shell Parasite","floor":18,"turns":4},{"damage":14,"enemies":"3 Byrds","floor":21,"turns":3},{"damage":18,"enemies":"Snecko","floor":22,"turns":5},{"damage":11,"enemies":"Book of Stabbing","floor":23,"turns":4},{"damage":17,"enemies":"Centurion and Healer","floor":28,"turns":6},{"damage":38,"enemies":"Gremlin Leader","floor":30,"turns":8},{"damage":9,"enemies":"Snake Plant","floor":31,"turns":2},{"damage":52,"enemies":"Champ","floor":33,"turns":18},{"damage":14,"enemies":"3 Shapes","floor":35,"turns":4},{"damage":11,"enemies":"Orb Walker","floor":39,"turns":4},{"damage":22,"enemies":"R_Hoarder","floor":41,"turns":12},{"damage":75,"enemies":"Transient","floor":44,"turns":5},{"damage":9,"enemies":"4 Shapes","floor":46,"turns":7},{"damage":10,"enemies":"Maw","floor":47,"turns":10},{"damage":23,"enemies":"Time Eater","floor":50,"turns":8},{"damage":16,"enemies":"Shield and Spear","floor":54,"turns":7},{"damage":54,"enemies":"The Heart","floor":55,"turns":8}],"seed_played":"5350229347970632418","potions_obtained":[{"floor":3,"key":"BlessingOfTheForge"},{"floor":5,"key":"LifebloodPotion"},{"floor":14,"key":"LiquidBronze"},{"floor":22,"key":"SpeedPotion"},{"floor":23,"key":"ColorlessPotion"},{"floor":28,"key":"SteroidPotion"},{"floor":44,"key":"Energy Potion"},{"floor":47,"key":"ElixirPotion"}],"is_trial":false,"path_per_floor":["M","?","M","?","M","E","?","E","T","R","$","R","$","M","R","B",null,"M","?","?","M","M","E","R","$","T","T","M","R","E","M","R","B",null,"M","?","?","$","M","R","E","R","T","M","?","M","M","?","R","B",null,"R","$","E","B",null],"character_chosen":"IRONCLAD","items_purchased":["Oddly Smooth Stone","Entrench","Lantern","DollysMirror","Shrug It Off","Anchor","Energy Potion"],"campfire_rested":3,"item_purchase_floors":[13,13,25,38,38,53,53],"current_hp_per_floor":[79,79,79,79,83,68,68,26,26,50,50,50,50,34,58,42,83,77,77,77,69,57,54,54,54,54,54,47,73,45,44,70,26,89,85,85,85,85,84,84,76,76,76,11,36,37,37,103,103,86,103,103,103,95,49],"gold":77,"neow_bonus":"HUNDRED_GOLD","is_daily":false,"chose_seed":false,"campfire_upgraded":5,"win_rate":0.0,"timestamp":1610662474,"path_taken":["M","?","M","?","?","E","?","E","T","R","$","R","?","M","R","BOSS","M","?","?","M","?","E","R","$","T","?","?","R","E","M","R","BOSS","M","?","?","$","M","R","E","R","T","?","?","M","M","?","R","BOSS","R","$","E","BOSS"],"items_purchased_type":["Relic","Card","Relic","Relic","Card","Relic","Potion"],"build_version":"2020-12-22","purchased_purges":1,"victory":true,"max_hp_per_floor":[80,80,80,80,83,83,83,83,83,83,83,83,83,83,83,83,83,83,83,83,83,83,85,85,85,85,85,87,87,89,89,89,89,89,93,93,93,93,95,95,97,97,97,99,99,101,103,103,103,103,103,103,103,105,105],"card_choices":[{"not_picked":["Sentinel","Body Slam"],"picked":"Armaments","floor":1},{"not_picked":["Sword Boomerang","Clash"],"picked":"Feed","floor":3},{"not_picked":["Body Slam","Perfected Strike"],"picked":"True Grit","floor":5},{"not_picked":["ReplayTheSpireMod:Strike From Hell","Perfected Strike"],"picked":"Feel No Pain","floor":6},{"not_picked":["Heavy Blade","Rampage"],"picked":"Barricade","floor":8},{"not_picked":["Cleave","ReplayTheSpireMod:Strike From Hell","Anger"],"picked":"SKIP","floor":14},{"not_picked":["Abandon","Run Through"],"picked":"Pommel Strike+1","floor":18},{"not_picked":["ReplayTheSpireMod:Stacked","Run Through"],"picked":"Defy Death","floor":21},{"not_picked":["Perfected Strike","ReplayTheSpireMod:Limb From Limb","Clothesline"],"picked":"SKIP","floor":22},{"not_picked":["Havoc+1","Replay:Undeath\u0027s Touch","Demonic Infusion"],"picked":"Singing Bowl","floor":23},{"not_picked":["ReplayTheSpireMod:Muscle Training","Spot Weakness","Anger"],"picked":"Singing Bowl","floor":28},{"not_picked":["Iron Wave","Abandon","Battle Trance"],"picked":"Singing Bowl","floor":30},{"not_picked":["Cleave","Pummel"],"picked":"Dark Embrace","floor":31},{"not_picked":["Immolate","Replay:Many Hands"],"picked":"Impervious","floor":33},{"not_picked":["Pommel Strike+1","Seeing Red"],"picked":"Evolve+1","floor":35},{"not_picked":["Havoc","Twin Strike+1","Carnage"],"picked":"Singing Bowl","floor":39},{"not_picked":["Wild Strike+1","Cleave+1","Intimidate"],"picked":"Singing Bowl","floor":41},{"not_picked":["Shockwave+1","Twin Strike","Inflame"],"picked":"Singing Bowl","floor":44},{"not_picked":["Warcry+1","Replay:Undeath\u0027s Touch","Second Wind+1"],"picked":"Singing Bowl","floor":46},{"not_picked":["Headbutt+1","Shrug It Off","Wild Strike+1"],"picked":"Singing Bowl","floor":47},{"not_picked":["Dropkick+1","Demonic Infusion","Infernal Blade+1"],"picked":"Singing Bowl","floor":54}],"player_experience":495880,"relics_obtained":[{"floor":6,"key":"ReplayTheSpireMod:Spearhead"},{"floor":8,"key":"Replay:WaspNest"},{"floor":9,"key":"Matryoshka"},{"floor":23,"key":"Singing Bowl"},{"floor":26,"key":"Blood Vial"},{"floor":26,"key":"Happy Flower"},{"floor":27,"key":"Ancient Tea Set"},{"floor":27,"key":"Bronze Scales"},{"floor":30,"key":"CeramicFish"},{"floor":36,"key":"ReplayTheSpireMod:Ring of Challenge"},{"floor":41,"key":"Shuriken"},{"floor":54,"key":"Orichalcum"}],"event_choices":[{"damage_healed":0,"gold_gain":0,"player_choice":"Ignored","damage_taken":0,"max_hp_gain":0,"max_hp_loss":0,"event_name":"Shining Light","floor":2,"gold_loss":0},{"damage_healed":0,"gold_gain":0,"player_choice":"Upgraded","damage_taken":0,"max_hp_gain":0,"max_hp_loss":0,"event_name":"Upgrade Shrine","floor":4,"gold_loss":0,"cards_upgraded":["Armaments"]},{"damage_healed":0,"gold_gain":0,"player_choice":"Ignored","damage_taken":0,"max_hp_gain":0,"max_hp_loss":0,"event_name":"Ghosts","floor":19,"gold_loss":0},{"damage_healed":0,"gold_gain":0,"player_choice":"Rummage","damage_taken":0,"relics_obtained":["WarpedTongs"],"max_hp_gain":0,"max_hp_loss":0,"event_name":"Accursed Blacksmith","floor":20,"gold_loss":0,"cards_obtained":["Pain"]},{"cards_removed":["Pain"],"damage_healed":0,"gold_gain":0,"player_choice":"Purged","damage_taken":0,"max_hp_gain":0,"max_hp_loss":0,"event_name":"Purifier","floor":37,"gold_loss":0},{"damage_healed":25,"gold_gain":0,"player_choice":"Writhe","damage_taken":0,"max_hp_gain":0,"max_hp_loss":0,"event_name":"Winding Halls","floor":45,"gold_loss":0,"cards_obtained":["Writhe"]},{"damage_healed":66,"gold_gain":0,"player_choice":"Heal","damage_taken":0,"max_hp_gain":0,"max_hp_loss":0,"event_name":"MindBloom","floor":48,"gold_loss":0,"cards_obtained":["Doubt"]}],"is_beta":false,"boss_relics":[{"not_picked":["Snecko Eye","Replay:Drink Me"],"picked":"Electric Blood"},{"not_picked":["Runic Dome","Replay:Wanted Poster"],"picked":"Runic Cube"}],"items_purged_floors":[11],"is_endless":false,"potions_floor_spawned":[3,5,14,22,23,28,44,47],"ascension_level":4}}