{"host":"22s5scuj7mu87reg","time":1610621604,"event":{"mods":["BaseMod","Colored Powertips","Dota2Spire","Downfall","Duelist Mod","GungeonMod","Halation","Hubris","Infinite Spire","Koishi","KomeijiMod","Minty Spire (QoL Compilation)","Replay The Spire","StSLib","SuperFastMode","The Jungle","The Mystic","The Necromancer","Wandering Minibosses"],"gold_per_floor":[142,158,158,158,168,168,183,195,195,195,195,195,195],"floor_reached":12,"language":"POL","playtime":633,"items_purged":[],"score":70,"play_id":"09db6b86-56d1-441f-bc53-ae865f04ad39","local_time":"20210114115324","is_ascension_mode":false,"campfire_choices":[{"data":"theDuelist:ToonWorld","floor":6,"key":"SMITH"},{"floor":11,"key":"REST"}],"circlet_count":0,"master_deck":["theDuelist:CastleWalls","theDuelist:CastleWalls","theDuelist:MangaRyuRan","theDuelist:ToonAncientGear","theDuelist:ToonMermaid","theDuelist:ToonSummonedSkull","theDuelist:ToonWorld+1","theDuelist:ShadowToon","theDuelist:ToonMermaid","Regret","infinitespire:Starlight","theDuelist:ToonMask"],"relics":["theDuelist:MillenniumPuzzle","theDuelist:CardPoolRelic","theDuelist:CardPoolBasicRelic","Boot","hubris:IronBody"],"acts_visited":["Exordium"],"potions_floor_usage":[7],"damage_taken":[{"damage":5,"enemies":"Cultist","floor":1,"turns":4},{"damage":2,"enemies":"Jaw Worm","floor":2,"turns":3},{"damage":4,"enemies":"2 Louse","floor":5,"turns":2},{"damage":55,"enemies":"Red Slaver","floor":7,"turns":7},{"damage":18,"enemies":"Exordium Wildlife","floor":8,"turns":4},{"damage":65,"enemies":"3 Sentries","floor":12,"turns":5}],"seed_played":"-3754754431723740876","potions_obtained":[{"floor":2,"key":"DemoMod:BlankPotion"},{"floor":8,"key":"SpeedPotion"}],"is_trial":false,"path_per_floor":["M","M","?","?","M","R","M","M","T","?","R","E"],"character_chosen":"THE_DUELIST","items_purchased":[],"campfire_rested":1,"item_purchase_floors":[],"current_hp_per_floor":[67,69,69,52,58,58,25,25,25,25,46,0,0],"gold":195,"neow_bonus":"REMOVE_TWO","is_daily":false,"chose_seed":false,"campfire_upgraded":1,"win_rate":0.0,"timestamp":1610621604,"path_taken":["M","?","?","?","M","R","M","?","T","?","R","E"],"items_purchased_type":[],"build_version":"2020-12-13","purchased_purges":0,"victory":false,"max_hp_per_floor":[72,72,72,72,72,72,72,72,72,72,72,72,72],"card_choices":[{"not_picked":["theDuelist:ToonBarrelDragon","theDuelist:FlyingSaucer"],"picked":"theDuelist:ShadowToon","floor":1},{"not_picked":["theDuelist:MangaRyuRan","theDuelist:CheerfulCoffin"],"picked":"theDuelist:ToonMermaid","floor":2},{"not_picked":["infinitespire:TheBestDefense","ReplayTheSpireMod:Haul"],"picked":"infinitespire:Starlight","floor":4},{"not_picked":["theDuelist:AncientGearFist","theDuelist:MangaRyuRan"],"picked":"theDuelist:ToonMask","floor":5},{"not_picked":["theDuelist:ToonAncientGear","theDuelist:ToonBarrelDragon","theDuelist:ToonTable"],"picked":"SKIP","floor":7},{"not_picked":["theDuelist:ToonGeminiElf","theDuelist:RedEyesToon","theDuelist:TrapHole"],"picked":"SKIP","floor":8}],"player_experience":115985,"relics_obtained":[{"floor":9,"key":"hubris:IronBody"}],"event_choices":[{"damage_healed":0,"gold_gain":0,"player_choice":"Box","damage_taken":0,"relics_obtained":["Boot"],"max_hp_gain":0,"max_hp_loss":0,"event_name":"Big Fish","floor":3,"gold_loss":0,"cards_obtained":["Regret"]},{"cards_removed":["theDuelist:Sparks"],"damage_healed":0,"gold_gain":0,"player_choice":"Purged","damage_taken":0,"max_hp_gain":0,"max_hp_loss":0,"event_name":"Purifier","floor":10,"gold_loss":0}],"is_beta":false,"boss_relics":[],"items_purged_floors":[],"is_endless":false,"potions_floor_spawned":[2,8],"killed_by":"3 Sentries","ascension_level":0}}