{"host":"0mk07bycsqo1qk03","time":1610644622,"event":{"mods":["BaseMod","Bestiary","Downfall","Hermit","Hubris","Minty Spire (QoL Compilation)","Replay The Spire","StSLib","The Cursed","The Servant 0.9.4"],"gold_per_floor":[109,109,109,109,109,109,138,153,176,193,193,268,278,312,312,312,312],"floor_reached":16,"language":"ENG","playtime":413,"items_purged":[],"score":266,"play_id":"d2be0a96-a4bd-41c2-bdcb-5282b2f1d886","local_time":"20210114181702","is_ascension_mode":true,"campfire_choices":[{"data":"Disarm","floor":6,"key":"SMITH"},{"data":"Rampage","floor":15,"key":"SMITH"}],"circlet_count":0,"master_deck":["AscendersBane","Strike_R","Strike_R","Strike_R","Strike_R","Strike_R","Defend_R","Defend_R","Defend_R","Defend_R","Disarm+1","Eruption+1","Rampage+1","Flame Barrier","hubris:CleavingFinish","Shrug It Off","Pommel Strike","EmptyFist"],"relics":["NeowsBlessing","Replay:M_SmolderingBlood","hubris:BundleOfHerbs","ReplayTheSpireMod:Lightbulb","ReplayFunnel","Omamori"],"acts_visited":["Exordium"],"potions_floor_usage":[16],"damage_taken":[{"damage":0,"enemies":"Jaw Worm","floor":1,"turns":1},{"damage":0,"enemies":"Gremlin Nob","floor":7,"turns":1},{"damage":0,"enemies":"Small Slimes","floor":8,"turns":1},{"damage":6,"enemies":"2 Louse","floor":10,"turns":2},{"damage":1,"enemies":"Large Slime","floor":13,"turns":5},{"damage":31,"enemies":"3 Sentries","floor":14,"turns":10},{"damage":86,"enemies":"Slime Boss","floor":16,"turns":10}],"seed_played":"-490710304007294350","potions_obtained":[{"floor":1,"key":"FairyPotion"},{"floor":7,"key":"Weak Potion"}],"is_trial":false,"path_per_floor":["M","$","?","T","?","R","E","M","T","M","?","?","M","E","R","B"],"character_chosen":"IRONCLAD","items_purchased":[],"campfire_rested":0,"item_purchase_floors":[],"current_hp_per_floor":[74,74,74,74,74,74,74,74,74,68,68,57,61,30,30,0,0],"gold":312,"neow_bonus":"THREE_ENEMY_KILL","is_daily":false,"chose_seed":false,"campfire_upgraded":2,"win_rate":0.0,"timestamp":1610644622,"path_taken":["M","$","?","?","?","R","E","M","T","M","?","?","M","E","R","BOSS"],"items_purchased_type":[],"build_version":"2020-12-22","purchased_purges":0,"victory":false,"max_hp_per_floor":[75,75,75,75,75,75,75,75,75,75,75,75,75,75,75,75,75],"card_choices":[{"not_picked":["Dual Wield","Anger"],"picked":"Disarm","floor":1},{"not_picked":["Entrench","Seeing Red"],"picked":"Rampage","floor":7},{"not_picked":["Second Wind","Flex"],"picked":"Flame Barrier","floor":8},{"not_picked":["Wild Strike","Iron Wave"],"picked":"hubris:CleavingFinish","floor":10},{"not_picked":["Life Link","Blood for Blood"],"picked":"Pommel Strike","floor":13},{"not_picked":["Reckless Charge","Flame Barrier"],"picked":"EmptyFist","floor":14}],"player_experience":886436,"relics_obtained":[{"floor":4,"key":"hubris:BundleOfHerbs"},{"floor":7,"key":"ReplayTheSpireMod:Lightbulb"},{"floor":9,"key":"ReplayFunnel"},{"floor":14,"key":"Omamori"}],"event_choices":[{"damage_healed":0,"gold_gain":0,"player_choice":"Grow","damage_taken":0,"max_hp_gain":0,"max_hp_loss":0,"event_name":"Living Wall","floor":5,"gold_loss":0,"cards_upgraded":["Eruption"]},{"damage_healed":0,"gold_gain":75,"player_choice":"Gather Gold","damage_taken":11,"max_hp_gain":0,"max_hp_loss":0,"event_name":"World of Goop","floor":12,"gold_loss":0}],"is_beta":false,"boss_relics":[],"items_purged_floors":[],"is_endless":false,"potions_floor_spawned":[1,7,8],"killed_by":"Slime Boss","ascension_level":20}}