{"host":"uxq2rly8rxtwffuf","time":1610611888,"event":{"mods":["BaseMod","Koishi","Minty Spire (QoL Compilation)","StSLib","The Servant 0.9.4"],"gold_per_floor":[110,36,54,73,88,88,104,116,116,116,144,98,98,52,52,129,129,145,145,164,179,22,22,39,39,39,39,39,39],"floor_reached":28,"language":"ENG","playtime":1194,"items_purged":[],"score":385,"play_id":"339448f6-9373-411c-a0e9-9bde244c30de","local_time":"20210114111128","is_ascension_mode":true,"campfire_choices":[{"data":"Zap","floor":6,"key":"SMITH"},{"data":"Go for the Eyes","floor":10,"key":"SMITH"},{"floor":15,"key":"REST"},{"floor":23,"key":"REST"},{"floor":25,"key":"REST"}],"circlet_count":0,"master_deck":["AscendersBane","Strike_B+1","Strike_B+1","Strike_B+1","Defend_B+1","Defend_B+1","Defend_B+1","Defend_B+1","Zap+1","Dualcast","BootSequence","Go for the Eyes","FTL","Cold Snap","Capacitor","Go for the Eyes+1","Loop","Core Surge","White Noise","Steam","Beam Cell","Core Surge","Go for the Eyes","Hologram","Capacitor","Hologram"],"relics":["Cracked Core","Kunai","Matryoshka","Nuclear Battery","Runic Capacitor","Omamori","MealTicket"],"acts_visited":["Exordium","TheCity"],"potions_floor_usage":[11,16,20],"damage_taken":[{"damage":0,"enemies":"Cultist","floor":1,"turns":4},{"damage":0,"enemies":"Jaw Worm","floor":3,"turns":3},{"damage":0,"enemies":"Small Slimes","floor":4,"turns":3},{"damage":8,"enemies":"Looter","floor":5,"turns":4},{"damage":0,"enemies":"Blue Slaver","floor":7,"turns":3},{"damage":11,"enemies":"3 Louse","floor":8,"turns":4},{"damage":34,"enemies":"Gremlin Nob","floor":11,"turns":4},{"damage":4,"enemies":"The Guardian","floor":16,"turns":15},{"damage":26,"enemies":"3 Byrds","floor":18,"turns":7},{"damage":17,"enemies":"Chosen","floor":20,"turns":6},{"damage":1,"enemies":"Sentry and Sphere","floor":21,"turns":7},{"damage":31,"enemies":"Cultist and Chosen","floor":24,"turns":8},{"damage":34,"enemies":"Book of Stabbing","floor":28,"turns":7}],"seed_played":"-7675066357703331251","potions_obtained":[{"floor":4,"key":"Energy Potion"},{"floor":7,"key":"Regen Potion"},{"floor":13,"key":"PotionOfCapacity"},{"floor":16,"key":"LiquidMemories"}],"is_trial":false,"path_per_floor":["M","$","M","M","M","R","M","M","T","R","E","$","?","$","R","B",null,"M","?","M","M","$","R","M","R","T","?","E"],"character_chosen":"DEFECT","items_purchased":["FTL","Steam","Beam Cell","Runic Capacitor"],"campfire_rested":3,"item_purchase_floors":[2,12,14,22],"current_hp_per_floor":[64,64,64,64,56,56,56,45,45,45,23,23,23,23,44,40,63,37,37,20,19,19,40,9,30,30,30,0,0],"gold":39,"neow_bonus":"TRANSFORM_CARD","is_daily":false,"chose_seed":false,"campfire_upgraded":2,"win_rate":0.0,"timestamp":1610611888,"path_taken":["M","$","M","?","M","R","M","M","T","R","E","$","?","?","R","BOSS","M","?","M","M","$","R","M","R","T","?","E"],"items_purchased_type":["Card","Card","Card","Relic"],"build_version":"2020-12-22","purchased_purges":0,"victory":false,"max_hp_per_floor":[71,71,71,71,71,71,71,71,71,71,71,71,71,71,71,71,71,71,71,71,71,71,71,71,71,71,71,71,71],"card_choices":[{"not_picked":["Coolheaded","Steam"],"picked":"Go for the Eyes","floor":1},{"not_picked":["Skim","Coolheaded"],"picked":"Cold Snap","floor":3},{"not_picked":["Glacier","Turbo"],"picked":"Capacitor","floor":4},{"not_picked":["Conserve Battery","Storm"],"picked":"Go for the Eyes","floor":5},{"not_picked":["Go for the Eyes","Leap"],"picked":"Loop","floor":7},{"not_picked":["Rebound","Redo"],"picked":"Core Surge","floor":8},{"not_picked":["Leap","Barrage"],"picked":"White Noise","floor":11},{"not_picked":["Amplify","Fission"],"picked":"Core Surge","floor":16},{"not_picked":["Auto Shields","Barrage"],"picked":"Go for the Eyes","floor":18},{"not_picked":["White Noise","Go for the Eyes"],"picked":"Hologram","floor":20},{"not_picked":["Auto Shields","Conserve Battery"],"picked":"Capacitor","floor":21},{"not_picked":["Aggregate","Loop"],"picked":"Hologram","floor":24}],"player_experience":1396879,"relics_obtained":[{"floor":9,"key":"Kunai"},{"floor":11,"key":"Matryoshka"},{"floor":26,"key":"Omamori"},{"floor":26,"key":"MealTicket"}],"event_choices":[{"damage_healed":0,"gold_gain":0,"player_choice":"Got Potions","damage_taken":0,"max_hp_gain":0,"max_hp_loss":0,"event_name":"Lab","floor":13,"gold_loss":0},{"damage_healed":0,"gold_gain":0,"player_choice":"Simplicity","damage_taken":0,"max_hp_gain":0,"max_hp_loss":0,"event_name":"Back to Basics","floor":19,"gold_loss":0,"cards_upgraded":["Strike_B","Strike_B","Strike_B","Defend_B","Defend_B","Defend_B","Defend_B"]},{"damage_healed":0,"gold_gain":0,"player_choice":"Ignored","damage_taken":0,"max_hp_gain":0,"max_hp_loss":0,"event_name":"Cursed Tome","floor":27,"gold_loss":0}],"is_beta":false,"boss_relics":[{"not_picked":["Pandora\u0027s Box","Black Star"],"picked":"Nuclear Battery"}],"items_purged_floors":[],"is_endless":false,"potions_floor_spawned":[4,7,16,18],"killed_by":"Book of Stabbing","ascension_level":15}}