{"host":"kiah4uoohy01p0hv","time":1610634070,"event":{"mods":["AchievementEnabler","Aspiration","BaseMod","BetterRewards","CCEM","Colored Map","Colored Powertips","Conspire","Highlight Path","Hubris","Infinite Spire","Minty Spire (QoL Compilation)","Permanent Neow","Replay The Spire","Spicy Shops","Spikes Relics","StSLib"],"gold_per_floor":[117,117,55,55,80,125,125,0,0,83,83,83,83],"floor_reached":12,"language":"ENG","playtime":1422,"items_purged":[],"score":209,"play_id":"889871ea-706c-4c7a-a721-62bdd6790155","local_time":"20210115002110","is_ascension_mode":false,"campfire_choices":[],"circlet_count":0,"master_deck":["Strike_P","Strike_P","Strike_P","Strike_P","Defend_P","Defend_P","Defend_P","Defend_P","Eruption","Vigilance","Evaluate+1","PathToVictory","SpiritShield","hubris:Greed","Apotheosis","hubris:Greed","CutThroughFate","hubris:Greed","hubris:Greed","Study","hubris:Greed","hubris:Greed","hubris:Greed","hubris:Greed","hubris:Greed","hubris:Greed","hubris:Greed","Indignation"],"relics":["PureWater","hubris:TenFootPole","Replay:Multitool","ReplayTheSpireMod:CursedCoin","CCEMRelics:DerglesHeadphones","CCEMRelics:FryingPan","Lee\u0027s Waffle","hubris:ToyBattleship","SuspiciousGoo"],"acts_visited":["Exordium"],"potions_floor_usage":[6,6,10],"damage_taken":[{"damage":0,"enemies":"2 Louse","floor":1,"turns":2},{"damage":0,"enemies":"Cultist","floor":5,"turns":3},{"damage":10,"enemies":"3 Sentries","floor":6,"turns":5},{"damage":30,"enemies":"Lagavulin","floor":10,"turns":6},{"damage":97,"enemies":"Gremlin Nob","floor":12,"turns":4}],"seed_played":"1384326203471795097","potions_obtained":[{"floor":1,"key":"Strength Potion"},{"floor":5,"key":"GamblersBrew"}],"is_trial":false,"path_per_floor":["M","?","$","?","M","E","?","$","T","E","R","E"],"character_chosen":"WATCHER","items_purchased":["Evaluate","ReplayTheSpireMod:CursedCoin","Apotheosis","Fire Potion","Lee\u0027s Waffle","BottledMiracle"],"campfire_rested":0,"item_purchase_floors":[0,3,3,3,8,8],"current_hp_per_floor":[72,72,72,72,72,62,62,79,79,49,72,0,0],"gold":83,"neow_bonus":"","is_daily":false,"chose_seed":false,"campfire_upgraded":0,"win_rate":0.0,"timestamp":1610634070,"path_taken":["M","?","?","?","M","E","?","$","T","E","R","E"],"items_purchased_type":["Card","Relic","Card","Potion","Relic","Potion"],"build_version":"2020-12-22","purchased_purges":0,"victory":false,"max_hp_per_floor":[72,72,72,72,72,72,72,79,79,79,79,79,79],"card_choices":[{"not_picked":["Consecrate","Replay:AtTheReady"],"picked":"PathToVictory","floor":1},{"not_picked":["SignatureMove","Replay:AtTheReady"],"picked":"CutThroughFate","floor":5},{"not_picked":["Replay:Battleflow","PathToVictory"],"picked":"Study","floor":6},{"not_picked":["Perseverance","WheelKick"],"picked":"Indignation","floor":10}],"player_experience":243186,"relics_obtained":[{"floor":6,"key":"CCEMRelics:DerglesHeadphones"},{"floor":9,"key":"hubris:ToyBattleship"},{"floor":10,"key":"SuspiciousGoo"}],"event_choices":[{"damage_healed":0,"gold_gain":0,"cards_transformed":["Conclude"],"player_choice":"Transformed","damage_taken":0,"max_hp_gain":0,"max_hp_loss":0,"event_name":"Transmorgrifier","floor":2,"gold_loss":0,"cards_obtained":["SpiritShield"]},{"damage_healed":0,"gold_gain":0,"player_choice":"Gave Potion","damage_taken":0,"relics_obtained":["CCEMRelics:FryingPan"],"max_hp_gain":0,"max_hp_loss":0,"event_name":"WeMeetAgain","floor":7,"gold_loss":0}],"is_beta":false,"boss_relics":[],"items_purged_floors":[],"is_endless":false,"potions_floor_spawned":[1,5],"killed_by":"Gremlin Nob","ascension_level":0}}