{"host":"idmgg8r816nmas40","time":1610602887,"event":{"mods":["AchievementEnabler","BaseMod","BetterRewards","Block Reminder","Colored Map","Colored Powertips","Googly Eyes","Highlight Path","Hubris","Minty Spire (QoL Compilation)","Quick Restart","Relic Stats","Replay The Spire","Shop Mod","StSLib","SuperFastMode","Synergy Search","Transform Curses"],"gold_per_floor":[111,111,111,123,135,135,158,199,222,230,230],"floor_reached":10,"language":"ENG","playtime":337,"items_purged":[],"score":136,"play_id":"1bf9d93e-6326-4dbd-aae8-79ed45f60db3","local_time":"20210113224127","is_ascension_mode":true,"campfire_choices":[{"floor":6,"key":"DIG"}],"circlet_count":0,"master_deck":["AscendersBane","Strike_R","Strike_R","Strike_R","Strike_R","Strike_R","Defend_R","Defend_R","Defend_R","Defend_R","Bash","Thunderclap","Fire Breathing","Armaments","Heavy Blade","hubris:CleavingFinish","Replay:Undeath\u0027s Touch","Flame Barrier"],"relics":["Burning Blood","Mirror","OrangePellets","Omamori","ClockworkSouvenir","Tiny Chest","Happy Flower","Shovel","WarpedTongs","Replay:Bandana","Girya","Toy Ornithopter"],"acts_visited":["Exordium"],"potions_floor_usage":[8],"damage_taken":[{"damage":6,"enemies":"Cultist","floor":1,"turns":4},{"damage":8,"enemies":"2 Louse","floor":4,"turns":3},{"damage":15,"enemies":"Small Slimes","floor":5,"turns":4},{"damage":9,"enemies":"Looter","floor":7,"turns":3},{"damage":49,"enemies":"Lagavulin","floor":8,"turns":9},{"damage":2,"enemies":"3 Sentries","floor":10,"turns":2}],"seed_played":"1229086600204968468","potions_obtained":[{"floor":8,"key":"FairyPotion"}],"is_trial":false,"path_per_floor":["M","?","?","M","M","R","M","E","T","E"],"character_chosen":"IRONCLAD","items_purchased":["Mirror","Thunderclap","OrangePellets","Omamori","Fire Breathing","Armaments","ClockworkSouvenir","Tiny Chest","Happy Flower","Shovel","BloodPotion"],"campfire_rested":0,"item_purchase_floors":[0,0,0,0,0,0,0,0,0,0,0],"current_hp_per_floor":[68,68,68,66,57,57,54,26,26,24,24],"gold":230,"neow_bonus":"","is_daily":false,"chose_seed":false,"campfire_upgraded":0,"win_rate":0.0,"timestamp":1610602887,"path_taken":["M","?","?","?","M","R","M","E","T","E"],"items_purchased_type":["Relic","Card","Relic","Relic","Card","Card","Relic","Relic","Relic","Relic","Potion"],"build_version":"2020-12-22","purchased_purges":0,"victory":false,"max_hp_per_floor":[75,75,75,75,75,75,75,75,75,75,75],"relic_stats":{"OrangePellets":[2],"Shovel":1,"Happy Flower":[9],"counters":[146,532],"Tiny Chest":0,"obtain_stats":[{"Ginger":0,"Whetstone":37,"Bottled Tornado":21,"Boot":8,"Blood Vial":9,"Sundial":0,"MealTicket":20,"Fusion Hammer":17,"HandDrill":0,"Kunai":13,"Runic Cube":17,"MerchantsRug":0,"Pear":54,"Blue Candle":25,"Eternal Feather":0,"Pen Nib":40,"Akabeko":31,"Bird Faced Urn":0,"Mark of Pain":34,"StrikeDummy":19,"Unceasing Top":0,"Regal Pillow":26,"Lantern":54,"Torii":38,"Singing Bowl":40,"Magic Flower":0,"StoneCalendar":0,"Bag of Preparation":26,"Ancient Tea Set":46,"Burning Blood":0,"Shovel":0,"Matryoshka":8,"WingedGreaves":10,"Chemical X":29,"InkBottle":46,"Paper Frog":0,"Lee\u0027s Waffle":8,"Self Forming Clay":42,"Thread and Needle":43,"PreservedInsect":43,"The Courier":25,"Omamori":0,"Frozen Egg 2":7,"Orrery":12,"Turnip":0,"Art of War":54,"Bottled Lightning":41,"Toy Ornithopter":11,"Ice Cream":0,"Calipers":0,"Gremlin Horn":44,"CeramicFish":26,"Vajra":23,"Sozu":34,"Centennial Puzzle":0,"Lizard Tail":23,"HornCleat":26,"FaceOfCleric":19,"Strawberry":46,"Philosopher\u0027s Stone":17,"Toxic Egg 2":6,"Girya":0,"Happy Flower":29,"Dead Branch":19,"Oddly Smooth Stone":24,"Charon\u0027s Ashes":36,"Letter Opener":13,"War Paint":6,"Question Card":10,"WarpedTongs":38,"Du-Vu Doll":43,"OrangePellets":36,"Bottled Flame":42,"Brimstone":0,"Bronze Scales":30,"Black Star":17,"Mirror":0,"Pocketwatch":44,"Meat on the Bone":47,"Darkstone Periapt":12,"Enchiridion":22,"Black Blood":34,"Mango":0,"Juzu Bracelet":45,"Incense Burner":0,"Empty Cage":17,"ClockworkSouvenir":24,"Dream Catcher":10,"Nunchaku":12,"Replay:Bandana":6,"Mummified Hand":0,"Gambling Chip":9,"Pantograph":40,"Tiny Chest":21,"Red Mask":20,"Red Skull":23,"Medical Kit":36,"White Beast Statue":9,"Mercury Hourglass":52,"Peace Pipe":0,"Anchor":47,"CaptainsWheel":8,"Bag of Marbles":0,"Membership Card":13,"TungstenRod":25,"FossilizedHelix":0},{"Ginger":31,"Whetstone":77,"Bottled Tornado":93,"Boot":36,"Blood Vial":2,"Sundial":83,"MealTicket":7,"Fusion Hammer":16,"HandDrill":0,"Kunai":4,"Runic Cube":116,"MerchantsRug":83,"Pear":82,"Blue Candle":44,"Eternal Feather":31,"Pen Nib":104,"Akabeko":100,"Bird Faced Urn":31,"Mark of Pain":22,"StrikeDummy":17,"Unceasing Top":83,"Regal Pillow":19,"Lantern":30,"Torii":51,"Singing Bowl":132,"Magic Flower":83,"StoneCalendar":0,"Bag of Preparation":72,"Ancient Tea Set":80,"Burning Blood":0,"Shovel":31,"Matryoshka":62,"WingedGreaves":14,"Chemical X":45,"InkBottle":55,"Paper Frog":0,"Lee\u0027s Waffle":114,"Self Forming Clay":26,"Thread and Needle":26,"PreservedInsect":79,"The Courier":96,"Omamori":140,"Frozen Egg 2":12,"Orrery":63,"Turnip":83,"Art of War":109,"Bottled Lightning":53,"Toy Ornithopter":63,"Ice Cream":83,"Calipers":31,"Gremlin Horn":79,"CeramicFish":123,"Vajra":19,"Sozu":75,"Centennial Puzzle":58,"Lizard Tail":121,"HornCleat":44,"FaceOfCleric":7,"Strawberry":27,"Philosopher\u0027s Stone":40,"Toxic Egg 2":35,"Girya":58,"Happy Flower":45,"Dead Branch":41,"Oddly Smooth Stone":44,"Charon\u0027s Ashes":49,"Letter Opener":89,"War Paint":61,"Question Card":37,"WarpedTongs":24,"Du-Vu Doll":53,"OrangePellets":49,"Bottled Flame":79,"Brimstone":9,"Bronze Scales":21,"Black Star":6,"Mirror":140,"Pocketwatch":54,"Meat on the Bone":55,"Darkstone Periapt":4,"Enchiridion":18,"Black Blood":48,"Mango":58,"Juzu Bracelet":79,"Incense Burner":83,"Empty Cage":66,"ClockworkSouvenir":19,"Dream Catcher":3,"Nunchaku":38,"Replay:Bandana":143,"Mummified Hand":31,"Gambling Chip":13,"Pantograph":53,"Tiny Chest":7,"Red Mask":42,"Red Skull":95,"Medical Kit":102,"White Beast Statue":36,"Mercury Hourglass":56,"Peace Pipe":31,"Anchor":28,"CaptainsWheel":88,"Bag of Marbles":31,"Membership Card":4,"TungstenRod":72,"FossilizedHelix":110},{"Ginger":116,"Whetstone":308,"Bottled Tornado":362,"Boot":136,"Blood Vial":6,"Sundial":332,"MealTicket":33,"Fusion Hammer":62,"HandDrill":0,"Kunai":11,"Runic Cube":447,"MerchantsRug":332,"Pear":325,"Blue Candle":182,"Eternal Feather":116,"Pen Nib":404,"Akabeko":385,"Bird Faced Urn":116,"Mark of Pain":83,"StrikeDummy":64,"Unceasing Top":332,"Regal Pillow":70,"Lantern":113,"Torii":207,"Singing Bowl":484,"Magic Flower":332,"StoneCalendar":0,"Bag of Preparation":288,"Ancient Tea Set":317,"Burning Blood":0,"Shovel":116,"Matryoshka":247,"WingedGreaves":54,"Chemical X":187,"InkBottle":219,"Paper Frog":0,"Lee\u0027s Waffle":441,"Self Forming Clay":92,"Thread and Needle":92,"PreservedInsect":315,"The Courier":371,"Omamori":507,"Frozen Egg 2":47,"Orrery":251,"Turnip":332,"Art of War":428,"Bottled Lightning":211,"Toy Ornithopter":251,"Ice Cream":332,"Calipers":116,"Gremlin Horn":315,"CeramicFish":462,"Vajra":70,"Sozu":303,"Centennial Puzzle":234,"Lizard Tail":458,"HornCleat":182,"FaceOfCleric":33,"Strawberry":97,"Philosopher\u0027s Stone":165,"Toxic Egg 2":132,"Girya":234,"Happy Flower":187,"Dead Branch":169,"Oddly Smooth Stone":182,"Charon\u0027s Ashes":200,"Letter Opener":348,"War Paint":243,"Question Card":146,"WarpedTongs":87,"Du-Vu Doll":211,"OrangePellets":200,"Bottled Flame":315,"Brimstone":39,"Bronze Scales":77,"Black Star":24,"Mirror":507,"Pocketwatch":214,"Meat on the Bone":219,"Darkstone Periapt":11,"Enchiridion":66,"Black Blood":198,"Mango":234,"Juzu Bracelet":315,"Incense Burner":332,"Empty Cage":263,"ClockworkSouvenir":70,"Dream Catcher":9,"Nunchaku":151,"Replay:Bandana":518,"Mummified Hand":116,"Gambling Chip":49,"Pantograph":211,"Tiny Chest":33,"Red Mask":172,"Red Skull":369,"Medical Kit":395,"White Beast Statue":136,"Mercury Hourglass":224,"Peace Pipe":116,"Anchor":102,"CaptainsWheel":345,"Bag of Marbles":116,"Membership Card":11,"TungstenRod":288,"FossilizedHelix":436}],"Burning Blood":906,"Toy Ornithopter":0,"WarpedTongs":[21]},"card_choices":[{"not_picked":["ReplayTheSpireMod:Stacked","Abandon"],"picked":"Heavy Blade","floor":1},{"not_picked":["hubris:ReadiedAction","Iron Wave"],"picked":"hubris:CleavingFinish","floor":4},{"not_picked":["Headbutt","Warcry","Dropkick"],"picked":"SKIP","floor":5},{"not_picked":["Thunderclap","ReplayTheSpireMod:LeadingStrike"],"picked":"Replay:Undeath\u0027s Touch","floor":7},{"not_picked":["Searing Blow","Carnage"],"picked":"Flame Barrier","floor":8}],"player_experience":1103288,"relics_obtained":[{"floor":6,"key":"Replay:Bandana"},{"floor":8,"key":"Girya"},{"floor":9,"key":"Toy Ornithopter"}],"event_choices":[{"damage_healed":0,"gold_gain":0,"player_choice":"Rummage","damage_taken":0,"relics_obtained":["WarpedTongs"],"max_hp_gain":0,"max_hp_loss":0,"event_name":"Accursed Blacksmith","floor":3,"gold_loss":0,"cards_obtained":["Pain"]}],"is_beta":false,"boss_relics":[],"items_purged_floors":[],"is_endless":false,"potions_floor_spawned":[8],"killed_by":"3 Sentries","ascension_level":20}}