{"host":"fuszjwm6fqgjjp4d","time":1610665345,"event":{"mods":["BaseMod","Bestiary","Colored Map","DeckTracker","Minty Spire (QoL Compilation)","Permanent Neow","Relic Sorter","Relic Stats","StSLib"],"gold_per_floor":[109,121,121,4,4,29,41,41,41,74,149,161,161,3,3,3,3],"floor_reached":16,"language":"ENG","playtime":425,"items_purged":[],"score":286,"play_id":"48e60f91-49b7-4626-bb6c-84ce0f35f168","local_time":"20210114170225","is_ascension_mode":true,"campfire_choices":[{"data":"Cloak And Dagger","floor":8.0,"key":"SMITH"},{"data":"Bullet Time","floor":15,"key":"SMITH"}],"circlet_count":0,"master_deck":["AscendersBane","Strike_G","Strike_G","Strike_G","Strike_G","Strike_G","Defend_G","Defend_G","Defend_G","Defend_G","Defend_G","Survivor","Neutralize","Quick Slash","Cloak And Dagger+1","Cloak And Dagger","Choke","Backstab","Bullet Time+1","Wraith Form v2","Acrobatics"],"relics":["Ring of the Snake","NeowsBlessing","InkBottle","Mummified Hand","Ice Cream","Lee\u0027s Waffle"],"acts_visited":["Exordium"],"potions_floor_usage":[13,16],"damage_taken":[{"damage":0.0,"enemies":"Small Slimes","floor":1.0,"turns":1.0},{"damage":0.0,"enemies":"Jaw Worm","floor":2.0,"turns":1.0},{"damage":0.0,"enemies":"3 Sentries","floor":6.0,"turns":1.0},{"damage":0.0,"enemies":"2 Louse","floor":7.0,"turns":2.0},{"damage":21.0,"enemies":"Lagavulin","floor":10.0,"turns":5.0},{"damage":1.0,"enemies":"Blue Slaver","floor":12.0,"turns":4.0},{"damage":0,"enemies":"Gremlin Nob","floor":13,"turns":1},{"damage":92,"enemies":"The Guardian","floor":16,"turns":18}],"seed_played":"2770078089131018101","potions_obtained":[{"floor":1.0,"key":"GamblersBrew"},{"floor":2.0,"key":"Strength Potion"},{"floor":12.0,"key":"SmokeBomb"}],"is_trial":false,"path_per_floor":["M","M","?","$","?","E","M","R","T","E","?","M","E","$","R","B"],"character_chosen":"THE_SILENT","items_purchased":["Cloak And Dagger","Choke","Lee\u0027s Waffle"],"campfire_rested":0,"item_purchase_floors":[4,4,14],"current_hp_per_floor":[59,59,59,59,59,59,59,59,59,38,27,26,26,73,73,0,0],"gold":3,"neow_bonus":"THREE_ENEMY_KILL","is_daily":false,"chose_seed":false,"campfire_upgraded":2,"win_rate":0.0,"timestamp":1610665345,"path_taken":["M","M","?","$","?","E","M","R","T","E","?","M","E","?","R","BOSS"],"items_purchased_type":["Card","Card","Relic"],"build_version":"2020-12-22","purchased_purges":0,"victory":false,"max_hp_per_floor":[66,66,66,66,66,66,66,66,66,66,66,66,66,73,73,73,73],"relic_stats":{"Lee\u0027s Waffle":47,"counters":[8,33],"Mummified Hand":[2],"obtain_stats":[{"Ice Cream":10,"Lee\u0027s Waffle":14,"NeowsBlessing":0,"Mummified Hand":9,"InkBottle":6,"Ring of the Snake":0},{"Ice Cream":5,"Lee\u0027s Waffle":7,"NeowsBlessing":0,"Mummified Hand":4,"InkBottle":3,"Ring of the Snake":0},{"Ice Cream":10,"Lee\u0027s Waffle":15,"NeowsBlessing":0,"Mummified Hand":5,"InkBottle":3,"Ring of the Snake":0}],"InkBottle":[10],"Ring of the Snake":[16]},"card_choices":[{"not_picked":["Backflip","Cloak And Dagger"],"picked":"Quick Slash","floor":1.0},{"not_picked":["Flying Knee","Prepared"],"picked":"Cloak And Dagger","floor":2.0},{"not_picked":["Reflex","Dagger Throw"],"picked":"Backstab","floor":6.0},{"not_picked":["Slice","Infinite Blades"],"picked":"Bullet Time","floor":7.0},{"not_picked":["Dagger Throw","Acrobatics"],"picked":"Wraith Form v2","floor":10.0},{"not_picked":["Skewer","Backflip"],"picked":"Acrobatics","floor":12.0}],"player_experience":1292204,"relics_obtained":[{"floor":6.0,"key":"InkBottle"},{"floor":9.0,"key":"Mummified Hand"},{"floor":10.0,"key":"Ice Cream"}],"event_choices":[{"damage_healed":0.0,"max_hp_gain":0.0,"max_hp_loss":0.0,"gold_gain":0.0,"event_name":"The Cleric","player_choice":"Leave","floor":3.0,"gold_loss":0.0,"damage_taken":0.0},{"damage_healed":0.0,"max_hp_gain":0.0,"max_hp_loss":0.0,"gold_gain":0.0,"event_name":"Liars Game","player_choice":"Ignored","floor":5.0,"gold_loss":0.0,"damage_taken":0.0},{"damage_healed":0.0,"max_hp_gain":0.0,"max_hp_loss":0.0,"gold_gain":75.0,"event_name":"World of Goop","player_choice":"Gather Gold","floor":11.0,"gold_loss":0.0,"damage_taken":11.0}],"is_beta":false,"boss_relics":[],"items_purged_floors":[],"is_endless":false,"potions_floor_spawned":[1,2,12],"killed_by":"The Guardian","ascension_level":20}}