{"host":"hc0b6jw6qdhg5ry9","time":1610604152,"event":{"mods":["BaseMod","Colored Map","Friendly Minions","Hermit","Marisa£¨Ùöéë¡¡Øª×âÞÞ£©","Minty Spire (QoL Compilation)","StSLib","SuperFastMode","The Bug Knight"],"gold_per_floor":[117,137,212,212,222,222,256,256,281,65,65,77,77,87,87,184,184,199,298,298,298,298],"floor_reached":21,"language":"KOR","playtime":903,"items_purged":[],"score":177,"play_id":"23a134e8-d8a6-4ab7-91e3-30273bdd5bbb","local_time":"20210114150232","is_ascension_mode":false,"campfire_choices":[{"data":"hermit:Snapshot","floor":6,"key":"SMITH"},{"data":"hermit:OverwhelmingPower","floor":8,"key":"SMITH"},{"floor":13,"key":"REST"},{"floor":15,"key":"REST"}],"circlet_count":0,"master_deck":["hermit:Strike_Hermit","hermit:Strike_Hermit","hermit:Strike_Hermit","hermit:Defend_Hermit","hermit:Defend_Hermit","hermit:Defend_Hermit","hermit:Defend_Hermit","hermit:Snapshot+1","hermit:Covet","hermit:HoleUp","hermit:ItchyTrigger","hermit:Vantage","hermit:Horror","hermit:OverwhelmingPower+1","hermit:PistolWhip","Mayhem+1","hermit:Snipe","hermit:BigShot+1","hermit:Vantage","hermit:LowProfile","hermit:Purgatory","hermit:WideOpen"],"relics":["hermit:Momento","Dream Catcher","Anchor","Black Star"],"acts_visited":["Exordium","TheCity"],"potions_floor_usage":[16,16],"damage_taken":[{"damage":1,"enemies":"Jaw Worm","floor":1,"turns":5},{"damage":2,"enemies":"2 Louse","floor":2,"turns":3},{"damage":2,"enemies":"Small Slimes","floor":5,"turns":4},{"damage":25,"enemies":"Gremlin Nob","floor":7,"turns":5},{"damage":11,"enemies":"Blue Slaver","floor":12,"turns":4},{"damage":5,"enemies":"Red Slaver","floor":14,"turns":4},{"damage":47,"enemies":"Hexaghost","floor":16,"turns":10},{"damage":53,"enemies":"Shell Parasite","floor":18,"turns":6},{"damage":22,"enemies":"Chosen","floor":21,"turns":4}],"seed_played":"5586510311377245731","potions_obtained":[{"floor":1,"key":"EntropicBrew"},{"floor":2,"key":"PowerPotion"},{"floor":7,"key":"ColorlessPotion"},{"floor":16,"key":"Swift Potion"}],"is_trial":false,"path_per_floor":["M","M","?","?","M","R","E","R","T","$","?","M","R","M","R","B",null,"M","?","?","M"],"character_chosen":"HERMIT","items_purchased":["hermit:PistolWhip","Mayhem"],"campfire_rested":2,"item_purchase_floors":[10,10],"current_hp_per_floor":[74,72,61,61,59,59,34,34,34,34,34,23,45,40,62,15,75,22,22,22,0,0],"gold":298,"neow_bonus":"TRANSFORM_CARD","is_daily":false,"chose_seed":false,"campfire_upgraded":2,"win_rate":0.0,"timestamp":1610604152,"path_taken":["M","M","?","?","M","R","E","R","T","$","?","M","R","M","R","BOSS","M","?","?","M"],"items_purchased_type":["Card","Card"],"build_version":"2020-12-22","purchased_purges":0,"victory":false,"max_hp_per_floor":[75,75,75,75,75,75,75,75,75,75,75,75,75,75,75,75,75,75,75,75,75,75],"card_choices":[{"not_picked":["hermit:FlashPowder","hermit:NoHoldsBarred"],"picked":"hermit:ItchyTrigger","floor":1},{"not_picked":["hermit:CalledShot","hermit:LowProfile"],"picked":"hermit:Vantage","floor":2},{"not_picked":["hermit:TrackingShot","hermit:Roulette"],"picked":"hermit:Horror","floor":5},{"not_picked":["hermit:Snipe","hermit:CalledShot"],"picked":"hermit:OverwhelmingPower","floor":7},{"not_picked":["hermit:Spite","hermit:HoleUp"],"picked":"hermit:Snipe","floor":12},{"not_picked":["hermit:ItchyTrigger","hermit:GoldenBullet"],"picked":"hermit:BigShot","floor":13},{"not_picked":["hermit:Quickdraw","hermit:Misfire"],"picked":"hermit:Vantage","floor":14},{"not_picked":["hermit:Misfire","hermit:Snipe"],"picked":"hermit:LowProfile","floor":15},{"not_picked":["hermit:OverwhelmingPower","hermit:FatalDesire"],"picked":"hermit:Purgatory","floor":16},{"not_picked":["hermit:NoHoldsBarred+1","hermit:FullyLoaded"],"picked":"hermit:WideOpen","floor":18}],"player_experience":174669,"relics_obtained":[{"floor":7,"key":"Dream Catcher"},{"floor":9,"key":"Anchor"}],"event_choices":[{"damage_healed":0,"gold_gain":75,"player_choice":"Gather Gold","damage_taken":11,"max_hp_gain":0,"max_hp_loss":0,"event_name":"World of Goop","floor":3,"gold_loss":0},{"damage_healed":0,"gold_gain":0,"player_choice":"Leave","damage_taken":0,"max_hp_gain":0,"max_hp_loss":0,"event_name":"The Cleric","floor":4,"gold_loss":0},{"damage_healed":0,"gold_gain":0,"player_choice":"Grow","damage_taken":0,"max_hp_gain":0,"max_hp_loss":0,"event_name":"Living Wall","floor":11,"gold_loss":0,"cards_upgraded":["Mayhem"]},{"damage_healed":0,"gold_gain":99,"player_choice":"Stole From Cult","damage_taken":0,"max_hp_gain":0,"max_hp_loss":0,"event_name":"Nest","floor":19,"gold_loss":0},{"damage_healed":0,"gold_gain":0,"player_choice":"Upgraded","damage_taken":0,"max_hp_gain":0,"max_hp_loss":0,"event_name":"Upgrade Shrine","floor":20,"gold_loss":0,"cards_upgraded":["hermit:BigShot"]}],"is_beta":false,"boss_relics":[{"not_picked":["Snecko Eye","Astrolabe"],"picked":"Black Star"}],"items_purged_floors":[],"is_endless":false,"potions_floor_spawned":[1,2,7,16],"killed_by":"Chosen","ascension_level":0}}