{"host":"1sqx9dmsrxu9kvq7","time":1610664719,"event":{"mods":["2.2 Compatiblity","Act Like it!","BaseMod","CapriCore","Colored Powertips","Custom Start","Friendly Minions","Gensokyo","Koishi","KomeijiMod","Marisa（霧雨　魔理沙）","Minty Spire (QoL Compilation)","Rare Cards Sparkle","Reimu（博??梦）","Relic Stats","Remilia（蕾米莉?）","Shop Mod","Spicy Shops","StSLib","The Administrix","The Immortal","The Servant 0.9.4","Waifu the Spire","Yakumo Yukari mod","Yuyuko"],"gold_per_floor":[111,111,128,74,90,90,37,56,56,56,82,82,113,28,28,28,28,28],"floor_reached":16,"language":"ENG","playtime":3793,"items_purged":[],"score":108,"play_id":"9bc75f6e-cc06-4d38-b2b9-fc4eda5752f9","local_time":"20210114165159","is_ascension_mode":false,"campfire_choices":[{"floor":6,"key":"RECALL"},{"data":"MokouMod:Rebirth","floor":10,"key":"SMITH"},{"floor":12,"key":"REST"},{"floor":15,"key":"REST"}],"circlet_count":0,"master_deck":["MokouMod:Strike","MokouMod:Strike","MokouMod:Strike","MokouMod:Strike","MokouMod:Strike","MokouMod:Defend","MokouMod:Defend","MokouMod:Defend","MokouMod:Defend","MokouMod:HeatSpark","MokouMod:Stoke","MokouMod:RoaringFlare","Clumsy","MokouMod:FlareStarter","MokouMod:Rebirth+1","MokouMod:Ember","MokouMod:FlareStarter","MokouMod:Combust","MokouMod:Trailblazer","MokouMod:Singe","MokouMod:ResonatingAura","MokouMod:IgnitionBarrier","Gensokyo:ScrapIron","Gensokyo:Shovel"],"relics":["MokouMod:PhoenixFeather","Prayer Wheel","Gensokyo:NagashiBinaDoll","Matryoshka","Tea:ReiMu"],"acts_visited":["Gensokyo:Gensokyo"],"potions_floor_usage":[],"damage_taken":[{"damage":4,"enemies":"Gensokyo:Gryphon","floor":1,"turns":5},{"damage":2,"enemies":"Gensokyo:3_Fairies","floor":3,"turns":3},{"damage":0,"enemies":"Gensokyo:Python","floor":5,"turns":4},{"damage":0,"enemies":"Gensokyo:VengefulSpirit","floor":8,"turns":5},{"damage":20,"enemies":"Gensokyo:Mamizou","floor":11,"turns":10},{"damage":45,"enemies":"Gensokyo:Cirno","floor":13,"turns":7},{"damage":84,"enemies":"Gensokyo:Kokoro","floor":16,"turns":14}],"seed_played":"8489553129378051454","potions_obtained":[{"floor":8,"key":"SpeedPotion"},{"floor":13,"key":"ColorlessPotion"}],"is_trial":false,"path_per_floor":["M","?","M","?","M","R","$","M","T","R","E","R","E","COS","R","B"],"character_chosen":"MKU","items_purchased":["MokouMod:Combust"],"campfire_rested":2,"item_purchase_floors":[7],"current_hp_per_floor":[50,50,48,75,75,75,75,75,75,75,55,75,30,30,74,18,18,18],"gold":28,"neow_bonus":"ONE_RARE_RELIC","is_daily":false,"chose_seed":false,"campfire_upgraded":1,"win_rate":0.0,"timestamp":1610664719,"path_taken":["M","?","M","?","M","R","?","M","T","R","E","R","E","COS","R","BOSS"],"items_purchased_type":["Card"],"build_version":"2020-12-22","purchased_purges":0,"victory":false,"max_hp_per_floor":[75,75,75,75,75,75,75,75,75,75,75,75,75,75,75,75,75,75],"relic_stats":{"counters":[7,48],"Prayer Wheel":4,"obtain_stats":[{"Matryoshka":11,"MokouMod:PhoenixFeather":0,"Tea:ReiMu":13,"Prayer Wheel":0,"Gensokyo:NagashiBinaDoll":2},{"Matryoshka":5,"MokouMod:PhoenixFeather":0,"Tea:ReiMu":6,"Prayer Wheel":0,"Gensokyo:NagashiBinaDoll":1},{"Matryoshka":27,"MokouMod:PhoenixFeather":0,"Tea:ReiMu":34,"Prayer Wheel":0,"Gensokyo:NagashiBinaDoll":5}]},"card_choices":[{"not_picked":["MokouMod:Ember","MokouMod:Overheat"],"picked":"MokouMod:Stoke","floor":1},{"not_picked":["MokouMod:ThermalPressure","MokouMod:SearingShot"],"picked":"MokouMod:RoaringFlare","floor":1},{"not_picked":["MokouMod:AdaptivePyromancy","MokouMod:ShiftIgnition"],"picked":"MokouMod:FlareStarter","floor":3},{"not_picked":["MokouMod:FusionFlare","MokouMod:Stoke"],"picked":"MokouMod:Rebirth","floor":3},{"not_picked":["MokouMod:Combust","MokouMod:RetainTemperature"],"picked":"MokouMod:Ember","floor":5},{"not_picked":["MokouMod:GuidingSmoke","MokouMod:UncontrollableSolarReaction"],"picked":"MokouMod:FlareStarter","floor":5},{"not_picked":["MokouMod:CrimsonArmoury","MokouMod:SearingShot"],"picked":"MokouMod:Trailblazer","floor":8},{"not_picked":["MokouMod:BurningDraft","MokouMod:EternalBurstReactor"],"picked":"MokouMod:Singe","floor":8},{"not_picked":["MokouMod:ScorchedEarth","MokouMod:FlickeringFlame"],"picked":"MokouMod:ResonatingAura","floor":11},{"not_picked":["MokouMod:Firecracker","MokouMod:Overheat"],"picked":"MokouMod:IgnitionBarrier","floor":13}],"player_experience":186051,"relics_obtained":[{"floor":11,"key":"Matryoshka"},{"floor":13,"key":"Tea:ReiMu"}],"event_choices":[],"is_beta":false,"boss_relics":[],"items_purged_floors":[],"is_endless":false,"potions_floor_spawned":[8,13],"killed_by":"Gensokyo:Kokoro","ascension_level":0}}