{"host":"c97twqu0op5dg8i4","time":1610593759,"event":{"mods":["AchievementEnabler","BaseMod","Colored Map","Minty Spire (QoL Compilation)","Permanent Neow"],"gold_per_floor":[111,111,111,127,140,140,60,89,89,116,142,217,217,232,254,291,291,388,388,388,388],"floor_reached":20,"language":"ENG","playtime":466,"items_purged":[],"score":256,"play_id":"829f06e0-c09a-4c7c-bda7-04f37e3b07eb","local_time":"20210113220919","is_ascension_mode":true,"campfire_choices":[{"data":"Zap","floor":6,"key":"SMITH"},{"floor":9,"key":"REST"},{"data":"Sunder","floor":13,"key":"SMITH"},{"floor":17,"key":"REST"}],"circlet_count":0,"master_deck":["Strike_B+1","Strike_B","Strike_B","Strike_B","Defend_B","Defend_B","Defend_B","Defend_B","Zap+1","Dualcast","Sunder+1","Scrape","Conserve Battery","Sunder+1","Leap","Streamline","Self Repair"],"relics":["Cracked Core","Omamori","Pen Nib","Whetstone","CeramicFish","Ancient Tea Set","Centennial Puzzle","Black Star"],"acts_visited":["Exordium","TheCity"],"potions_floor_usage":[4,16,18],"damage_taken":[{"damage":4,"enemies":"Small Slimes","floor":1,"turns":4},{"damage":1,"enemies":"2 Louse","floor":4,"turns":2},{"damage":7,"enemies":"Jaw Worm","floor":5,"turns":3},{"damage":34,"enemies":"Gremlin Nob","floor":8,"turns":4},{"damage":0,"enemies":"Looter","floor":14,"turns":3},{"damage":0,"enemies":"3 Louse","floor":15,"turns":2},{"damage":0,"enemies":"Lagavulin","floor":16,"turns":4},{"damage":53,"enemies":"Hexaghost","floor":18,"turns":10},{"damage":16,"enemies":"Shell Parasite","floor":20,"turns":4}],"seed_played":"4925850647112106544","potions_obtained":[{"floor":4,"key":"Fruit Juice"},{"floor":5,"key":"Dexterity Potion"},{"floor":14,"key":"PowerPotion"},{"floor":18,"key":"SteroidPotion"}],"is_trial":false,"path_per_floor":["M","?","?","M","M","R","$","E","R","T","T","?","R","M","M","E","R","B",null,"M"],"character_chosen":"DEFECT","items_purchased":["Sunder"],"campfire_rested":2,"item_purchase_floors":[7],"current_hp_per_floor":[71,71,64,68,61,61,61,27,51,51,51,40,40,40,40,40,64,18,65,49,49],"gold":388,"neow_bonus":"RANDOM_COMMON_RELIC","is_daily":false,"chose_seed":false,"campfire_upgraded":2,"win_rate":0.0,"timestamp":1610593759,"path_taken":["M","?","?","M","M","R","$","E","R","T","T","?","R","M","M","E","R","BOSS","M"],"items_purchased_type":["Card"],"build_version":"2020-12-22","purchased_purges":0,"victory":false,"max_hp_per_floor":[75,75,75,80,80,80,80,80,80,80,80,80,80,80,80,80,80,80,80,80,80],"card_choices":[{"not_picked":["Sweeping Beam","Turbo"],"picked":"Sunder","floor":1},{"not_picked":["Go for the Eyes","Loop"],"picked":"Scrape","floor":4},{"not_picked":["BootSequence","Undo"],"picked":"Conserve Battery","floor":5},{"not_picked":["Scrape","Turbo"],"picked":"Leap","floor":8},{"not_picked":["Turbo","Consume","Conserve Battery"],"picked":"SKIP","floor":14},{"not_picked":["Aggregate","Sunder"],"picked":"Streamline","floor":15},{"not_picked":["Steam","White Noise"],"picked":"Self Repair","floor":16}],"player_experience":250561,"relics_obtained":[{"floor":8,"key":"Whetstone"},{"floor":10,"key":"CeramicFish"},{"floor":11,"key":"Ancient Tea Set"},{"floor":16,"key":"Centennial Puzzle"}],"event_choices":[{"damage_healed":0,"gold_gain":0,"player_choice":"Leave","damage_taken":0,"max_hp_gain":0,"max_hp_loss":0,"event_name":"The Cleric","floor":2,"gold_loss":0},{"damage_healed":0,"gold_gain":0,"player_choice":"Success","damage_taken":7,"relics_obtained":["Pen Nib"],"max_hp_gain":0,"max_hp_loss":0,"event_name":"Scrap Ooze","floor":3,"gold_loss":0},{"damage_healed":0,"gold_gain":75,"player_choice":"Gather Gold","damage_taken":11,"max_hp_gain":0,"max_hp_loss":0,"event_name":"World of Goop","floor":12,"gold_loss":0}],"is_beta":false,"boss_relics":[{"not_picked":["Coffee Dripper","Inserter"],"picked":"Black Star"}],"items_purged_floors":[],"is_endless":false,"potions_floor_spawned":[4,5,14,18],"killed_by":"Shell Parasite","ascension_level":5}}