{"host":"kh6fvhxn285ncg0o","time":1610642374,"event":{"mods":["Act Like it!","BaseMod","Colored Map","Friendly Minions","Keyboard Shortcuts","Minty Spire (QoL Compilation)","Quick Restart","Relic Stats","StSLib","SuperFastMode"],"gold_per_floor":[118,118,128,147,72,72,102,120,165,165,115,115,130,160,160,239,239,259,271,271,52,66,91,91,91,91],"floor_reached":25,"language":"KOR","playtime":542,"items_purged":["Strike_R","Strike_R","Defend_R"],"score":612,"play_id":"76c6c9d7-fd71-4ff0-a391-87d0a848ca1d","local_time":"20210115013934","is_ascension_mode":true,"campfire_choices":[{"data":"Fire Breathing","floor":6,"key":"SMITH"},{"data":"Bash","floor":10,"key":"SMITH"},{"data":"Double Tap","floor":12,"key":"SMITH"},{"data":"Dropkick","floor":15,"key":"SMITH"}],"circlet_count":0,"master_deck":["AscendersBane","Defend_R+1","Bash+1","Fire Breathing+1","Double Tap+1","Wild Strike","Shrug It Off+1","Dropkick+1","Rage","Dark Embrace+1","Evolve+1","Barricade+1"],"relics":["Burning Blood","Singing Bowl","Smiling Mask","War Paint","Black Star","Medical Kit","Blood Vial","Frozen Egg 2"],"acts_visited":["Exordium","TheCity"],"potions_floor_usage":[14,16,19,23,23],"damage_taken":[{"damage":6,"enemies":"Jaw Worm","floor":1,"turns":6},{"damage":2,"enemies":"Cultist","floor":3,"turns":4},{"damage":10,"enemies":"2 Louse","floor":4,"turns":4},{"damage":7,"enemies":"3 Sentries","floor":7,"turns":4},{"damage":1,"enemies":"2 Fungi Beasts","floor":8,"turns":2},{"damage":8,"enemies":"Gremlin Gang","floor":13,"turns":4},{"damage":31,"enemies":"Lagavulin","floor":14,"turns":5},{"damage":0,"enemies":"The Guardian","floor":16,"turns":2},{"damage":14,"enemies":"Spheric Guardian","floor":18,"turns":5},{"damage":18,"enemies":"2 Thieves","floor":19,"turns":4},{"damage":9,"enemies":"Chosen and Byrds","floor":22,"turns":5},{"damage":39,"enemies":"Book of Stabbing","floor":23,"turns":5},{"damage":23,"enemies":"Gremlin Leader","floor":25,"turns":2}],"seed_played":"-4765427178673983541","potions_obtained":[{"floor":1,"key":"LiquidMemories"},{"floor":7,"key":"FearPotion"},{"floor":14,"key":"Swift Potion"},{"floor":16,"key":"Energy Potion"},{"floor":22,"key":"SteroidPotion"},{"floor":23,"key":"SteroidPotion"}],"is_trial":false,"path_per_floor":["M","?","M","M","$","R","E","M","T","R","$","R","M","E","R","B",null,"M","M","?","$","M","E","?","E"],"character_chosen":"IRONCLAD","items_purchased":["Medical Kit"],"campfire_rested":0,"item_purchase_floors":[21],"current_hp_per_floor":[50,50,54,50,50,50,51,56,56,56,56,56,56,33,33,41,73,67,57,57,57,54,21,21,0,0],"gold":91,"neow_bonus":"TRANSFORM_TWO_CARDS","is_daily":false,"chose_seed":false,"campfire_upgraded":4,"win_rate":0.0,"timestamp":1610642374,"path_taken":["M","?","?","M","?","R","E","M","T","R","$","R","M","E","R","BOSS","M","M","?","$","M","E","?","E"],"items_purchased_type":["Relic"],"build_version":"2020-12-22","purchased_purges":3,"victory":false,"max_hp_per_floor":[75,75,75,75,75,75,77,77,77,77,77,77,79,81,81,83,83,85,87,87,87,87,87,87,87,87],"relic_stats":{"Blood Vial":2,"Singing Bowl":12,"counters":[13,52],"Black Star":1,"War Paint":["Shrug It Off","Defend_R"],"Smiling Mask":125,"Medical Kit":[9],"obtain_stats":[{"Blood Vial":23,"Singing Bowl":7,"Black Star":17,"War Paint":14,"Frozen Egg 2":23,"Smiling Mask":9,"Medical Kit":21,"Burning Blood":0},{"Blood Vial":12,"Singing Bowl":4,"Black Star":8,"War Paint":7,"Frozen Egg 2":12,"Smiling Mask":5,"Medical Kit":10,"Burning Blood":0},{"Blood Vial":50,"Singing Bowl":18,"Black Star":31,"War Paint":29,"Frozen Egg 2":50,"Smiling Mask":20,"Medical Kit":40,"Burning Blood":0}],"Burning Blood":72},"card_choices":[{"not_picked":["Clothesline","Iron Wave"],"picked":"Wild Strike","floor":3},{"not_picked":["Berserk","Anger"],"picked":"Shrug It Off","floor":4},{"not_picked":["Seeing Red","Armaments","Havoc"],"picked":"Singing Bowl","floor":7},{"not_picked":["Dark Embrace","Clash"],"picked":"Dropkick","floor":8},{"not_picked":["Rampage","Shrug It Off","Iron Wave"],"picked":"Singing Bowl","floor":13},{"not_picked":["Pummel","Iron Wave","Headbutt"],"picked":"Singing Bowl","floor":14},{"not_picked":["Berserk","Brutality","Corruption"],"picked":"Singing Bowl","floor":16},{"not_picked":["Anger","Shrug It Off","Ghostly Armor"],"picked":"Singing Bowl","floor":18},{"not_picked":["Twin Strike","Clothesline+1","Flame Barrier"],"picked":"Singing Bowl","floor":19},{"not_picked":["Sword Boomerang","Hemokinesis"],"picked":"Rage","floor":22},{"not_picked":["Flame Barrier","Bloodletting"],"picked":"Dark Embrace+1","floor":23}],"player_experience":3447188,"relics_obtained":[{"floor":7,"key":"Singing Bowl"},{"floor":9,"key":"Smiling Mask"},{"floor":14,"key":"War Paint"},{"floor":23,"key":"Blood Vial"},{"floor":23,"key":"Frozen Egg 2"}],"event_choices":[{"cards_removed":["Strike_R"],"damage_healed":0,"gold_gain":0,"player_choice":"Purged","damage_taken":0,"max_hp_gain":0,"max_hp_loss":0,"event_name":"Purifier","floor":2,"gold_loss":0},{"damage_healed":0,"gold_gain":0,"player_choice":"Ignored","damage_taken":0,"max_hp_gain":0,"max_hp_loss":0,"event_name":"Vampires","floor":20,"gold_loss":0},{"damage_healed":0,"gold_gain":0,"cards_transformed":["Defend_R","Defend_R"],"player_choice":"Became Test Subject","damage_taken":0,"max_hp_gain":0,"max_hp_loss":0,"event_name":"Drug Dealer","floor":24,"gold_loss":0,"cards_obtained":["Evolve","Barricade"]}],"is_beta":false,"boss_relics":[{"not_picked":["SacredBark","Calling Bell"],"picked":"Black Star"}],"items_purged_floors":[5,11,21],"is_endless":false,"potions_floor_spawned":[1,7,14,16,18,22,23],"killed_by":"Gremlin Leader","ascension_level":20}}