{"host":"6yti76gw1x84gcsv","time":1610608195,"event":{"mods":["100% Spire Juice","2.2 Compatiblity","AchievementEnabler","Act Like it!","Aspiration","BaseMod","Beaked The Cultist","Better Altar","Better Sensory Stone","Better Silent Start","Better-Laid Plans","BetterRewards","Block Reminder","CapriCore","Colored Map","Colored Powertips","Conspire","Curses Come First","Displayed Cursed Tome","Downfall","Faster Ascension Climbing","Fox Events","Friendly Minions","GifTheSpireLib","Good Game Mod","Googly Eyes","GungeonMod","Hermit","Hubris","Jess\u0027s Bottle","Lobotomy","Marked Mod","Minty Spire (QoL Compilation)","MostiFishMod","Pale of the Ancients","Permanent Neow","Potionbrewer","Prisma Mod","Reimu??????","Relic Stats","Replay The Spire","Shade Mod","Shop Mod","StSLib","Synergy Search","The Construct","The Hierophant","The Immortal","The Jungle","The Mystic","The Runesmith","The Senshi","Uncapped","WarShipGirlsR/????R mod"],"gold_per_floor":[112,130,140,156,173,204,218,218,265,281,281,281,281,44,44,147,147,164,57,57,68,85,85,124,148,148,148,174,203,226,245,245,245],"floor_reached":32,"language":"ENG","playtime":2556,"items_purged":["PrismaMod:ChloeCarnivalAttack"],"score":295,"play_id":"43eed5d8-b219-4e95-8919-5d56813b7610","local_time":"20210114020955","is_ascension_mode":false,"campfire_choices":[{"floor":8,"key":"REST"},{"floor":11,"key":"REST"},{"floor":13,"key":"REST"},{"floor":23,"key":"REST"},{"floor":27,"key":"RECALL"}],"circlet_count":0,"master_deck":["Runesmith:Strike_RS","Runesmith:Strike_RS+1","Runesmith:Strike_RS","Runesmith:Strike_RS","Runesmith:Defend_RS","Runesmith:Defend_RS","Runesmith:Defend_RS","Runesmith:Defend_RS","Runesmith:CraftFirestone","Runesmith:Fortify","Runesmith:Overpower","Runesmith:Overpower","Runesmith:WhiteBalance+1","Runesmith:Permafrost","Runesmith:ChiselStab","Runesmith:Firestorm","Runesmith:HammerThrow","Runesmith:HeatExchange","Runesmith:HeatedChisel","Runesmith:Grindstone","Runesmith:EnergizedChisel+1","Runesmith:FieryHammer","Runesmith:LithiumIon","Runesmith:UnstableHammer","Runesmith:CreatorForm","Runesmith:ChiselStab","Runesmith:BackupBattery","Runesmith:Firestorm","Runesmith:DoubleUp","Runesmith:Empowerment","Runesmith:UnlimitedPower","Runesmith:Retool","Runesmith:HeatedChisel+1","Runesmith:Refine","Runesmith:CraftProtectio","Runesmith:ChiselStab+1"],"relics":["Runesmith:BrokenRuby","DaveBox","REME:ComplimentaryCards","hubris:AstralHammer","ChiXiaoBlade","SynthV:TestCard","DemoMod:ResourcefulSack","GreenFoldingFan","MerchantsRug","CeramicFish"],"acts_visited":["Exordium","theJungle:Jungle","DemoMod:Maze"],"potions_floor_usage":[6,7,16,22,29,30,31,32],"damage_taken":[{"damage":6,"enemies":"Jaw Worm","floor":1,"turns":3},{"damage":0,"enemies":"Cultist","floor":2,"turns":3},{"damage":1,"enemies":"conspire:RoseBush","floor":3,"turns":2},{"damage":0,"enemies":"Exordium Thugs","floor":4,"turns":4},{"damage":0,"enemies":"2 Fungi Beasts","floor":5,"turns":2},{"damage":16,"enemies":"Lagavulin","floor":6,"turns":5},{"damage":0,"enemies":"Large Slime","floor":7,"turns":5},{"damage":7,"enemies":"Looter","floor":10,"turns":3},{"damage":7,"enemies":"Slime Boss","floor":16,"turns":7},{"damage":15,"enemies":"Shell Parasite","floor":18,"turns":4},{"damage":23,"enemies":"theJungle:MUSHROOMGANG","floor":21,"turns":4},{"damage":40,"enemies":"theJungle:2_Flameangoes","floor":22,"turns":5},{"damage":25,"enemies":"theJungle:MamaSnecko","floor":24,"turns":5},{"damage":4,"enemies":"Snake Plant","floor":25,"turns":2},{"damage":14,"enemies":"DemoMod:4_Bullet_Kins","floor":28,"turns":4},{"damage":10,"enemies":"DemoMod:4_Bullet_Kins_with_one_veteran","floor":29,"turns":5},{"damage":29,"enemies":"DemoMod:Red_and_blue_shotgun_kin_with_gunsinger","floor":30,"turns":3},{"damage":30,"enemies":"DemoMod:Veteran_shot_gun_kin_and_red_shotgun_kin_with_gunsinger","floor":31,"turns":3},{"damage":27,"enemies":"DemoMod:2_Mousers","floor":32,"turns":3}],"seed_played":"-1485916298360993251","potions_obtained":[{"floor":4,"key":"champ:CounterPotion"},{"floor":5,"key":"Fire Potion"},{"floor":6,"key":"Elixir"},{"floor":10,"key":"PowerPotion"},{"floor":16,"key":"construct:ShiftPotion"},{"floor":18,"key":"BlessingOfTheForge"},{"floor":21,"key":"Strength Potion"},{"floor":25,"key":"champ:CounterPotion"},{"floor":29,"key":"FearPotion"},{"floor":31,"key":"LiquidMemories"}],"is_trial":false,"path_per_floor":["M","M","M","M","M","E","M","R","T","M","R","?","R","$","R_BF","B",null,"M","$","?","M","M","R","E","M","T","R","M","M","M","M","M"],"character_chosen":"RUNESMITH_CLASS","items_purchased":["hubris:AstralHammer","Runesmith:Overpower","Runesmith:WhiteBalance","Runesmith:Permafrost","Runesmith:LithiumIon","Runesmith:UnstableHammer","DemoMod:GnawedKey","MerchantsRug","Runesmith:BackupBattery"],"campfire_rested":4,"item_purchase_floors":[0,0,0,0,14,14,14,19,19],"current_hp_per_floor":[32,32,31,31,31,15,15,36,36,29,50,36,57,57,70,63,70,65,65,65,52,22,43,28,34,70,70,66,66,47,27,0,0],"gold":245,"neow_bonus":"","is_daily":false,"chose_seed":false,"campfire_upgraded":0,"win_rate":0.0,"timestamp":1610608195,"path_taken":["M","M","M","M","M","E","M","R","T","M","R","?","R","$","R_BF","BOSS","M","$","?","M","M","R","E","M","T","R","M","M","M","M","M"],"items_purchased_type":["Relic","Card","Card","Card","Card","Card","Relic","Relic","Card"],"build_version":"2020-12-22","purchased_purges":1,"victory":false,"max_hp_per_floor":[70,70,70,70,70,70,70,70,70,70,70,70,70,70,70,70,70,70,70,70,70,70,70,70,70,70,70,70,70,70,70,70,70],"relic_stats":{"counters":[29,94],"CeramicFish":54,"obtain_stats":[{"DaveBox":0,"CeramicFish":15,"DemoMod:GlassGuonStoneRelic":2,"PrismaticShard":2,"Replay:Rubber Ducky":5,"GreenFoldingFan":17,"Matryoshka":14,"downfall:HeartBlessingBlue":8,"hubris:AstralHammer":0,"MealTicket":9,"Replay:Bottled Flurry":11,"DemoMod:GnawedKey":14,"Ring of the Snake":0,"MerchantsRug":19,"Runesmith:BrokenRuby":6,"downfall:HeartBlessingRed":8,"PreservedInsect":4,"MawBank":10,"ThornShield":0,"Mercury Hourglass":2,"REME:ComplimentaryCards":0,"SynthV:TestCard":1,"ChiXiaoBlade":0,"Molten Egg 2":6,"DemoMod:ResourcefulSack":6},{"DaveBox":0,"CeramicFish":9,"DemoMod:GlassGuonStoneRelic":12,"PrismaticShard":1,"Replay:Rubber Ducky":3,"GreenFoldingFan":19,"Matryoshka":8,"downfall:HeartBlessingBlue":4,"hubris:AstralHammer":10,"MealTicket":5,"Replay:Bottled Flurry":7,"DemoMod:GnawedKey":18,"Ring of the Snake":0,"MerchantsRug":20,"Runesmith:BrokenRuby":16,"downfall:HeartBlessingRed":4,"PreservedInsect":2,"MawBank":6,"ThornShield":10,"Mercury Hourglass":1,"REME:ComplimentaryCards":0,"SynthV:TestCard":11,"ChiXiaoBlade":10,"Molten Egg 2":4,"DemoMod:ResourcefulSack":16},{"DaveBox":0,"CeramicFish":18,"DemoMod:GlassGuonStoneRelic":28,"PrismaticShard":2,"Replay:Rubber Ducky":7,"GreenFoldingFan":56,"Matryoshka":16,"downfall:HeartBlessingBlue":9,"hubris:AstralHammer":22,"MealTicket":12,"Replay:Bottled Flurry":14,"DemoMod:GnawedKey":49,"Ring of the Snake":0,"MerchantsRug":60,"Runesmith:BrokenRuby":38,"downfall:HeartBlessingRed":9,"PreservedInsect":5,"MawBank":13,"ThornShield":22,"Mercury Hourglass":3,"REME:ComplimentaryCards":0,"SynthV:TestCard":25,"ChiXiaoBlade":22,"Molten Egg 2":9,"DemoMod:ResourcefulSack":41}]},"card_choices":[{"not_picked":["Runesmith:CraftObretio","Runesmith:NegativeSpace"],"picked":"Runesmith:ChiselStab","floor":1},{"not_picked":["Runesmith:LastStand","Runesmith:OneForEveryone","Runesmith:UnstableHammer","Runesmith:Overpower"],"picked":"Runesmith:Firestorm","floor":2},{"not_picked":["Runesmith:BackupBattery","Runesmith:FrozenChisel","Runesmith:RuneHurl","Runesmith:Permafrost"],"picked":"Runesmith:HammerThrow","floor":3},{"not_picked":["Runesmith:EarthShield","Runesmith:DuctTape","Runesmith:BackupBattery","Runesmith:Permafrost"],"picked":"Runesmith:HeatExchange","floor":4},{"not_picked":["Runesmith:HammerAndChisel","Runesmith:UnstableHammer","Runesmith:Superposition","Runesmith:EnergizedChisel"],"picked":"Runesmith:HeatedChisel","floor":5},{"not_picked":["Runesmith:RuneHurl","Runesmith:HammerTime","Runesmith:HeatExchange","Runesmith:CraftVitae"],"picked":"Runesmith:Grindstone","floor":6},{"not_picked":["Runesmith:RunicBlueprint","Runesmith:BackupBattery","Runesmith:Supernova","Runesmith:Repurpose"],"picked":"Runesmith:EnergizedChisel","floor":7},{"not_picked":["Runesmith:RunicBlueprint","Runesmith:CraftMagma","Runesmith:ShiftingStrike","Runesmith:MakeshiftArmor"],"picked":"Runesmith:FieryHammer","floor":10},{"not_picked":["Runesmith:FissionHammer","Runesmith:MetallurgicalResearch","Runesmith:Supernova","Runesmith:CraftPrismatica"],"picked":"Runesmith:CreatorForm","floor":16},{"not_picked":["Runesmith:MakeshiftArmor","Runesmith:UnstableHammer","Runesmith:Accelerate","Runesmith:LithiumIon"],"picked":"Runesmith:ChiselStab","floor":18},{"not_picked":["Runesmith:ChargedHammer","Runesmith:ShiftingStrike+1","Runesmith:ChiselStab","Runesmith:StaticCage"],"picked":"Runesmith:DoubleUp","floor":21},{"not_picked":["Runesmith:ChiselStab","Runesmith:Refine","Runesmith:CraftProtectio+1","Runesmith:EnergizedChisel"],"picked":"Runesmith:Empowerment","floor":22},{"not_picked":["Runesmith:BackupBattery+1","Runesmith:ChargedHammer","Runesmith:HeatExchange+1","Runesmith:ChiselStab+1"],"picked":"Runesmith:UnlimitedPower","floor":24},{"not_picked":["Runesmith:RuneHurl","Runesmith:BackupBattery+1","Runesmith:DoubleUp","Runesmith:MakeshiftArmor"],"picked":"Runesmith:Retool","floor":25},{"not_picked":["Runesmith:LightningRod","Runesmith:Repurpose","Runesmith:Augment+1","Runesmith:CraftMagma"],"picked":"Runesmith:HeatedChisel+1","floor":28},{"not_picked":["Runesmith:EnergizedChisel+1","Runesmith:Grindstone","Runesmith:PerfectChisel","Runesmith:Reinforce"],"picked":"Runesmith:Refine","floor":29},{"not_picked":["Runesmith:Empowerment","Runesmith:UnstableHammer","Runesmith:Repurpose","Runesmith:CraftPrismatica"],"picked":"Runesmith:CraftProtectio","floor":30},{"not_picked":["Runesmith:Repurpose","Runesmith:StaticCage","Runesmith:NanitesCloud","Runesmith:Terraform+1"],"picked":"Runesmith:ChiselStab+1","floor":31}],"player_experience":150095,"relics_obtained":[{"floor":1,"key":"SynthV:TestCard"},{"floor":6,"key":"DemoMod:ResourcefulSack"},{"floor":24,"key":"CeramicFish"}],"event_choices":[{"damage_healed":0,"gold_gain":0,"player_choice":"Entered Light","damage_taken":14,"max_hp_gain":0,"max_hp_loss":0,"event_name":"Shining Light","floor":12,"gold_loss":0,"cards_upgraded":["Runesmith:Strike_RS","Runesmith:EnergizedChisel"]}],"is_beta":false,"boss_relics":[{"not_picked":["Ectoplasm","Velvet Choker"],"picked":"GreenFoldingFan"}],"items_purged_floors":[0],"is_endless":false,"potions_floor_spawned":[4,5,6,10,16,18,21,25,28,29,31],"killed_by":"DemoMod:2_Mousers","ascension_level":0}}