{"host":"kiah4uoohy01p0hv","time":1610618720,"event":{"mods":["AchievementEnabler","Aspiration","BaseMod","BetterRewards","CCEM","Colored Map","Colored Powertips","Conspire","Highlight Path","Hubris","Infinite Spire","Minty Spire (QoL Compilation)","Permanent Neow","Replay The Spire","Spicy Shops","Spikes Relics","StSLib"],"gold_per_floor":[116,116,132,151,163,196,207,207,207,207,207],"floor_reached":10,"language":"ENG","playtime":921,"items_purged":[],"score":70,"play_id":"7fa9f19c-9015-4803-8354-b120243b625a","local_time":"20210114200520","is_ascension_mode":false,"campfire_choices":[{"floor":8,"key":"REST"}],"circlet_count":0,"master_deck":["Strike_P","Strike_P","Strike_P","Strike_P","Defend_P","Defend_P","Defend_P","Defend_P","Eruption","Vigilance","FlyingSleeves","Prostrate","ThirdEye","Replay:ManipulateFuture","Establishment"],"relics":["PureWater","NeowsBlessing","Ring of Misfortune","Ring of Searing","hubris:TinFlute","conspire:DeflatedDodgeball"],"acts_visited":["Exordium"],"potions_floor_usage":[5,5,6,7],"damage_taken":[{"damage":0,"enemies":"Jaw Worm","floor":1,"turns":1},{"damage":0,"enemies":"conspire:RoseBush","floor":3,"turns":1},{"damage":0,"enemies":"2 Louse","floor":4,"turns":1},{"damage":19,"enemies":"Exordium Thugs","floor":5,"turns":5},{"damage":48,"enemies":"Gremlin Nob","floor":6,"turns":4},{"damage":0,"enemies":"Large Slime","floor":7,"turns":2},{"damage":41,"enemies":"Lagavulin","floor":10,"turns":6}],"seed_played":"6314826992164366057","potions_obtained":[{"floor":3,"key":"Fire Potion"},{"floor":4,"key":"Block Potion"},{"floor":5,"key":"Fruit Juice"},{"floor":6,"key":"SteroidPotion"}],"is_trial":false,"path_per_floor":["M","?","M","M","M","E","M","R","T","E"],"character_chosen":"WATCHER","items_purchased":[],"campfire_rested":1,"item_purchase_floors":[],"current_hp_per_floor":[72,72,72,72,53,10,10,33,33,0,0],"gold":207,"neow_bonus":"THREE_ENEMY_KILL","is_daily":false,"chose_seed":false,"campfire_upgraded":0,"win_rate":0.0,"timestamp":1610618720,"path_taken":["M","?","M","M","M","E","M","R","T","E"],"items_purchased_type":[],"build_version":"2020-12-22","purchased_purges":0,"victory":false,"max_hp_per_floor":[72,72,72,72,72,77,77,77,77,77,77],"card_choices":[{"not_picked":["WindmillStrike","ThirdEye"],"picked":"FlyingSleeves","floor":1},{"not_picked":["FlyingSleeves","Protect"],"picked":"Prostrate","floor":3},{"not_picked":["EmptyFist","CrushJoints"],"picked":"ThirdEye","floor":4},{"not_picked":["Indignation","CrushJoints","FlurryOfBlows"],"picked":"SKIP","floor":5},{"not_picked":["ClearTheMind","Pray"],"picked":"Replay:ManipulateFuture","floor":6},{"not_picked":["Protect","Prostrate"],"picked":"Establishment","floor":7}],"player_experience":238146,"relics_obtained":[{"floor":2,"key":"Ring of Misfortune"},{"floor":2,"key":"Ring of Searing"},{"floor":6,"key":"hubris:TinFlute"},{"floor":9,"key":"conspire:DeflatedDodgeball"}],"event_choices":[],"is_beta":false,"boss_relics":[],"items_purged_floors":[],"is_endless":false,"potions_floor_spawned":[3,4,5,6],"killed_by":"Lagavulin","ascension_level":0}}