{"host":"s6mlqkqtr3ey2mm2","time":1610638514,"event":{"mods":["2.2 Compatiblity","AchievementEnabler","Aspiration","BaseMod","Beaked The Cultist","Better Note","Better Vampires","BetterRewards","Challenge The Spire","Colored Map","Colored Powertips","Conspire","Curses Come First","Downfall","Emptier Cage","Energized Spire","GifTheSpireLib","GungeonMod","Halation","Hermit","Hubris","Infinite Spire","Ironclad Rager","Magitek Elite","Marked Mod","Minty Spire (QoL Compilation)","Poor People Problems","Quick Restart","RatMod","Replay The Spire","Retaliation","Robot Space Explorer","Shade Mod","Somnambulant","Spicy Shops","StSLib","Stuff the Spire","The Blue Laboratory","The Construct","The Druid","The Hierophant","The IronCluck","The Necromancer","The Poker Player","The Runesmith","The Servant 0.9.4","The Valiant","vexMod"],"gold_per_floor":[99,112,130,140,160,170,194,194,36,36,84,100,25,43,55,167,167,167,192,196,196,196,222,249,399,399,419,146,146,146,162,176,277,277,277,288,299,326,326,346,346,346,346,346],"floor_reached":42,"language":"ENG","playtime":3838,"items_purged":["champ:Strike","champ:Strike","champ:Defend","champ:Defend"],"score":392,"play_id":"09461ebd-e21f-4a63-9a0d-0a6f852832e0","local_time":"20210114103514","is_ascension_mode":false,"campfire_choices":[{"floor":1,"key":"RECALL"},{"data":"champ:CheapShot","floor":10,"key":"SMITH"},{"floor":13,"key":"REST"},{"data":"champ:PerfectForm","floor":18,"key":"SMITH"},{"data":"beaked:CrazyRituals","floor":26,"key":"SMITH"},{"data":"champ:SteelEdge","floor":35,"key":"SMITH"}],"circlet_count":0,"master_deck":["champ:Strike","champ:Strike","champ:Defend","champ:Defend","champ:Execute","champ:Taunt","champ:FanOfKnives","champ:RecklessLeap","champ:DeathBlow","champ:CheapShot+1","champ:AdrenalArmor","champ:FanOfKnives","champ:Duel","champ:GutPunch","champ:StrikeOfGenius","champ:BringItOn","champ:PerfectForm+1","beaked:WarriorSpirit+1","beaked:CrazyRituals+1","champ:CrookedStrike+1","beaked:CrazyRituals+1","beaked:Windmill","champ:SteelEdge+1","beaked:KnowThyFoe"],"relics":["champ:ChampionCrown","Lantern","downfall:HeartBlessingRed","aspiration:BeakedSkillbook","InkBottle","Guard_Bracelet","DemoMod:OrangeGuonStone","downfall:RedIOU","halation:Prosthetics","rat:PhantomDancer","halation:EternalFortune","Replay:Ringing Soul"],"acts_visited":["Exordium","TheCity","TheBeyond"],"potions_floor_usage":[16,16,33],"damage_taken":[{"damage":25,"enemies":"infinitespire:Voidling","floor":2,"turns":5},{"damage":26,"enemies":"Jaw Worm","floor":3,"turns":4},{"damage":16,"enemies":"Cultist","floor":4,"turns":3},{"damage":15,"enemies":"Gremlin Gang","floor":5,"turns":2},{"damage":26,"enemies":"Exordium Wildlife","floor":6,"turns":4},{"damage":42,"enemies":"downfall:FleeingMerchant","floor":9,"turns":5},{"damage":33,"enemies":"2 Fungi Beasts","floor":12,"turns":2},{"damage":4,"enemies":"3 Louse","floor":14,"turns":3},{"damage":13,"enemies":"Large Slime","floor":15,"turns":2},{"damage":84,"enemies":"downfall:Defect","floor":16,"turns":5},{"damage":18,"enemies":"Chosen","floor":19,"turns":6},{"damage":44,"enemies":"conspire:HollyBat","floor":23,"turns":7},{"damage":39,"enemies":"3 Cultists","floor":27,"turns":4},{"damage":26,"enemies":"downfall:FleeingMerchant","floor":28,"turns":5},{"damage":27,"enemies":"Snecko","floor":31,"turns":4},{"damage":7,"enemies":"Centurion and Healer","floor":32,"turns":4},{"damage":50,"enemies":"downfall:Watcher","floor":33,"turns":7},{"damage":49,"enemies":"3 Shapes","floor":36,"turns":4},{"damage":25,"enemies":"Orb Walker","floor":37,"turns":4},{"damage":18,"enemies":"Spire Growth","floor":40,"turns":5},{"damage":20,"enemies":"4 Shapes","floor":42,"turns":2}],"seed_played":"-359456023265660575","potions_obtained":[{"floor":2,"key":"blueLaboratory:AbyssPotion"},{"floor":12,"key":"blueLaboratory:Moonshine"},{"floor":14,"key":"Fire Potion"},{"floor":15,"key":"blueLaboratory:FrostheartPotion"},{"floor":16,"key":"blueLaboratory:BubblePotion"},{"floor":19,"key":"PowerPotion"},{"floor":36,"key":"blueLaboratory:HummingbirdPotion"},{"floor":37,"key":"blueLaboratory:BubblePotion"}],"is_trial":false,"path_per_floor":["R","M","M","M","M","M","T","?","$","R","T","M","R","M","M","B",null,"R","M","$","T","?","M","T","?","R","M","$","?","?","M","M","B",null,"R","M","M","?","?","M","T","M"],"character_chosen":"THE_CHAMP","items_purchased":["Lantern","DemoMod:OrangeGuonStone"],"campfire_rested":1,"item_purchase_floors":[9,28],"current_hp_per_floor":[99,84,71,70,65,62,62,62,57,57,57,49,78,78,78,31,99,99,94,62,62,62,52,52,52,52,44,44,44,44,44,44,24,64,64,47,30,30,33,20,20,0,0,0],"gold":346,"neow_bonus":"TEN_PERCENT_HP_BONUS","is_daily":false,"chose_seed":false,"campfire_upgraded":4,"win_rate":0.0,"timestamp":1610638514,"path_taken":["R","M","M","?","?","M","T","?","$","R","?","M","R","M","M","BOSS","R","M","?","?","?","M","T","?","R","?","$","?","?","M","M","BOSS","R","M","M","?","?","M","T","M"],"items_purchased_type":["Relic","Relic"],"build_version":"2020-12-22","purchased_purges":4,"victory":false,"max_hp_per_floor":[99,99,99,99,99,99,99,99,99,99,99,99,99,99,99,99,99,99,99,99,99,99,99,99,99,99,99,99,99,99,99,99,99,64,64,64,64,64,67,67,67,67,67,67],"card_choices":[{"not_picked":["champ:StanceDance","champ:Backstep"],"picked":"champ:FanOfKnives","floor":2},{"not_picked":["champ:StanceDance","champ:Riposte"],"picked":"champ:RecklessLeap","floor":3},{"not_picked":["champ:DefensiveShout","champ:Backstep"],"picked":"champ:DeathBlow","floor":4},{"not_picked":["champ:FlashCut","champ:ViciousMockery"],"picked":"champ:CheapShot","floor":5},{"not_picked":["champ:FalseCounter","champ:FlashCut"],"picked":"champ:AdrenalArmor","floor":6},{"not_picked":["champ:RapidStrikes","champ:RecklessLeap"],"picked":"champ:FanOfKnives","floor":9},{"not_picked":["champ:DefensiveShout","champ:Circumvent"],"picked":"champ:Duel","floor":12},{"not_picked":["champ:Circumvent","champ:DeathBlow"],"picked":"champ:GutPunch","floor":13},{"not_picked":["champ:Circumvent","champ:PerfectedStrike"],"picked":"champ:StrikeOfGenius","floor":14},{"not_picked":["champ:CrookedStrike","champ:Haymaker"],"picked":"champ:BringItOn","floor":15},{"not_picked":["champ:SteelEdge","champ:Improvising"],"picked":"champ:PerfectForm","floor":16},{"not_picked":["beaked:Mantra","champ:GladiatorsShout+1","beaked:Flinch"],"picked":"beaked:WarriorSpirit","floor":19},{"not_picked":["beaked:Mantra","champ:FocusedBerserking","beaked:Struggle"],"picked":"beaked:CrazyRituals","floor":23},{"not_picked":["beaked:SurvivalInstinct","champ:StanceDance","champ:ArenaPreparation+1","beaked:Negation"],"picked":"SKIP","floor":27},{"not_picked":["beaked:BraceForImpact+1","champ:FanOfKnives","champ:FocusedBerserking"],"picked":"champ:CrookedStrike+1","floor":28},{"not_picked":["beaked:Mantra","beaked:Cower+1","beaked:SacrificialAttack+1","beaked:Negation+1"],"picked":"SKIP","floor":31},{"not_picked":["champ:FocusedDefense","champ:DefensiveShout","champ:PerfectedStrike+1"],"picked":"beaked:Windmill","floor":32},{"not_picked":["beaked:FakeOut","champ:CheapShot","ReplayTheSpireMod:Owlgaze"],"picked":"champ:SteelEdge","floor":33},{"not_picked":["beaked:TuckingFeathers","beaked:WarriorEssence","champ:BladeFlurry"],"picked":"beaked:KnowThyFoe","floor":36},{"not_picked":["beaked:SacrificialDive+1","champ:FocusedDefense","champ:BerserkersShout","beaked:Molting"],"picked":"SKIP","floor":37},{"not_picked":["champ:FocusedGladiator+1","champ:RapidStrikes+1","champ:AdrenalArmor+1","beaked:Tradeoff"],"picked":"SKIP","floor":40}],"player_experience":99751,"relics_obtained":[{"floor":7,"key":"halation:IllGainedPizza"},{"floor":11,"key":"Dream Catcher"},{"floor":21,"key":"InkBottle"},{"floor":24,"key":"Guard_Bracelet"},{"floor":38,"key":"rat:PhantomDancer"},{"floor":41,"key":"Replay:Ringing Soul"}],"event_choices":[{"damage_healed":0,"gold_gain":0,"player_choice":"Upgraded","damage_taken":0,"max_hp_gain":0,"max_hp_loss":0,"event_name":"Upgrade Shrine","floor":22,"gold_loss":0,"cards_upgraded":["beaked:WarriorSpirit"]},{"damage_healed":0,"gold_gain":0,"player_choice":"Copied","damage_taken":0,"max_hp_gain":0,"max_hp_loss":0,"event_name":"Duplicator","floor":29,"gold_loss":0,"cards_obtained":["beaked:CrazyRituals"]}],"is_beta":false,"boss_relics":[{"not_picked":["halation:ForbiddenBikini","energizedSpire:CursedPentagram"],"picked":"aspiration:BeakedSkillbook"},{"not_picked":["energizedSpire:DeadBattery","energizedSpire:EnergizedDie"],"picked":"halation:Prosthetics"}],"items_purged_floors":[20,20,20,20],"is_endless":false,"potions_floor_spawned":[2,12,14,15,16,19,23,32,36,37],"killed_by":"4 Shapes","ascension_level":0}}