{"host":"7k2a2omxz3voj5ax","time":1610643347,"event":{"mods":["BaseMod","Marisa£¨ìFÓê¡¡Ä§ÀíÉ³£©","Minty Spire (QoL Compilation)","Quick Restart","Spicy Shops","StSLib","Starting Relic: Pandora\u0027s Box","óô»ðÖ¸ÄÏ"],"gold_per_floor":[2330,2330,1810,1860,1873,1900,1446,1475,1475,1486,1726,1741,1772,1791,1230,1306,1306,1325,1337,1337,1337,958,658,684,696,696],"floor_reached":25,"language":"ZHS","playtime":722,"items_purged":["MysteriousBeam","IllusionStar","MasterSpark","DC","Decay","UpSweep","6A"],"score":642,"play_id":"d14392ac-e8b7-4e59-9a72-0364834af919","local_time":"20210115015547","is_ascension_mode":true,"campfire_choices":[],"circlet_count":0,"master_deck":["AscendersBane","EnergyFlow","SuperPerseids","Singularity","WitchLeyline+1","ShootingEcho+1","PowerUp","BlazeAway","UltimateShortwave","SuperNova+1","6A"],"relics":["MiniHakkero","NeowsBlessing","Question Card","SimpleLauncher","Ice Cream","Whetstone","Lantern","Thread and Needle","Girya","Membership Card","Smiling Mask","Frozen Egg 2","Sundial","Black Star","Medical Kit","TheAbacus","Ancient Tea Set","MawBank","PrismaticShard"],"acts_visited":["Exordium","TheCity"],"potions_floor_usage":[25,25,25,25],"damage_taken":[{"damage":0.0,"enemies":"Jaw Worm","floor":1.0,"turns":1.0},{"damage":0.0,"enemies":"2 Louse","floor":5.0,"turns":1.0},{"damage":0.0,"enemies":"Gremlin Nob","floor":6.0,"turns":1.0},{"damage":24.0,"enemies":"3 Sentries","floor":8.0,"turns":4.0},{"damage":0.0,"enemies":"Cultist","floor":10.0,"turns":2.0},{"damage":17.0,"enemies":"The Mushroom Lair","floor":11.0,"turns":3.0},{"damage":0.0,"enemies":"2 Fungi Beasts","floor":12.0,"turns":1.0},{"damage":0.0,"enemies":"Lagavulin","floor":13.0,"turns":4.0},{"damage":0.0,"enemies":"Looter","floor":14.0,"turns":1.0},{"damage":0.0,"enemies":"Hexaghost","floor":16.0,"turns":1.0},{"damage":16.0,"enemies":"2 Thieves","floor":18.0,"turns":3.0},{"damage":29.0,"enemies":"3 Byrds","floor":19.0,"turns":4.0},{"damage":0.0,"enemies":"Snecko","floor":24.0,"turns":3.0},{"damage":21,"enemies":"Gremlin Leader","floor":25,"turns":2}],"seed_played":"2357200037169709277","potions_obtained":[{"floor":5.0,"key":"CultistPotion"},{"floor":8.0,"key":"Weak Potion"},{"floor":11.0,"key":"Swift Potion"},{"floor":11.0,"key":"DistilledChaos"},{"floor":14.0,"key":"SteroidPotion"},{"floor":24.0,"key":"EntropicBrew"}],"is_trial":false,"path_per_floor":["M","?","$","?","M","E","R","E","T","M","?","M","E","M","R","B",null,"M","M","?","?","$","R","M","E"],"character_chosen":"MARISA","items_purchased":["SimpleLauncher","Whetstone","Lantern","Membership Card","Smiling Mask","Frozen Egg 2","Sundial","Medical Kit","TheAbacus","Ancient Tea Set","DistilledChaos","Regen Potion","6A","MawBank","PrismaticShard"],"campfire_rested":0,"item_purchase_floors":[3,7,7,15,15,15,15,22,22,22,22,22,23,23,23],"current_hp_per_floor":[63,45,45,45,45,45,45,21,21,21,4,4,4,4,4,4,54,38,9,9,9,9,9,9,0,0],"gold":696,"neow_bonus":"THREE_ENEMY_KILL","is_daily":false,"chose_seed":false,"campfire_upgraded":0,"win_rate":0.0,"timestamp":1610643347,"path_taken":["M","?","$","?","M","E","R","E","T","?","?","M","E","M","R","BOSS","M","M","?","?","$","R","M","E"],"items_purchased_type":["Relic","Relic","Relic","Relic","Relic","Relic","Relic","Relic","Relic","Relic","Potion","Potion","Card","Relic","Relic"],"build_version":"2020-12-22","purchased_purges":7,"victory":false,"max_hp_per_floor":[70,70,70,70,70,70,70,70,70,70,70,70,70,70,70,70,70,70,70,70,70,70,70,70,70,70],"card_choices":[{"not_picked":["GalacticHalo","ChargeUpSpray","ShootingEcho"],"picked":"SKIP","floor":1.0},{"not_picked":["MysteriousBeam","FairyDestructionRay","Singularity"],"picked":"PowerUp","floor":5.0},{"not_picked":["GravityBeat","PropBag","EventHorizon","OneTimeOff"],"picked":"SKIP","floor":6.0},{"not_picked":["ShootTheMoon","UnstableBomb","ShootingEcho"],"picked":"BlazeAway","floor":8.0},{"not_picked":["MagicChant","Acceleration","NonDirectionalLaser","EnergyRecoil"],"picked":"SKIP","floor":10.0},{"not_picked":["DragonMeteor","WitchOfGreed","GalacticHalo"],"picked":"UltimateShortwave","floor":11.0},{"not_picked":["PulseMagic","GalacticHalo","DarkSpark"],"picked":"6A","floor":11.0},{"not_picked":["OpenUniverse","6A","GalacticHalo","Robbery"],"picked":"SKIP","floor":12.0},{"not_picked":["FairyDestructionRay","DC","Robbery","CasketOfStar"],"picked":"SKIP","floor":13.0},{"not_picked":["FairyDestructionRay","DC","Robbery","CasketOfStar"],"picked":"SKIP","floor":13.0},{"not_picked":["WitchOfGreed","Robbery","IllusionStar","GrandCross"],"picked":"SKIP","floor":14.0},{"not_picked":["MaximisePower","StarDustReverie","BigCrunch"],"picked":"SuperNova+1","floor":16.0},{"not_picked":["WitchLeyline","IllusionStar","MysteriousBeam+1","UnstableBomb"],"picked":"SKIP","floor":18.0},{"not_picked":["Robbery","ManaConvection","SporeBomb","NonDirectionalLaser"],"picked":"SKIP","floor":19.0},{"not_picked":["Dark Shackles","GalacticHalo","PulseMagic","Thunderclap"],"picked":"SKIP","floor":24.0}],"player_experience":445269,"relics_obtained":[{"floor":6.0,"key":"Ice Cream"},{"floor":8.0,"key":"Thread and Needle"},{"floor":13.0,"key":"Girya"}],"event_choices":[{"damage_healed":0.0,"max_hp_gain":0.0,"max_hp_loss":0.0,"gold_gain":0.0,"event_name":"Scrap Ooze","player_choice":"Success","floor":2.0,"gold_loss":0.0,"damage_taken":18.0,"relics_obtained":["Question Card"]},{"damage_healed":0.0,"max_hp_gain":0.0,"max_hp_loss":0.0,"gold_gain":50.0,"event_name":"Golden Shrine","player_choice":"Pray","floor":4.0,"gold_loss":0.0,"damage_taken":0.0},{"damage_healed":0.0,"max_hp_gain":0.0,"max_hp_loss":0.0,"gold_gain":0.0,"event_name":"Mushrooms_MRS","player_choice":"Fought Mushrooms","floor":11.0,"gold_loss":0.0,"damage_taken":0.0},{"damage_healed":0.0,"max_hp_gain":0.0,"max_hp_loss":0.0,"gold_gain":0.0,"event_name":"Mushrooms_MRS","player_choice":"Fought Mushrooms","floor":11.0,"gold_loss":0.0,"damage_taken":0.0},{"damage_healed":0.0,"max_hp_gain":0.0,"max_hp_loss":0.0,"gold_gain":0.0,"event_name":"Mushrooms_MRS","player_choice":"Fought Mushrooms","floor":11.0,"gold_loss":0.0,"damage_taken":0.0},{"damage_healed":0.0,"max_hp_gain":0.0,"max_hp_loss":0.0,"gold_gain":0.0,"event_name":"Mushrooms_MRS","player_choice":"Fought Mushrooms","floor":11.0,"gold_loss":0.0,"damage_taken":0.0},{"damage_healed":0.0,"max_hp_gain":0.0,"max_hp_loss":0.0,"gold_gain":0.0,"event_name":"The Mausoleum","player_choice":"Ignored","floor":20.0,"gold_loss":0.0,"damage_taken":0.0},{"damage_healed":0.0,"max_hp_gain":0.0,"max_hp_loss":0.0,"gold_gain":0.0,"event_name":"Forgotten Altar","player_choice":"Smashed Altar","floor":21.0,"gold_loss":0.0,"damage_taken":0.0,"cards_obtained":["Decay"]}],"is_beta":false,"boss_relics":[{"not_picked":["Cursed Key","ExperimentalFamiliar"],"picked":"Black Star"}],"items_purged_floors":[3,3,7,15,22,23,23],"is_endless":false,"potions_floor_spawned":[5,8,11,11,13,14,18,24],"killed_by":"Gremlin Leader","ascension_level":20}}