{"host":"k7udt7atmcuzf6l0","time":1610607524,"event":{"mods":["AchievementEnabler","BaseMod","Colored Map","Colored Powertips","Highlight Path","Minty Spire (QoL Compilation)","Quick Restart","Rare Cards Sparkle","StSLib","UnlockEverythingMod"],"gold_per_floor":[217,217,43,57,77,77,77,77,77,77,91,91,91,109,109,234,234,254,279,279,39,63,63,96,96,96,96,112,127,165,165,165,285,285,310,62,77,0,23,23,79,412,437,499,511,848,860,887,899,911],"floor_reached":51,"language":"ZHT","playtime":1143,"items_purged":[],"score":778,"play_id":"3e3fc652-79b7-4834-b7ab-799e13262b21","local_time":"20210114145844","is_ascension_mode":false,"campfire_choices":[{"data":"Heavy Blade","floor":6.0,"key":"SMITH"},{"data":"Pommel Strike","floor":8.0,"key":"SMITH"},{"data":"Warcry","floor":10.0,"key":"SMITH"},{"data":"Warcry","floor":13.0,"key":"SMITH"},{"data":"Bash","floor":15.0,"key":"SMITH"},{"data":"Double Tap","floor":23,"key":"SMITH"},{"data":"Cleave","floor":25,"key":"SMITH"},{"data":"Twin Strike","floor":27,"key":"SMITH"},{"floor":32,"key":"REST"},{"data":"Trip","floor":40,"key":"SMITH"},{"floor":45,"key":"REST"},{"data":"Flex","floor":47,"key":"SMITH"},{"data":"Bloodletting","floor":49,"key":"SMITH"}],"circlet_count":0,"master_deck":["Strike_R","Strike_R","Strike_R+1","Strike_R","Defend_R","Defend_R+1","Bash+1","Pommel Strike+1","Cleave+1","Warcry+1","Heavy Blade+1","Warcry+1","Twin Strike+1","Double Tap+1","Thunderclap+1","Reckless Charge+1","Double Tap+1","Twin Strike+1","Pummel+1","Reaper","Cleave+1","Trip+1","Bloodletting+1","Rupture+1","Clothesline+1","Rage+1","Flex+1","Clash","Reaper","Infernal Blade+1"],"relics":["Burning Blood","Brimstone","Blue Candle","Astrolabe","Gremlin Horn","Bottled Lightning","Akabeko","Frozen Egg 2","Calipers","Philosopher\u0027s Stone","Regal Pillow","CaptainsWheel","MawBank","Prayer Wheel","Old Coin"],"acts_visited":["Exordium","TheCity","TheBeyond"],"potions_floor_usage":[22,24,30,33,39,48,50],"damage_taken":[{"damage":15.0,"enemies":"Jaw Worm","floor":1.0,"turns":4.0},{"damage":3.0,"enemies":"Small Slimes","floor":4.0,"turns":2.0},{"damage":7.0,"enemies":"2 Louse","floor":5.0,"turns":2.0},{"damage":0.0,"enemies":"2 Fungi Beasts","floor":11.0,"turns":2.0},{"damage":3.0,"enemies":"Looter","floor":14.0,"turns":2.0},{"damage":0.0,"enemies":"Slime Boss","floor":16.0,"turns":3.0},{"damage":21.0,"enemies":"2 Thieves","floor":18.0,"turns":3.0},{"damage":0.0,"enemies":"3 Byrds","floor":19.0,"turns":3.0},{"damage":13,"enemies":"Snake Plant","floor":22,"turns":3},{"damage":2,"enemies":"Slavers","floor":24,"turns":2},{"damage":17,"enemies":"Snecko","floor":28,"turns":3},{"damage":1,"enemies":"Centurion and Healer","floor":29,"turns":2},{"damage":15,"enemies":"Gremlin Leader","floor":30,"turns":3},{"damage":38,"enemies":"Automaton","floor":33,"turns":5},{"damage":13,"enemies":"3 Shapes","floor":35,"turns":2},{"damage":0,"enemies":"Orb Walker","floor":37,"turns":1},{"damage":33,"enemies":"Maw","floor":39,"turns":5},{"damage":43,"enemies":"2 Orb Walkers","floor":41,"turns":3},{"damage":0,"enemies":"Mind Bloom Boss Battle","floor":44,"turns":2},{"damage":1,"enemies":"Reptomancer","floor":46,"turns":3},{"damage":18,"enemies":"4 Shapes","floor":48,"turns":1},{"damage":62,"enemies":"Donu and Deca","floor":50,"turns":4}],"seed_played":"-5089132050704545367","potions_obtained":[{"floor":5.0,"key":"Weak Potion"},{"floor":16.0,"key":"Dexterity Potion"},{"floor":22,"key":"SkillPotion"},{"floor":24,"key":"Strength Potion"},{"floor":29,"key":"FairyPotion"},{"floor":37,"key":"Block Potion"},{"floor":41,"key":"Ancient Potion"},{"floor":44,"key":"EssenceOfSteel"}],"is_trial":false,"path_per_floor":["M","?","$","M","M","R","?","R","T","R","M","?","R","M","R","B",null,"M","M","?","$","M","R","E","R","T","R","M","M","E","?","R","B",null,"M","$","M","$","M","R","?","?","T","?","R","E","R","M","R","B",null],"character_chosen":"IRONCLAD","items_purchased":["Brimstone","Cleave","Bottled Lightning","Regal Pillow","Trip","Rupture+1"],"campfire_rested":2,"item_purchase_floors":[3,3,21,36,36,38],"current_hp_per_floor":[71,55,55,58,57,57,80,80,80,80,80,60,60,63,63,69,80,65,71,71,71,64,64,68,68,68,68,57,62,53,53,77,45,80,73,73,79,79,52,52,15,15,15,45,80,80,80,68,68,52],"gold":923,"neow_bonus":"HUNDRED_GOLD","is_daily":false,"chose_seed":false,"campfire_upgraded":11,"win_rate":0.0,"timestamp":1610607524,"path_taken":["M","?","$","M","M","R","?","R","T","R","M","?","R","M","R","BOSS","M","M","?","$","M","R","E","R","T","R","M","M","E","?","R","BOSS","M","$","M","$","M","R","?","?","T","?","R","E","R","M","R","BOSS"],"items_purchased_type":["Relic","Card","Relic","Relic","Card","Card"],"build_version":"2020-12-22","purchased_purges":0,"victory":true,"max_hp_per_floor":[80,80,80,80,80,80,80,80,80,80,80,80,80,80,80,80,80,80,80,80,80,80,80,80,80,80,80,80,80,80,80,80,80,80,80,80,80,80,80,80,80,80,80,80,80,80,80,80,80,80],"card_choices":[{"not_picked":["Sword Boomerang","Perfected Strike"],"picked":"Pommel Strike","floor":1.0},{"not_picked":["Headbutt","Armaments"],"picked":"Warcry","floor":4.0},{"not_picked":["Seeing Red","Barricade"],"picked":"Heavy Blade","floor":5.0},{"not_picked":["Iron Wave","Clothesline"],"picked":"Warcry","floor":11.0},{"not_picked":["Clothesline","Cleave"],"picked":"Twin Strike","floor":14.0},{"not_picked":["Demon Form","Immolate"],"picked":"Double Tap","floor":16.0},{"not_picked":["Anger","Body Slam","Armaments"],"picked":"SKIP","floor":18.0},{"not_picked":["Clothesline","Uppercut"],"picked":"Twin Strike+1","floor":19.0},{"not_picked":["Blood for Blood","Anger","Sever Soul"],"picked":"SKIP","floor":22},{"not_picked":["Clothesline","Dropkick","Heavy Blade"],"picked":"SKIP","floor":24},{"not_picked":["Juggernaut+1","Metallicize+1"],"picked":"Pummel+1","floor":28},{"not_picked":["Fire Breathing+1","Blood for Blood+1","Iron Wave"],"picked":"SKIP","floor":29},{"not_picked":["Warcry","Flame Barrier+1","Searing Blow"],"picked":"SKIP","floor":30},{"not_picked":["Barricade+1","Immolate"],"picked":"Reaper","floor":33},{"not_picked":["Iron Wave+1","Carnage+1"],"picked":"Cleave+1","floor":35},{"not_picked":["Reckless Charge+1","True Grit"],"picked":"Bloodletting","floor":37},{"not_picked":["Rampage+1","Iron Wave+1"],"picked":"Clothesline+1","floor":39},{"not_picked":["Body Slam+1","Carnage"],"picked":"Rage+1","floor":41},{"not_picked":["Perfected Strike+1","Sentinel"],"picked":"Flex","floor":44},{"not_picked":["Anger+1","Rampage"],"picked":"Clash","floor":46},{"not_picked":["Fire Breathing+1","Flex+1"],"picked":"Reaper","floor":48},{"not_picked":["Clothesline+1","Shrug It Off+1"],"picked":"Infernal Blade+1","floor":48}],"player_experience":65349,"relics_obtained":[{"floor":9.0,"key":"Blue Candle"},{"floor":24,"key":"Akabeko"},{"floor":26,"key":"Frozen Egg 2"},{"floor":30,"key":"Calipers"},{"floor":41,"key":"CaptainsWheel"},{"floor":43,"key":"MawBank"},{"floor":44,"key":"Prayer Wheel"},{"floor":46,"key":"Old Coin"}],"event_choices":[{"damage_healed":0.0,"max_hp_gain":0.0,"max_hp_loss":0.0,"gold_gain":0.0,"event_name":"Shining Light","player_choice":"Entered Light","floor":2.0,"gold_loss":0.0,"damage_taken":16.0,"cards_upgraded":["Defend_R","Strike_R"]},{"damage_healed":26.0,"max_hp_gain":0.0,"max_hp_loss":0.0,"gold_gain":0.0,"event_name":"Big Fish","player_choice":"Banana","floor":7.0,"gold_loss":0.0,"damage_taken":0.0},{"damage_healed":0.0,"max_hp_gain":0.0,"max_hp_loss":0.0,"gold_gain":0.0,"event_name":"Golden Idol","player_choice":"Take Damage","floor":12.0,"gold_loss":0.0,"damage_taken":20.0,"relics_obtained":["Golden Idol"]},{"damage_healed":0.0,"max_hp_gain":0.0,"max_hp_loss":0.0,"gold_gain":0.0,"event_name":"The Mausoleum","player_choice":"Opened","floor":20.0,"gold_loss":0.0,"damage_taken":0.0,"relics_obtained":["Gremlin Horn"],"cards_obtained":["Writhe"]},{"cards_removed":["Writhe"],"damage_healed":0,"gold_gain":0,"player_choice":"Elegance","damage_taken":0,"max_hp_gain":0,"max_hp_loss":0,"event_name":"Back to Basics","floor":31,"gold_loss":0},{"damage_healed":0,"gold_gain":0,"player_choice":"Fight","damage_taken":0,"max_hp_gain":0,"max_hp_loss":0,"event_name":"Mysterious Sphere","floor":41,"gold_loss":0},{"damage_healed":0,"gold_gain":333,"player_choice":"Gave Idol","damage_taken":0,"max_hp_gain":0,"max_hp_loss":0,"event_name":"The Moai Head","floor":42,"relics_lost":["Golden Idol"],"gold_loss":0},{"damage_healed":0,"gold_gain":0,"player_choice":"Fight","damage_taken":0,"max_hp_gain":0,"max_hp_loss":0,"event_name":"MindBloom","floor":44,"gold_loss":0}],"is_beta":false,"boss_relics":[{"not_picked":["Fusion Hammer","SacredBark"],"picked":"Astrolabe"},{"not_picked":["Snecko Eye","Calling Bell"],"picked":"Philosopher\u0027s Stone"}],"items_purged_floors":[],"is_endless":false,"potions_floor_spawned":[5,16,22,24,29,37,41,44],"ascension_level":0}}