{"host":"w8hjdfrntrrvtiu5","time":1610608725,"event":{"mods":["AchievementEnabler","BaseMod","BetterRewards","Conspire","Hubris","Marisa????????","Minty Spire (QoL Compilation)","Shop Mod","StSLib","Td1madao Mod","The Animator","egg","everything is the same but u backflip on backflip"],"gold_per_floor":[115,115,115,136,24,65,65,103,127,143,143,143],"floor_reached":11,"language":"ENG","playtime":351,"items_purged":[],"score":138,"play_id":"cd09332d-9365-41e9-8ddf-d5eb8136040d","local_time":"20210114021845","is_ascension_mode":true,"campfire_choices":[],"circlet_count":0,"master_deck":["AscendersBane","Strike_B","Strike_B","Strike_B","Strike_B","Defend_B","Defend_B","Defend_B","Defend_B","Zap","Dualcast","hubris:Despair","Mayhem","Coolheaded","Doom and Gloom","Coolheaded","Defragment","Double Energy","Compile Driver","Barrage","Consume"],"relics":["Cracked Core","Golden Idol","Ornamental Fan","hubris:Towel","StoneCalendar","hubris:BallOfYels"],"acts_visited":["Exordium"],"potions_floor_usage":[6,8],"damage_taken":[{"damage":3,"enemies":"2 Louse","floor":1,"turns":2},{"damage":0,"enemies":"Small Slimes","floor":4,"turns":2},{"damage":20,"enemies":"Lagavulin","floor":6,"turns":8},{"damage":17,"enemies":"3 Sentries","floor":8,"turns":9},{"damage":7,"enemies":"Jaw Worm","floor":10,"turns":3},{"damage":12,"enemies":"Gremlin Nob","floor":11,"turns":3}],"seed_played":"1928562770001860675","potions_obtained":[{"floor":1,"key":"GamblersBrew"},{"floor":4,"key":"DistilledChaos"},{"floor":10,"key":"SneckoOil"}],"is_trial":false,"path_per_floor":["M","?","?","M","$","E","?","E","T","M","E"],"character_chosen":"DEFECT","items_purchased":["Defragment","Double Energy"],"campfire_rested":0,"item_purchase_floors":[5,5],"current_hp_per_floor":[61,61,61,61,61,41,41,24,24,17,5,5],"gold":143,"neow_bonus":"RANDOM_COLORLESS_2","is_daily":false,"chose_seed":false,"campfire_upgraded":0,"win_rate":0.0,"timestamp":1610608725,"path_taken":["M","?","?","M","$","E","?","E","T","M","E"],"items_purchased_type":["Card","Card"],"build_version":"2020-12-22","purchased_purges":0,"victory":false,"max_hp_per_floor":[71,71,66,66,66,66,66,66,66,66,66,66],"card_choices":[{"not_picked":["Transmutation","Metamorphosis"],"picked":"Mayhem","floor":0},{"not_picked":["Skim","conspire:SharedLibrary"],"picked":"Coolheaded","floor":1},{"not_picked":["conspire:SharedLibrary","Gash"],"picked":"Coolheaded","floor":4},{"not_picked":["Sweeping Beam","Storm"],"picked":"Compile Driver","floor":6},{"not_picked":["Chaos","Aggregate"],"picked":"Barrage","floor":8},{"not_picked":["Turbo","Redo"],"picked":"Consume","floor":10}],"player_experience":2397122,"relics_obtained":[{"floor":6,"key":"Ornamental Fan"},{"floor":8,"key":"StoneCalendar"},{"floor":9,"key":"hubris:BallOfYels"}],"event_choices":[{"damage_healed":0,"gold_gain":0,"player_choice":"Lose Max HP","damage_taken":0,"relics_obtained":["Golden Idol"],"max_hp_gain":0,"max_hp_loss":5,"event_name":"Golden Idol","floor":3,"gold_loss":0}],"is_beta":false,"boss_relics":[],"items_purged_floors":[],"is_endless":false,"potions_floor_spawned":[1,4,10],"killed_by":"Gremlin Nob","ascension_level":14}}