{"host":"FirstDane","time":1610590503,"event":{"mods":["BaseMod","Bestiary","Highlight Path","Minty Spire (QoL Compilation)","Relic Stats","Slay the Relics Exporter"],"gold_per_floor":[112,122,122,137,155,190,190,219,219,219,248,268,296,315,315,389,389,409,442,150,150,168,168,168,168,168,194,214,230,230,246,246,323,323,342,342,360,25,247,282,295,330,380,380,392,405,432,448,448,448,448,448,448,143,173,173],"floor_reached":57,"language":"ENG","playtime":7757,"items_purged":["Strike_G","Strike_G+1","Strike_G+1"],"score":3109,"play_id":"3eb9330e-7133-4ece-a89d-ec513ebbcf3d","local_time":"20210113201503","is_ascension_mode":true,"campfire_choices":[{"floor":7.0,"key":"REST"},{"floor":10.0,"key":"REST"},{"data":"Bouncing Flask","floor":15.0,"key":"SMITH"},{"data":"Die Die Die","floor":23.0,"key":"SMITH"},{"floor":25.0,"key":"REST"},{"data":"Footwork","floor":30.0,"key":"SMITH"},{"data":"Noxious Fumes","floor":32.0,"key":"SMITH"},{"floor":44,"key":"RECALL"},{"data":"Catalyst","floor":49,"key":"SMITH"},{"data":"Neutralize","floor":53,"key":"SMITH"}],"circlet_count":0,"master_deck":["AscendersBane","Defend_G","Defend_G","Defend_G","Defend_G","Survivor","Neutralize+1","Die Die Die+1","Deadly Poison","Sucker Punch","Endless Agony","Calculated Gamble","Deflect","Bouncing Flask+1","Footwork+1","After Image","Noxious Fumes+1","Dodge and Roll","Crippling Poison","Acrobatics","Footwork","Catalyst+1","Escape Plan","Acrobatics+1","Caltrops+1","Catalyst+1","Bouncing Flask+1","Deflect+1","Deflect+1","Magnetism"],"relics":["Ring of the Serpent","Mummified Hand","Letter Opener","Calipers","FossilizedHelix","Odd Mushroom","Whetstone","Red Mask","OrangePellets","Eternal Feather","Smiling Mask","Coffee Dripper","Paper Crane","Pear","Strawberry","Toxic Egg 2","Turnip"],"acts_visited":["Exordium","TheCity","TheBeyond","TheEnding"],"potions_floor_usage":[40,55],"damage_taken":[{"damage":0.0,"enemies":"2 Louse","floor":1.0,"turns":2.0},{"damage":0.0,"enemies":"Small Slimes","floor":2.0,"turns":3.0},{"damage":2.0,"enemies":"Jaw Worm","floor":4.0,"turns":5.0},{"damage":8.0,"enemies":"Large Slime","floor":5.0,"turns":7.0},{"damage":26.0,"enemies":"3 Sentries","floor":6.0,"turns":8.0},{"damage":21.0,"enemies":"Lagavulin","floor":8.0,"turns":10.0},{"damage":0.0,"enemies":"3 Sentries","floor":11.0,"turns":7.0},{"damage":1.0,"enemies":"The Mushroom Lair","floor":12.0,"turns":4.0},{"damage":0.0,"enemies":"Gremlin Nob","floor":13.0,"turns":3.0},{"damage":0.0,"enemies":"2 Fungi Beasts","floor":14.0,"turns":2.0},{"damage":16.0,"enemies":"The Guardian","floor":16.0,"turns":10.0},{"damage":1.0,"enemies":"2 Thieves","floor":18.0,"turns":5.0},{"damage":26.0,"enemies":"Masked Bandits","floor":19.0,"turns":4.0},{"damage":0.0,"enemies":"Shell Parasite","floor":22.0,"turns":5.0},{"damage":14.0,"enemies":"Slavers","floor":27.0,"turns":5.0},{"damage":0.0,"enemies":"Snecko","floor":28.0,"turns":5.0},{"damage":0.0,"enemies":"Snake Plant","floor":29.0,"turns":3.0},{"damage":0.0,"enemies":"Cultist and Chosen","floor":31.0,"turns":5.0},{"damage":0.0,"enemies":"Automaton","floor":33.0,"turns":8.0},{"damage":0.0,"enemies":"3 Shapes","floor":35.0,"turns":3.0},{"damage":0.0,"enemies":"3 Darklings","floor":37.0,"turns":4.0},{"damage":0,"enemies":"Reptomancer","floor":40,"turns":5},{"damage":7,"enemies":"Jaw Worm Horde","floor":41,"turns":4},{"damage":0,"enemies":"Nemesis","floor":42,"turns":7},{"damage":0,"enemies":"Sphere and 2 Shapes","floor":45,"turns":4},{"damage":0,"enemies":"4 Shapes","floor":46,"turns":5},{"damage":0,"enemies":"Giant Head","floor":47,"turns":6},{"damage":0,"enemies":"Writhing Mass","floor":48,"turns":5},{"damage":16,"enemies":"Donu and Deca","floor":50,"turns":11},{"damage":24,"enemies":"Awakened One","floor":51,"turns":25},{"damage":34,"enemies":"Shield and Spear","floor":55,"turns":6},{"damage":37,"enemies":"The Heart","floor":56,"turns":8}],"seed_played":"-8867169252169429297","potions_obtained":[{"floor":2.0,"key":"Weak Potion"},{"floor":8.0,"key":"Explosive Potion"},{"floor":11.0,"key":"Explosive Potion"},{"floor":12.0,"key":"Strength Potion"},{"floor":13.0,"key":"LiquidBronze"},{"floor":16.0,"key":"Block Potion"},{"floor":27.0,"key":"Weak Potion"},{"floor":29.0,"key":"SkillPotion"},{"floor":33.0,"key":"DuplicationPotion"},{"floor":37.0,"key":"DuplicationPotion"},{"floor":41,"key":"FairyPotion"}],"is_trial":false,"path_per_floor":["M","M","?","M","M","E","R","E","T","R","E","?","E","M","R","B",null,"M","?","$","?","M","R","?","R","T","E","M","M","R","M","R","B",null,"M","?","M","$","?","E","M","E","T","R","M","M","E","M","R","B","B",null,"R","$","E","B",null],"character_chosen":"THE_SILENT","items_purchased":["OrangePellets","AttackPotion","Paper Crane","Deflect+1","Magnetism"],"campfire_rested":3,"item_purchase_floors":[20,20,38,54,54],"current_hp_per_floor":[59,59,59,57,49,23,41,20,20,38,38,37,37,37,37,21,50,49,23,23,23,23,23,7,26,26,12,12,12,27,27,42,42,59,59,59,59,59,59,69,62,69,69,82,82,82,82,82,82,66,42,72,82,82,48,11],"gold":173,"neow_bonus":"THREE_RARE_CARDS","is_daily":false,"chose_seed":false,"campfire_upgraded":6,"win_rate":0.0,"timestamp":1610590503,"path_taken":["M","M","?","M","M","E","R","E","T","R","E","?","E","M","R","BOSS","M","?","$","?","M","R","?","R","T","E","M","?","R","M","R","BOSS","M","?","M","$","?","E","M","E","T","R","M","M","E","M","R","BOSS","BOSS","R","$","E","BOSS"],"items_purchased_type":["Relic","Potion","Relic","Card","Card"],"build_version":"2020-12-18","purchased_purges":3,"victory":true,"max_hp_per_floor":[60,60,60,60,60,60,60,60,60,60,60,60,60,60,60,60,60,60,60,60,60,60,60,65,65,65,65,65,65,65,65,65,65,65,65,65,65,65,65,75,75,82,82,82,82,82,82,82,82,82,82,82,82,82,82,82],"relic_stats":{"OrangePellets":[9],"counters":[32,194],"Mummified Hand":[90],"Eternal Feather":53,"Turnip":[2],"Letter Opener":[702],"Whetstone":["Strike_G","Strike_G"],"Smiling Mask":125,"obtain_stats":[{"Calipers":9,"Pear":40,"Eternal Feather":26,"Letter Opener":8,"Whetstone":13,"Odd Mushroom":12,"Paper Crane":38,"Smiling Mask":27,"OrangePellets":20,"Mummified Hand":6,"Strawberry":42,"Turnip":55,"Red Mask":19,"Coffee Dripper":34,"Toxic Egg 2":47,"FossilizedHelix":11,"Ring of the Serpent":17,"Ring of the Snake":0},{"Calipers":6,"Pear":22,"Eternal Feather":14,"Letter Opener":6,"Whetstone":9,"Odd Mushroom":8,"Paper Crane":21,"Smiling Mask":15,"OrangePellets":13,"Mummified Hand":5,"Strawberry":24,"Turnip":31,"Red Mask":13,"Coffee Dripper":19,"Toxic Egg 2":27,"FossilizedHelix":7,"Ring of the Serpent":11,"Ring of the Snake":0},{"Calipers":35,"Pear":113,"Eternal Feather":75,"Letter Opener":35,"Whetstone":49,"Odd Mushroom":46,"Paper Crane":108,"Smiling Mask":80,"OrangePellets":70,"Mummified Hand":25,"Strawberry":124,"Turnip":186,"Red Mask":70,"Coffee Dripper":101,"Toxic Egg 2":139,"FossilizedHelix":42,"Ring of the Serpent":61,"Ring of the Snake":0}]},"card_choices":[{"not_picked":["Bullet Time","Doppelganger"],"picked":"Die Die Die","floor":0.0},{"not_picked":["Distraction","Sucker Punch"],"picked":"Quick Slash","floor":1.0},{"not_picked":["All Out Attack","Slice"],"picked":"Deadly Poison","floor":2.0},{"not_picked":["PiercingWail","Backflip"],"picked":"Endless Agony","floor":4.0},{"not_picked":["Tactician","Blade Dance","Acrobatics"],"picked":"SKIP","floor":5.0},{"not_picked":["Masterful Stab","Cloak And Dagger"],"picked":"Calculated Gamble","floor":6.0},{"not_picked":["Dodge and Roll","Dagger Throw","Finisher"],"picked":"SKIP","floor":8.0},{"not_picked":["Setup","Endless Agony"],"picked":"Deflect","floor":11.0},{"not_picked":["Deadly Poison","Flying Knee"],"picked":"Bouncing Flask","floor":12.0},{"not_picked":["Flying Knee","Slice","Blade Dance"],"picked":"SKIP","floor":13.0},{"not_picked":["Flying Knee","Slice","Blade Dance"],"picked":"SKIP","floor":13.0},{"not_picked":["Bane","Underhanded Strike"],"picked":"Footwork","floor":14.0},{"not_picked":["A Thousand Cuts","Tools of the Trade"],"picked":"After Image","floor":16.0},{"not_picked":["Quick Slash","Prepared"],"picked":"Noxious Fumes","floor":18.0},{"not_picked":["Masterful Stab","Setup"],"picked":"Dodge and Roll","floor":19.0},{"not_picked":["Dagger Throw","Slice"],"picked":"Footwork","floor":22.0},{"not_picked":["Deadly Poison","Blade Dance","Riddle With Holes"],"picked":"SKIP","floor":27.0},{"not_picked":["Sucker Punch","Endless Agony","Quick Slash+1"],"picked":"SKIP","floor":28.0},{"not_picked":["Outmaneuver+1","Acrobatics"],"picked":"Catalyst+1","floor":29.0},{"not_picked":["Quick Slash","Riddle With Holes+1"],"picked":"Escape Plan","floor":31.0},{"not_picked":["Outmaneuver","Deadly Poison"],"picked":"Acrobatics+1","floor":35.0},{"not_picked":["Endless Agony+1","Footwork","Flying Knee+1"],"picked":"SKIP","floor":37.0},{"not_picked":["Prepared","Acrobatics","Concentrate"],"picked":"SKIP","floor":40},{"not_picked":["Crippling Poison","Prepared"],"picked":"Caltrops+1","floor":41},{"not_picked":["Acrobatics","Finisher","Blur"],"picked":"SKIP","floor":42},{"not_picked":["A Thousand Cuts","Cloak And Dagger","Endless Agony"],"picked":"SKIP","floor":45},{"not_picked":["Backstab","Concentrate"],"picked":"Catalyst","floor":46},{"not_picked":["Slice","Outmaneuver+1"],"picked":"Bouncing Flask+1","floor":47},{"not_picked":["Poisoned Stab+1","Deadly Poison+1"],"picked":"Deflect+1","floor":48},{"not_picked":["Accuracy","Deadly Poison+1","Heel Hook+1"],"picked":"SKIP","floor":55}],"player_experience":3900711,"relics_obtained":[{"floor":6.0,"key":"Mummified Hand"},{"floor":8.0,"key":"Letter Opener"},{"floor":9.0,"key":"Calipers"},{"floor":11.0,"key":"FossilizedHelix"},{"floor":12.0,"key":"Odd Mushroom"},{"floor":13.0,"key":"Whetstone"},{"floor":19.0,"key":"Red Mask"},{"floor":26.0,"key":"Eternal Feather"},{"floor":27.0,"key":"Smiling Mask"},{"floor":40,"key":"Pear"},{"floor":42,"key":"Strawberry"},{"floor":47,"key":"Toxic Egg 2"},{"floor":55,"key":"Turnip"}],"event_choices":[{"damage_healed":0.0,"max_hp_gain":0.0,"max_hp_loss":0.0,"gold_gain":0.0,"cards_transformed":["Strike_G"],"event_name":"Living Wall","player_choice":"Change","floor":3.0,"gold_loss":0.0,"damage_taken":0.0,"cards_obtained":["Sucker Punch"]},{"damage_healed":0.0,"max_hp_gain":0.0,"max_hp_loss":0.0,"gold_gain":0.0,"event_name":"Mushrooms","player_choice":"Fought Mushrooms","floor":12.0,"gold_loss":0.0,"damage_taken":0.0},{"damage_healed":0.0,"max_hp_gain":0.0,"max_hp_loss":0.0,"gold_gain":0.0,"event_name":"Masked Bandits","player_choice":"Fought Bandits","floor":19.0,"gold_loss":0.0,"damage_taken":0.0},{"damage_healed":0.0,"max_hp_gain":0.0,"max_hp_loss":0.0,"gold_gain":0.0,"cards_transformed":["Strike_G","Defend_G"],"event_name":"Drug Dealer","player_choice":"Became Test Subject","floor":21.0,"gold_loss":0.0,"damage_taken":0.0,"cards_obtained":["Crippling Poison","Acrobatics"]},{"damage_healed":0.0,"max_hp_gain":5.0,"max_hp_loss":0.0,"gold_gain":0.0,"event_name":"Forgotten Altar","player_choice":"Shed Blood","floor":24.0,"gold_loss":0.0,"damage_taken":21.0},{"cards_removed":["Quick Slash"],"damage_healed":0.0,"max_hp_gain":0.0,"max_hp_loss":0.0,"gold_gain":0.0,"event_name":"Falling","player_choice":"Removed Attack","floor":36.0,"gold_loss":0.0,"damage_taken":0.0},{"damage_healed":0,"gold_gain":222,"player_choice":"Wore Mask","damage_taken":0,"max_hp_gain":0,"max_hp_loss":0,"event_name":"Tomb of Lord Red Mask","floor":39,"gold_loss":0}],"is_beta":true,"boss_relics":[{"not_picked":["Tiny House","WristBlade"],"picked":"Ring of the Serpent"},{"not_picked":["Black Star","SacredBark"],"picked":"Coffee Dripper"}],"items_purged_floors":[20,38,54],"is_endless":false,"potions_floor_spawned":[2,8,11,12,13,16,27,29,33,37,41,45],"ascension_level":20}}