{"host":"kqe6w2igxc79vo14","time":1610631381,"event":{"mods":["AchievementEnabler","BaseMod","Downfall","Minty Spire (QoL Compilation)","Quick Restart","StSLib"],"gold_per_floor":[116,116,129,129,139,171,171,171,197,197,197],"floor_reached":10,"language":"ENG","playtime":317,"items_purged":[],"score":105,"play_id":"24924ce1-582e-4f3b-969c-6f147509d7fe","local_time":"20210114153621","is_ascension_mode":true,"campfire_choices":[{"floor":8,"key":"REST"}],"circlet_count":0,"master_deck":["AscendersBane","Strike_R","Strike_R","Strike_R","Strike_R","Strike_R","Defend_R","Defend_R","Defend_R","Defend_R","Bash","expansioncontent:Corrupt","Inflame","Pommel Strike"],"relics":["Burning Blood","Nunchaku","Smiling Mask","Regal Pillow"],"acts_visited":["Exordium"],"potions_floor_usage":[7,7],"damage_taken":[{"damage":6,"enemies":"Small Slimes","floor":1,"turns":3},{"damage":0,"enemies":"2 Louse","floor":3,"turns":3},{"damage":11,"enemies":"Cultist","floor":5,"turns":4},{"damage":50,"enemies":"3 Sentries","floor":6,"turns":13},{"damage":20,"enemies":"Large Slime","floor":7,"turns":4},{"damage":34,"enemies":"Gremlin Nob","floor":10,"turns":3}],"seed_played":"-4409301965448458138","potions_obtained":[{"floor":5,"key":"SmokeBomb"},{"floor":6,"key":"Swift Potion"}],"is_trial":false,"path_per_floor":["M","?","M","?","M","E","M","R","T","E"],"character_chosen":"IRONCLAD","items_purchased":[],"campfire_rested":1,"item_purchase_floors":[],"current_hp_per_floor":[72,69,72,72,67,23,9,30,30,0,0],"gold":197,"neow_bonus":"RANDOM_COLORLESS_2","is_daily":false,"chose_seed":false,"campfire_upgraded":0,"win_rate":0.0,"timestamp":1610631381,"path_taken":["M","?","M","?","?","E","M","R","T","E"],"items_purchased_type":[],"build_version":"2020-12-22","purchased_purges":0,"victory":false,"max_hp_per_floor":[72,72,72,72,72,72,72,72,72,72,72],"card_choices":[{"not_picked":["Thinking Ahead","Apotheosis"],"picked":"expansioncontent:Corrupt","floor":0},{"not_picked":["Thunderclap","Blood for Blood","Perfected Strike"],"picked":"SKIP","floor":1},{"not_picked":["Power Through","Sentinel","Warcry"],"picked":"SKIP","floor":3},{"not_picked":["Seeing Red","Shockwave"],"picked":"Inflame","floor":5},{"not_picked":["Impervious","Inflame"],"picked":"Pommel Strike","floor":6}],"player_experience":898663,"relics_obtained":[{"floor":6,"key":"Smiling Mask"},{"floor":9,"key":"Regal Pillow"}],"event_choices":[{"damage_healed":0,"gold_gain":0,"player_choice":"Success","damage_taken":3,"relics_obtained":["Nunchaku"],"max_hp_gain":0,"max_hp_loss":0,"event_name":"Scrap Ooze","floor":2,"gold_loss":0},{"damage_healed":0,"gold_gain":0,"player_choice":"0 cards matched","damage_taken":0,"max_hp_gain":0,"max_hp_loss":0,"event_name":"Match and Keep!","floor":4,"gold_loss":0,"cards_obtained":[]}],"is_beta":false,"boss_relics":[],"items_purged_floors":[],"is_endless":false,"potions_floor_spawned":[5,6],"killed_by":"Gremlin Nob","ascension_level":11}}