{"host":"ecaj4hn004xnnrw9","time":1610634202,"event":{"mods":["AchievementEnabler","BaseMod","Better Third Choice","Hermit","Hubris","Infinite Spire","Jorbs\u0027s Wanderer Trilogy","Minty Spire (QoL Compilation)","Quick Restart","Shop Mod","StSLib","The Construct","The Jungle","The Runesmith"],"gold_per_floor":[110,60,60,71,85,119,136,136,186,212,54,54,69,85,85,182,182,199,47,62,73,73,73,73,73],"floor_reached":24,"language":"ENG","playtime":705,"items_purged":["Strike_P","Strike_P"],"score":218,"play_id":"96bf0002-2f54-46f0-bd21-5d9fb547f0cb","local_time":"20210114142322","is_ascension_mode":true,"campfire_choices":[{"data":"Conclude","floor":8,"key":"SMITH"},{"data":"Halt","floor":12,"key":"SMITH"},{"data":"Establishment","floor":15,"key":"SMITH"},{"floor":23,"key":"REST"}],"circlet_count":0,"master_deck":["Strike_P","Defend_P","Defend_P","Defend_P","Defend_P","Eruption+1","Vigilance","Conclude+1","FlyingSleeves","JustLucky","CutThroughFate","Halt+1","Consecrate","LessonLearned","Establishment+1","EmptyFist","SandsOfTime","BattleHymn+1","infinitespire:Collect","infinitespire:Oblivion+1"],"relics":["hubris:TerracottaHorce"],"acts_visited":["Exordium","TheCity"],"potions_floor_usage":[6,16,16,20,20,21],"damage_taken":[{"damage":0,"enemies":"2 Louse","floor":1,"turns":2},{"damage":0,"enemies":"Small Slimes","floor":4,"turns":1},{"damage":0,"enemies":"Cultist","floor":5,"turns":2},{"damage":15,"enemies":"Gremlin Nob","floor":6,"turns":4},{"damage":0,"enemies":"Gremlin Gang","floor":7,"turns":2},{"damage":18,"enemies":"Lagavulin","floor":10,"turns":3},{"damage":3,"enemies":"Exordium Wildlife","floor":13,"turns":3},{"damage":0,"enemies":"Looter","floor":14,"turns":2},{"damage":15,"enemies":"Hexaghost","floor":16,"turns":8},{"damage":38,"enemies":"2 Thieves","floor":18,"turns":4},{"damage":18,"enemies":"Shell Parasite","floor":20,"turns":5},{"damage":4,"enemies":"Cultist and Chosen","floor":21,"turns":4},{"damage":62,"enemies":"Slavers","floor":24,"turns":2}],"seed_played":"8092888329602533731","potions_obtained":[{"floor":1,"key":"EssenceOfSteel"},{"floor":7,"key":"FairyPotion"},{"floor":10,"key":"BlessingOfTheForge"},{"floor":14,"key":"ColorlessPotion"},{"floor":18,"key":"BlessingOfTheForge"},{"floor":20,"key":"Fruit Juice"}],"is_trial":false,"path_per_floor":["M","?","?","M","M","E","M","R","T","E","$","R","M","M","R","B",null,"M","$","M","M","AVR","R","E"],"character_chosen":"WATCHER","items_purchased":["LessonLearned","LiquidMemories"],"campfire_rested":1,"item_purchase_floors":[11,19],"current_hp_per_floor":[72,72,72,72,72,57,57,57,57,39,39,39,36,36,36,21,59,21,21,8,4,4,27,0,0],"gold":73,"neow_bonus":"BOSS_RELIC","is_daily":false,"chose_seed":false,"campfire_upgraded":3,"win_rate":0.0,"timestamp":1610634202,"path_taken":["M","?","?","M","?","E","M","R","T","E","$","R","M","M","R","BOSS","M","$","?","M","AVR","R","E"],"items_purchased_type":["Card","Potion"],"build_version":"2020-12-22","purchased_purges":2,"victory":false,"max_hp_per_floor":[72,72,72,72,72,72,72,72,72,72,72,72,72,72,72,72,72,72,72,77,77,77,77,77,77],"card_choices":[{"not_picked":["EmptyBody","SignatureMove"],"picked":"Conclude","floor":1},{"not_picked":["Crescendo","Halt"],"picked":"FlyingSleeves","floor":4},{"not_picked":["EmptyBody","FlyingSleeves"],"picked":"JustLucky","floor":5},{"not_picked":["Judgement","JustLucky"],"picked":"CutThroughFate","floor":6},{"not_picked":["WaveOfTheHand","FollowUp"],"picked":"Halt","floor":7},{"not_picked":["ClearTheMind","Halt"],"picked":"Consecrate","floor":10},{"not_picked":["Study","LikeWater"],"picked":"Establishment","floor":13},{"not_picked":["Protect","Adaptation"],"picked":"EmptyFist","floor":14},{"not_picked":["Protect","Pray"],"picked":"SandsOfTime","floor":18},{"not_picked":["WindmillStrike","MentalFortress"],"picked":"BattleHymn+1","floor":20},{"not_picked":["FollowUp","Consecrate","CutThroughFate"],"picked":"SKIP","floor":21}],"player_experience":339921,"relics_obtained":[],"event_choices":[{"cards_removed":["Strike_P"],"damage_healed":0,"gold_gain":0,"player_choice":"Card Removal","damage_taken":0,"max_hp_gain":0,"max_hp_loss":0,"event_name":"The Cleric","floor":2,"gold_loss":50},{"damage_healed":0,"gold_gain":0,"player_choice":"Upgraded","damage_taken":0,"max_hp_gain":0,"max_hp_loss":0,"event_name":"Upgrade Shrine","floor":3,"gold_loss":0,"cards_upgraded":["Eruption"]}],"is_beta":false,"boss_relics":[{"not_picked":["Calling Bell","Philosopher\u0027s Stone","VioletLotus"]}],"items_purged_floors":[19,22],"is_endless":false,"potions_floor_spawned":[1,7,10,14,18,20],"killed_by":"Slavers","ascension_level":1}}