{"host":"wls4juz2eplm44ig","time":1610585276,"event":{"mods":["AchievementEnabler","Act Like it!","AlwaysNeverKeys","Aspiration","BaseMod","Better Match","BetterRewards","Colored Map","Dark Map","Downfall","Elementarium","Evolution","GifTheSpireLib","Hubris","Infinite Spire","Marked Mod","Menagerie","Mimic Mod","Minty Spire (QoL Compilation)","Replay The Spire","Retaliation","Shade Mod","Shop Mod","Spikes Relics","StSLib","Stuff the Spire","Uncapped","vexMod","??????REMEMod"],"gold_per_floor":[115,135,155,205,220,220,246,246,246,25,51,0,0,35,35,138,138,138,138],"floor_reached":18,"language":"ENG","playtime":1016,"items_purged":["Blade Dance"],"score":245,"play_id":"72110c85-72bb-496b-b154-aa2a6192d7a5","local_time":"20210113174756","is_ascension_mode":true,"campfire_choices":[{"data":"Noxious Fumes","floor":6,"key":"SMITH"},{"floor":8,"key":"REST"},{"floor":13,"key":"REST"},{"floor":15,"key":"REST"}],"circlet_count":0,"master_deck":["Dagger Throw","Strike_G","Strike_G","Strike_G","Strike_G","Defend_G","Defend_G","Defend_G","Defend_G","Defend_G","Survivor","Neutralize","Secret Technique","Bouncing Flask","Poisoned Stab","Noxious Fumes+1","Venomology+1","Slice","ReplayTheSpireMod:Private Reserves+1","Deflect+1","Deflect+1","StuffTheSpire:MirrorStance+1","ReplayTheSpireMod:Necrosis+1"],"relics":["Ring of the Snake","EVO:Axolotl","REME_ComplimentaryCards","NeowsBlessing","Akabeko","Toxic Egg 2","infinitespire:Lucky Rock","Kunai","Unceasing Top","aspiration:RandomNobGenerator"],"acts_visited":["Exordium","TheCity"],"potions_floor_usage":[7,11,11,14,16],"damage_taken":[{"damage":0,"enemies":"Menagerie:StygianBoar","floor":1,"turns":1},{"damage":0,"enemies":"Menagerie:WhisperingWraith","floor":2,"turns":1},{"damage":0,"enemies":"Menagerie:MonstrousExperiment","floor":3,"turns":1},{"damage":9,"enemies":"Menagerie:BEAST_MAGE_AND_PROWLING_AMALGAM","floor":5,"turns":4},{"damage":26,"enemies":"Menagerie:MaskedSummoner","floor":7,"turns":5},{"damage":22,"enemies":"Menagerie:VoidReaper","floor":11,"turns":4},{"damage":14,"enemies":"Menagerie:Hydra","floor":14,"turns":4},{"damage":20,"enemies":"Menagerie:Suneater","floor":16,"turns":7},{"damage":80,"enemies":"3 Byrds","floor":18,"turns":4}],"seed_played":"-4684135551068092501","potions_obtained":[{"floor":5,"key":"FearPotion"},{"floor":7,"key":"Adrenaline Potion"}],"is_trial":false,"path_per_floor":["M","M","M","T","M","R","E","R","T","$","E","$","R","E","R","B",null,"M"],"character_chosen":"THE_SILENT","items_purchased":["Slice","ReplayTheSpireMod:Private Reserves+1","Deflect+1"],"campfire_rested":3,"item_purchase_floors":[10,10,12],"current_hp_per_floor":[63,63,63,63,54,54,28,49,49,49,27,27,48,34,55,35,61,0,0],"gold":138,"neow_bonus":"THREE_ENEMY_KILL","is_daily":false,"chose_seed":false,"campfire_upgraded":1,"win_rate":0.0,"timestamp":1610585276,"path_taken":["M","M","M","?","M","R","E","R","T","$","E","$","R","E","R","BOSS","M"],"items_purchased_type":["Card","Card","Card"],"build_version":"2020-12-22","purchased_purges":1,"victory":false,"max_hp_per_floor":[70,70,70,70,70,70,70,70,70,70,70,70,70,70,70,70,70,70,70],"card_choices":[{"not_picked":["Backflip","Dagger Throw"],"picked":"Bouncing Flask","floor":1},{"not_picked":["hubris:Sniper","Hidden Blade"],"picked":"Blade Dance","floor":2},{"not_picked":["Deflect","Backflip"],"picked":"Poisoned Stab","floor":3},{"not_picked":["Terror","Bouncing Flask"],"picked":"Noxious Fumes","floor":5},{"not_picked":["Predator","Acrobatics+1"],"picked":"Venomology+1","floor":7},{"not_picked":["StuffTheSpire:ClusterCrunch","hubris:SlightOfHand+1"],"picked":"Deflect+1","floor":11},{"not_picked":["Dodge and Roll+1","Acrobatics+1"],"picked":"StuffTheSpire:MirrorStance+1","floor":14},{"not_picked":["Replay:Bag of Tricks+1","Atom Bomb"],"picked":"ReplayTheSpireMod:Necrosis+1","floor":16}],"player_experience":650841,"relics_obtained":[{"floor":4,"key":"Akabeko"},{"floor":7,"key":"Toxic Egg 2"},{"floor":9,"key":"infinitespire:Lucky Rock"},{"floor":11,"key":"Kunai"},{"floor":14,"key":"Unceasing Top"}],"event_choices":[],"is_beta":false,"boss_relics":[{"not_picked":["aspiration:RunicSpoon","REME_ChargedStone"],"picked":"aspiration:RandomNobGenerator"}],"items_purged_floors":[10],"is_endless":false,"potions_floor_spawned":[5,7],"killed_by":"3 Byrds","ascension_level":9}}