{"host":"t1puqh5lxz8sp6fn","time":1610651947,"event":{"mods":["AchievementEnabler","BaseMod","Colored Powertips","Minty Spire (QoL Compilation)","Rare Cards Sparkle","StSLib"],"gold_per_floor":[363,1,13,27,27,58,68,68,92,125,0,15,15,15,15,115,115,115,25,36,55,66,93,93,106,132,132,132,51,51,379,379,475,475,489,507,507,507,522,522,549,549,549,101,118,46,46,57,57,57,57,57,7,7,7],"floor_reached":54,"playtime":2410,"items_purged":["Defend_B","Writhe"],"score":1098,"play_id":"1b265ecf-8444-466c-b32d-0a03c59db02d","local_time":"20210114161907","is_ascension_mode":true,"campfire_choices":[{"floor":8.0,"key":"REST"},{"floor":15.0,"key":"REST"},{"floor":24,"key":"REST"},{"floor":30,"key":"REST"},{"data":"White Noise","floor":32,"key":"SMITH"},{"floor":40,"key":"RECALL"},{"data":"Buffer","floor":42,"key":"SMITH"},{"data":"Buffer","floor":47,"key":"SMITH"},{"floor":49,"key":"REST"},{"data":"Loop","floor":52,"key":"SMITH"}],"circlet_count":0,"master_deck":["AscendersBane","Defend_B+1","Zap","Dualcast","White Noise+1","Conserve Battery+1","Conserve Battery","FTL","Compile Driver","Glacier","Cold Snap","Machine Learning+1","Buffer+1","Aggregate","Doom and Gloom","Loop+1","White Noise+1","Beam Cell","Discovery","Self Repair","Buffer+1","Stack+1","Thunder Strike+1","Storm+1","Fusion+1","Steam Power+1","Static Discharge","White Noise"],"relics":["Cracked Core","Torii","Centennial Puzzle","Bag of Marbles","DataDisk","SlaversCollar","War Paint","Bronze Scales","Old Coin","Astrolabe","Bottled Lightning","Lee\u0027s Waffle"],"acts_visited":["Exordium","TheCity","TheBeyond","TheEnding"],"potions_floor_usage":[23,33,33,50,54],"damage_taken":[{"damage":0.0,"enemies":"2 Louse","floor":1.0,"turns":2.0},{"damage":1.0,"enemies":"Cultist","floor":3.0,"turns":3.0},{"damage":1.0,"enemies":"Small Slimes","floor":4.0,"turns":3.0},{"damage":26.0,"enemies":"Lagavulin","floor":6.0,"turns":7.0},{"damage":8.0,"enemies":"Exordium Wildlife","floor":7.0,"turns":6.0},{"damage":22.0,"enemies":"3 Sentries","floor":10.0,"turns":10.0},{"damage":0.0,"enemies":"Gremlin Gang","floor":12.0,"turns":3.0},{"damage":1.0,"enemies":"Hexaghost","floor":16.0,"turns":9.0},{"damage":0.0,"enemies":"3 Byrds","floor":18.0,"turns":2.0},{"damage":0.0,"enemies":"Chosen","floor":20.0,"turns":5.0},{"damage":20.0,"enemies":"Centurion and Healer","floor":21.0,"turns":9.0},{"damage":7.0,"enemies":"Snake Plant","floor":22.0,"turns":5.0},{"damage":23,"enemies":"Slavers","floor":23,"turns":7},{"damage":6,"enemies":"Snecko","floor":25,"turns":5},{"damage":0,"enemies":"Book of Stabbing","floor":31,"turns":6},{"damage":8,"enemies":"Collector","floor":33,"turns":12},{"damage":30,"enemies":"3 Shapes","floor":35,"turns":4},{"damage":10,"enemies":"3 Darklings","floor":36,"turns":3},{"damage":13,"enemies":"4 Shapes","floor":39,"turns":2},{"damage":14,"enemies":"Giant Head","floor":41,"turns":8},{"damage":32,"enemies":"Jaw Worm Horde","floor":45,"turns":3},{"damage":28,"enemies":"Transient","floor":48,"turns":5},{"damage":36,"enemies":"Time Eater","floor":50,"turns":8},{"damage":80,"enemies":"Shield and Spear","floor":54,"turns":5}],"seed_played":"-1006932157196307500","potions_obtained":[{"floor":3.0,"key":"SmokeBomb"},{"floor":6.0,"key":"Strength Potion"},{"floor":7.0,"key":"LiquidMemories"},{"floor":12.0,"key":"LiquidBronze"},{"floor":21.0,"key":"ColorlessPotion"},{"floor":22.0,"key":"PotionOfCapacity"},{"floor":31,"key":"Strength Potion"},{"floor":45,"key":"SpeedPotion"}],"is_trial":false,"path_per_floor":["M","$","M","M","?","E","M","R","T","E","$","M","?","?","R","B",null,"M","?","M","M","M","E","R","M","T","?","$","$","R","E","R","B",null,"M","M","?","?","M","R","E","R","T","$","M","$","R","M","R","B",null,"R","$","E"],"character_chosen":"DEFECT","items_purchased":["Torii","AttackPotion","AttackPotion","Discovery","Lee\u0027s Waffle","DuplicationPotion","Dexterity Potion","Static Discharge","Regen Potion","FocusPotion"],"campfire_rested":5,"item_purchase_floors":[2,2,11,29,44,44,44,44,46,53],"current_hp_per_floor":[50,50,49,48,48,22,14,36,36,14,14,14,14,14,36,35,65,65,65,65,45,38,15,37,31,31,31,31,31,53,53,53,52,69,46,43,43,62,49,49,42,42,42,82,50,50,50,29,53,39,71,71,71,0,0],"gold":7,"neow_bonus":"TWO_FIFTY_GOLD","is_daily":false,"chose_seed":false,"campfire_upgraded":4,"win_rate":0.0,"timestamp":1610651947,"path_taken":["M","$","M","M","?","E","?","R","T","E","$","M","?","?","R","BOSS","M","?","?","M","M","E","R","M","T","?","?","$","R","E","R","BOSS","M","M","?","?","M","R","E","R","T","$","M","$","R","M","R","BOSS","R","$","E"],"items_purchased_type":["Relic","Potion","Potion","Card","Relic","Potion","Potion","Card","Potion","Potion"],"build_version":"2020-12-13","purchased_purges":2,"victory":false,"max_hp_per_floor":[75,75,75,75,75,75,75,75,75,75,75,75,75,75,75,75,75,75,75,75,75,75,75,75,75,75,75,75,75,75,75,75,75,75,75,75,75,75,75,75,75,75,75,82,82,82,82,82,82,82,82,82,82,82,82],"card_choices":[{"not_picked":["Sweeping Beam","Aggregate"],"picked":"White Noise","floor":1.0},{"not_picked":["Redo","Hologram"],"picked":"Conserve Battery","floor":3.0},{"not_picked":["Turbo","Skim"],"picked":"Conserve Battery","floor":4.0},{"not_picked":["Conserve Battery","Compile Driver"],"picked":"FTL","floor":6.0},{"not_picked":["Stack","Conserve Battery"],"picked":"Compile Driver","floor":7.0},{"not_picked":["Recycle","All For One"],"picked":"Glacier","floor":10.0},{"not_picked":["Gash","Leap"],"picked":"Cold Snap","floor":12.0},{"not_picked":["Seek","Fission"],"picked":"Buffer","floor":16.0},{"not_picked":["Steam Power","Compile Driver"],"picked":"Aggregate","floor":20.0},{"not_picked":["Scrape+1","Recycle"],"picked":"Doom and Gloom","floor":21.0},{"not_picked":["Redo","FTL"],"picked":"Loop","floor":22.0},{"not_picked":["Leap","Double Energy"],"picked":"White Noise","floor":23},{"not_picked":["Go for the Eyes","Beam Cell+1","Steam"],"picked":"SKIP","floor":25},{"not_picked":["Fission","Coolheaded+1"],"picked":"Self Repair","floor":31},{"not_picked":["Creative AI","Meteor Strike"],"picked":"Buffer","floor":33},{"not_picked":["Rebound","Compile Driver+1"],"picked":"Fusion+1","floor":35},{"not_picked":["FTL","Barrage+1","Force Field"],"picked":"SKIP","floor":36},{"not_picked":["Steam+1","Beam Cell","Leap"],"picked":"SKIP","floor":39},{"not_picked":["Biased Cognition","Steam Power+1","Redo"],"picked":"SKIP","floor":41},{"not_picked":["Biased Cognition","Redo"],"picked":"Steam Power+1","floor":41},{"not_picked":["Steam Power+1","Barrage+1","Steam+1"],"picked":"SKIP","floor":45},{"not_picked":["Gash","Hologram+1"],"picked":"White Noise","floor":48}],"player_experience":429827,"relics_obtained":[{"floor":6.0,"key":"Centennial Puzzle"},{"floor":9.0,"key":"Bag of Marbles"},{"floor":10.0,"key":"DataDisk"},{"floor":23,"key":"War Paint"},{"floor":26,"key":"Bronze Scales"},{"floor":31,"key":"Old Coin"},{"floor":41,"key":"Bottled Lightning"}],"event_choices":[{"damage_healed":0.0,"max_hp_gain":0.0,"max_hp_loss":0.0,"gold_gain":0.0,"event_name":"Upgrade Shrine","player_choice":"Upgraded","floor":5.0,"gold_loss":0.0,"damage_taken":0.0,"cards_upgraded":["White Noise"]},{"damage_healed":0.0,"max_hp_gain":0.0,"max_hp_loss":0.0,"gold_gain":0.0,"event_name":"Golden Wing","player_choice":"Ignored","floor":13.0,"gold_loss":0.0,"damage_taken":0.0},{"damage_healed":0.0,"max_hp_gain":0.0,"max_hp_loss":0.0,"gold_gain":0.0,"cards_transformed":["Strike_B"],"event_name":"Living Wall","player_choice":"Change","floor":14.0,"gold_loss":0.0,"damage_taken":0.0,"cards_obtained":["Machine Learning"]},{"cards_removed":["Strike_B"],"damage_healed":0.0,"max_hp_gain":0.0,"max_hp_loss":0.0,"gold_gain":0.0,"event_name":"Designer","player_choice":"Upgrade and Remove","floor":19.0,"gold_loss":90.0,"damage_taken":0.0,"cards_upgraded":["Machine Learning"]},{"damage_healed":0,"gold_gain":0,"cards_transformed":["Strike_B"],"player_choice":"Transformed","damage_taken":0,"max_hp_gain":0,"max_hp_loss":0,"event_name":"Transmorgrifier","floor":27,"gold_loss":0,"cards_obtained":["Beam Cell"]},{"damage_healed":0,"gold_gain":0,"player_choice":"Ignored","damage_taken":0,"max_hp_gain":0,"max_hp_loss":0,"event_name":"Tomb of Lord Red Mask","floor":37,"gold_loss":0},{"damage_healed":19,"gold_gain":0,"player_choice":"Writhe","damage_taken":0,"max_hp_gain":0,"max_hp_loss":0,"event_name":"Winding Halls","floor":38,"gold_loss":0,"cards_obtained":["Writhe"]}],"is_beta":false,"boss_relics":[{"not_picked":["Runic Dome","Fusion Hammer"],"picked":"SlaversCollar"},{"not_picked":["Velvet Choker","FrozenCore"],"picked":"Astrolabe"}],"items_purged_floors":[11,44],"is_endless":false,"potions_floor_spawned":[3,6,7,12,21,22,31,45],"killed_by":"Shield and Spear","ascension_level":10}}