{"host":"uzp1tn8qxn9571p9","time":1610621652,"event":{"mods":["BaseMod","Colored Powertips","Hermit","Minty Spire (QoL Compilation)","Robot Space Explorer","StSLib","The Hierophant","The Marked"],"gold_per_floor":[118,43,118,130,146,172,347,12,92,111,121,46,46,74,74,74,74],"floor_reached":16,"language":"ZHS","playtime":1047,"items_purged":["hierophant:Strike_Hierophant","Doubt"],"score":110,"play_id":"5652dc49-4d1c-4994-9210-095352d79e3a","local_time":"20210114185412","is_ascension_mode":false,"campfire_choices":[{"data":"hierophant:ArchangelShield","floor":13,"key":"SMITH"},{"data":"hierophant:Doomsaying","floor":15,"key":"SMITH"}],"circlet_count":0,"master_deck":["hierophant:Strike_Hierophant","hierophant:Strike_Hierophant","hierophant:Strike_Hierophant","hierophant:Punish","hierophant:Defend_Hierophant","hierophant:Defend_Hierophant","hierophant:Defend_Hierophant","hierophant:Defend_Hierophant","hierophant:ChurchCoffers","hierophant:FieryStrike","hierophant:Zeal","hierophant:RepressedViolence","hierophant:Encroach","hierophant:PristineSoul","hierophant:Exaltation","hierophant:ArchangelShield+1","hierophant:Doomsaying+1"],"relics":["hierophant:PropheticMaskRelic","Blood Vial","Bag of Marbles","HornCleat","Art of War"],"acts_visited":["Exordium"],"potions_floor_usage":[6,6],"damage_taken":[{"damage":1,"enemies":"Jaw Worm","floor":1,"turns":5},{"damage":0,"enemies":"2 Louse","floor":4,"turns":1},{"damage":0,"enemies":"Small Slimes","floor":5,"turns":3},{"damage":22,"enemies":"3 Sentries","floor":6,"turns":6},{"damage":2,"enemies":"2 Fungi Beasts","floor":10,"turns":2},{"damage":10,"enemies":"Large Slime","floor":11,"turns":6},{"damage":26,"enemies":"Gremlin Nob","floor":14,"turns":5},{"damage":19,"enemies":"Hexaghost","floor":16,"turns":9}],"seed_played":"-315840254808983054","potions_obtained":[{"floor":1,"key":"DistilledChaos"},{"floor":5,"key":"DuplicationPotion"},{"floor":6,"key":"LiquidBronze"}],"is_trial":false,"path_per_floor":["M","$","?","M","M","E","?","$","T","M","M","$","R","E","R","B"],"character_chosen":"HIEROPHANT","items_purchased":["hierophant:PristineSoul","Bag of Marbles","hierophant:ArchangelShield"],"campfire_rested":0,"item_purchase_floors":[8,8,12],"current_hp_per_floor":[81,81,70,70,70,48,48,48,48,48,40,40,40,16,16,0,0],"gold":74,"neow_bonus":"TEN_PERCENT_HP_BONUS","is_daily":false,"chose_seed":false,"campfire_upgraded":2,"win_rate":0.0,"timestamp":1610621652,"path_taken":["M","$","?","M","M","E","?","?","T","M","?","$","R","E","R","BOSS"],"items_purchased_type":["Card","Relic","Card"],"build_version":"2020-12-22","purchased_purges":2,"victory":false,"max_hp_per_floor":[82,82,82,82,82,82,82,82,82,82,82,82,82,82,82,82,82],"card_choices":[{"not_picked":["hierophant:Charity","hierophant:FlamingChariot"],"picked":"hierophant:FieryStrike","floor":1},{"not_picked":["hierophant:ConvertCurrency","hierophant:HolyVerse"],"picked":"hierophant:Zeal","floor":4},{"not_picked":["hierophant:Shelter","hierophant:Smite"],"picked":"hierophant:RepressedViolence","floor":5},{"not_picked":["hierophant:MorningPrayer","hierophant:Empathy"],"picked":"hierophant:Encroach","floor":6},{"not_picked":["hierophant:Alms","hierophant:PassingBell"],"picked":"hierophant:Exaltation","floor":10},{"not_picked":["hierophant:Purify","hierophant:DisplayOfPower","hierophant:RepressedViolence"],"picked":"SKIP","floor":11},{"not_picked":["hierophant:DisplayOfPower","hierophant:Alms"],"picked":"hierophant:Doomsaying","floor":14}],"player_experience":348824,"relics_obtained":[{"floor":6,"key":"Blood Vial"},{"floor":9,"key":"HornCleat"},{"floor":14,"key":"Art of War"}],"event_choices":[{"damage_healed":0,"gold_gain":75,"player_choice":"Gather Gold","damage_taken":11,"max_hp_gain":0,"max_hp_loss":0,"event_name":"World of Goop","floor":3,"gold_loss":0},{"damage_healed":0,"gold_gain":175,"player_choice":"AGREE","damage_taken":0,"max_hp_gain":0,"max_hp_loss":0,"event_name":"Liars Game","floor":7,"gold_loss":0,"cards_obtained":["Doubt"]}],"is_beta":false,"boss_relics":[],"items_purged_floors":[2,8],"is_endless":false,"potions_floor_spawned":[1,5,6],"killed_by":"Hexaghost","ascension_level":0}}