{"host":"6ilae7ewjeys3uzr","time":1610648666,"event":{"mods":["AchievementEnabler","BaseMod","Hermit","Marisa????????","Minty Spire (QoL Compilation)","Quick Restart","StSLib","The Cursed"],"gold_per_floor":[213,229,154,154,167,195,195,195,195,195,95,107,136,149,149,246,246,266,278,289,204,91,91,91,124,124,124,137,137,137,137,137,137,137],"floor_reached":33,"language":"ENG","playtime":1006,"items_purged":["Strike_B","Strike_B","Strike_B"],"score":273,"play_id":"68d5dfc4-ae44-4b92-a11e-26dfc7b8aef6","local_time":"20210114192426","is_ascension_mode":false,"campfire_choices":[{"floor":7,"key":"REST"},{"floor":15,"key":"REST"},{"floor":23,"key":"REST"},{"floor":32,"key":"REST"}],"circlet_count":0,"master_deck":["Defend_B","Defend_B","Zap","Dualcast","Sweeping Beam"],"relics":["Cracked Core","Tiny Chest","Cables","Lizard Tail","Fusion Hammer","MawBank","Pen Nib","Happy Flower","Gremlin Horn","Omamori","Lantern"],"acts_visited":["Exordium","TheCity"],"potions_floor_usage":[13,16,25,25,25,33,33],"damage_taken":[{"damage":0,"enemies":"2 Louse","floor":1,"turns":1},{"damage":1,"enemies":"Cultist","floor":2,"turns":4},{"damage":3,"enemies":"Jaw Worm","floor":5,"turns":4},{"damage":43,"enemies":"3 Sentries","floor":6,"turns":9},{"damage":5,"enemies":"2 Fungi Beasts","floor":12,"turns":3},{"damage":21,"enemies":"Lagavulin","floor":13,"turns":6},{"damage":16,"enemies":"Exordium Wildlife","floor":14,"turns":4},{"damage":22,"enemies":"Slime Boss","floor":16,"turns":8},{"damage":20,"enemies":"3 Byrds","floor":18,"turns":3},{"damage":0,"enemies":"Chosen","floor":19,"turns":4},{"damage":18,"enemies":"Snake Plant","floor":20,"turns":4},{"damage":6,"enemies":"Slavers","floor":25,"turns":4},{"damage":27,"enemies":"Cultist and Chosen","floor":28,"turns":6},{"damage":123,"enemies":"Automaton","floor":33,"turns":12}],"seed_played":"3751806095520509134","potions_obtained":[{"floor":12,"key":"Regen Potion"},{"floor":13,"key":"FocusPotion"},{"floor":16,"key":"Dexterity Potion"},{"floor":18,"key":"ColorlessPotion"},{"floor":19,"key":"SkillPotion"},{"floor":25,"key":"ColorlessPotion"},{"floor":28,"key":"Regen Potion"}],"is_trial":false,"path_per_floor":["M","M","$","?","M","E","R","?","T","?","$","M","E","M","R","B",null,"M","M","M","?","$","R","T","E","T","$","M","$","?","T","R","B"],"character_chosen":"DEFECT","items_purchased":[],"campfire_rested":4,"item_purchase_floors":[],"current_hp_per_floor":[75,74,74,74,71,28,50,50,50,43,43,38,32,16,38,16,75,55,55,37,37,37,59,59,53,53,53,26,26,26,26,48,0,0],"gold":137,"neow_bonus":"HUNDRED_GOLD","is_daily":false,"chose_seed":false,"campfire_upgraded":0,"win_rate":0.0,"timestamp":1610648666,"path_taken":["M","M","$","?","?","E","R","?","T","?","$","M","E","M","R","BOSS","M","M","M","?","$","R","?","E","T","?","?","$","?","?","R","BOSS"],"items_purchased_type":[],"build_version":"2020-12-22","purchased_purges":3,"victory":false,"max_hp_per_floor":[75,75,75,75,75,75,75,75,75,75,75,75,75,75,75,75,75,75,75,75,75,75,75,75,75,75,75,75,75,75,75,75,75,75],"card_choices":[{"not_picked":["Leap","Barrage","Cold Snap"],"picked":"SKIP","floor":1},{"not_picked":["Loop","Coolheaded","Beam Cell"],"picked":"SKIP","floor":2},{"not_picked":["Lockon","White Noise","Cold Snap"],"picked":"SKIP","floor":5},{"not_picked":["Rainbow","Cold Snap","Gash"],"picked":"SKIP","floor":6},{"not_picked":["Reprogram","Steam","Force Field"],"picked":"SKIP","floor":12},{"not_picked":["Cold Snap","Genetic Algorithm","Conserve Battery"],"picked":"SKIP","floor":13},{"not_picked":["Melter","Recycle","Steam"],"picked":"SKIP","floor":14},{"not_picked":["Turbo","Gash","Rebound"],"picked":"SKIP","floor":18},{"not_picked":["Beam Cell","Redo","Conserve Battery"],"picked":"SKIP","floor":19},{"not_picked":["Chaos","Hologram+1","Rebound"],"picked":"SKIP","floor":20},{"not_picked":["Genetic Algorithm","Turbo","Stack+1"],"picked":"SKIP","floor":25},{"not_picked":["Force Field+1","Barrage","Sweeping Beam+1"],"picked":"SKIP","floor":28}],"player_experience":253690,"relics_obtained":[{"floor":6,"key":"Tiny Chest"},{"floor":9,"key":"Cables"},{"floor":13,"key":"Lizard Tail"},{"floor":24,"key":"Pen Nib"},{"floor":25,"key":"Happy Flower"},{"floor":26,"key":"Gremlin Horn"},{"floor":31,"key":"Lantern"}],"event_choices":[{"damage_healed":0,"gold_gain":0,"cards_transformed":["Strike_B"],"player_choice":"Transformed","damage_taken":0,"max_hp_gain":0,"max_hp_loss":0,"event_name":"Transmorgrifier","floor":4,"gold_loss":0,"cards_obtained":["Sweeping Beam"]},{"cards_removed":["Defend_B"],"damage_healed":0,"gold_gain":0,"player_choice":"Forget","damage_taken":0,"max_hp_gain":0,"max_hp_loss":0,"event_name":"Living Wall","floor":8,"gold_loss":0},{"cards_removed":["Defend_B"],"damage_healed":0,"gold_gain":0,"player_choice":"Card Removal","damage_taken":7,"max_hp_gain":0,"max_hp_loss":0,"event_name":"Golden Wing","floor":10,"gold_loss":0},{"damage_healed":0,"gold_gain":0,"player_choice":"Obtained Relic","damage_taken":0,"relics_obtained":["MawBank"],"max_hp_gain":0,"max_hp_loss":0,"event_name":"Addict","floor":21,"gold_loss":85},{"damage_healed":0,"gold_gain":0,"player_choice":"Opened","damage_taken":0,"relics_obtained":["Omamori"],"max_hp_gain":0,"max_hp_loss":0,"event_name":"The Mausoleum","floor":30,"gold_loss":0}],"is_beta":false,"boss_relics":[{"not_picked":["Coffee Dripper","Black Star"],"picked":"Fusion Hammer"}],"items_purged_floors":[3,11,22],"is_endless":false,"potions_floor_spawned":[12,13,16,18,19,25,28],"killed_by":"Automaton","ascension_level":0}}