{"host":"a4220vmwe0snk9yx","time":1610643816,"event":{"mods":["100% Spire Juice","AchievementEnabler","BaseMod","Bestiary","Better Altar","Better Skull","BetterRewards","CapriCore","Card Forge","Chen","Gold Saver","HololiveMod","Koishi","Marisa（霧雨　魔理沙）","Minty Spire (QoL Compilation)","Prisma Mod","Reimu（博??梦）","StSLib","SuperFastMode","The Alterego","The Animator","The Immortal","The Wild Card","Waifu the Spire","WarShipGirlsR/??少女R mod","Yakumo Yukari mod"],"gold_per_floor":[346,346,365,396,407,437,447,447,447,447,489,512,528,561,561,561,561],"floor_reached":16,"language":"ENG","playtime":1701,"items_purged":[],"score":198,"play_id":"adc380b9-fa42-4b66-b299-b52bb1d6d8f0","local_time":"20210114120336","is_ascension_mode":true,"campfire_choices":[{"data":"animator:Kyubey","floor":8,"key":"SMITH"},{"data":"animator:AcuraAkari","floor":10,"key":"SMITH"},{"data":"animator:AcuraAkari","floor":15,"key":"SMITH"}],"circlet_count":0,"master_deck":["AscendersBane","animator:Strike_MadokaMagica","animator:Defend_MadokaMagica","animator:Strike","animator:Strike","animator:Defend","animator:Defend","animator:Defend","animator:IrohaTamaki","animator:YuiTsuruno","animator:Kyubey+1","animator:Viivi","animator:CrowleyEusford","animator:MamiTomoe","animator:AcuraAkari+1","animator:MadokaKaname","animator:DolaStephanie","animator:YachiyoNanami","animator:AcuraAkari+1"],"relics":["animator:LivingPicture","animator:TheMissingPiece","Hammer of Thor","Seething Fire","Anvil of the Gods","Bag of Preparation","animator:ShionDessert","Tea:ReiMu","animator:WornHelmet"],"acts_visited":["Exordium"],"potions_floor_usage":[7,14,14,16],"damage_taken":[{"damage":0,"enemies":"Small Slimes","floor":1,"turns":3},{"damage":0,"enemies":"Cultist","floor":3,"turns":3},{"damage":0,"enemies":"2 Louse","floor":4,"turns":2},{"damage":26,"enemies":"Gremlin Gang","floor":5,"turns":5},{"damage":11,"enemies":"Gremlin Nob","floor":6,"turns":3},{"damage":18,"enemies":"Large Slime","floor":7,"turns":5},{"damage":7,"enemies":"Lagavulin","floor":11,"turns":3},{"damage":0,"enemies":"2 Fungi Beasts","floor":12,"turns":3},{"damage":0,"enemies":"Looter","floor":13,"turns":2},{"damage":9,"enemies":"3 Sentries","floor":14,"turns":7},{"damage":14,"enemies":"Slime Boss","floor":16,"turns":3}],"seed_played":"-7330964174721172091","potions_obtained":[{"floor":4,"key":"ZuzhouPotion:ReiMu"},{"floor":5,"key":"Block Potion"},{"floor":7,"key":"Swift Potion"},{"floor":12,"key":"Strength Potion"},{"floor":14,"key":"AttackPotion"}],"is_trial":false,"path_per_floor":["M","?","M","M","M","E","M","R","T","R","E","M","M","E","R","B"],"character_chosen":"THE_ANIMATOR","items_purchased":[],"campfire_rested":0,"item_purchase_floors":[],"current_hp_per_floor":[59,59,59,59,34,24,12,12,12,12,5,11,11,11,11,0,0],"gold":561,"neow_bonus":"ONE_RANDOM_RARE_CARD","is_daily":false,"chose_seed":false,"campfire_upgraded":3,"win_rate":0.0,"timestamp":1610643816,"path_taken":["M","?","M","M","?","E","M","R","T","R","E","M","M","E","R","BOSS"],"items_purchased_type":[],"build_version":"2020-12-22","purchased_purges":0,"victory":false,"max_hp_per_floor":[66,66,66,66,67,68,68,68,68,68,68,68,68,68,68,68,68],"card_choices":[{"not_picked":["animator:ZankiKiguchi","animator:CrowleyEusford"],"picked":"animator:Viivi","floor":1},{"not_picked":["animator:ChaikaBohdan","animator:DolaSchwi","animator:Mitsuba"],"picked":"SKIP","floor":3},{"not_picked":["animator:SuzuneAmano","animator:Assassin"],"picked":"animator:MamiTomoe","floor":4},{"not_picked":["animator:Layla","animator:AcuraTooru"],"picked":"animator:AcuraAkari","floor":5},{"not_picked":["animator:Gilgamesh","animator:TsurugaMeisai"],"picked":"animator:MadokaKaname","floor":6},{"not_picked":["animator:Lancer","animator:DolaSchwi","animator:Emonzaemon"],"picked":"SKIP","floor":7},{"not_picked":["animator:Bozes","animator:MadokaKaname"],"picked":"animator:DolaStephanie","floor":11},{"not_picked":["animator:YuiTsuruno","animator:NagisaMomoe"],"picked":"animator:YachiyoNanami","floor":12},{"not_picked":["animator:YuiTsuruno","animator:UneriGinkaku","animator:DolaStephanie"],"picked":"SKIP","floor":13},{"not_picked":["animator:Viivi","animator:Alexander"],"picked":"animator:AcuraAkari","floor":14}],"player_experience":912753,"relics_obtained":[{"floor":6,"key":"Bag of Preparation"},{"floor":9,"key":"animator:ShionDessert"},{"floor":11,"key":"Tea:ReiMu"},{"floor":14,"key":"animator:WornHelmet"}],"event_choices":[{"damage_healed":0,"gold_gain":0,"cards_transformed":["animator:Strike"],"player_choice":"Transformed","damage_taken":0,"max_hp_gain":0,"max_hp_loss":0,"event_name":"Transmorgrifier","floor":2,"gold_loss":0,"cards_obtained":["animator:CrowleyEusford"]}],"is_beta":false,"boss_relics":[],"items_purged_floors":[],"is_endless":false,"potions_floor_spawned":[4,5,7,12,14],"killed_by":"Slime Boss","ascension_level":12}}