{"host":"ELF","time":1610653548,"event":{"mods":["BaseMod","Minty Spire (QoL Compilation)"],"gold_per_floor":[111,131,96,115,115,115,148,148,148,148,160,160,171,200,200,200,200],"floor_reached":16,"language":"ENG","playtime":674,"items_purged":[],"score":220,"play_id":"648f9f76-3621-4ac7-a1b1-a004a859f17e","local_time":"20210114134548","is_ascension_mode":true,"campfire_choices":[{"floor":6,"key":"REST"},{"floor":8,"key":"REST"},{"data":"Burst","floor":15,"key":"SMITH"}],"circlet_count":0,"master_deck":["AscendersBane","Strike_G+1","Strike_G","Strike_G","Strike_G","Strike_G","Defend_G+1","Defend_G","Defend_G","Defend_G","Defend_G","Survivor","Neutralize","Dagger Throw","Blade Dance","Masterful Stab","Dash","Cloak And Dagger","Slice","Burst+1"],"relics":["Ring of the Snake","TungstenRod","Ice Cream","Pear","Mercury Hourglass"],"acts_visited":["Exordium"],"potions_floor_usage":[14,16],"damage_taken":[{"damage":11,"enemies":"Cultist","floor":1,"turns":6},{"damage":0,"enemies":"Small Slimes","floor":2,"turns":4},{"damage":0,"enemies":"2 Louse","floor":4,"turns":2},{"damage":37,"enemies":"3 Sentries","floor":7,"turns":12},{"damage":3,"enemies":"Large Slime","floor":11,"turns":6},{"damage":0,"enemies":"2 Fungi Beasts","floor":13,"turns":2},{"damage":7,"enemies":"Gremlin Nob","floor":14,"turns":3},{"damage":55,"enemies":"Hexaghost","floor":16,"turns":14}],"seed_played":"-2376551125440910732","potions_obtained":[{"floor":1,"key":"BlessingOfTheForge"},{"floor":7,"key":"Swift Potion"}],"is_trial":false,"path_per_floor":["M","M","?","M","?","R","E","R","T","?","M","?","M","E","R","B"],"character_chosen":"THE_SILENT","items_purchased":[],"campfire_rested":2,"item_purchase_floors":[],"current_hp_per_floor":[48,48,64,64,45,64,27,46,56,56,53,58,58,51,51,0,0],"gold":200,"neow_bonus":"ONE_RARE_RELIC","is_daily":false,"chose_seed":false,"campfire_upgraded":1,"win_rate":0.0,"timestamp":1610653548,"path_taken":["M","M","?","M","?","R","E","R","T","?","M","?","M","E","R","BOSS"],"items_purchased_type":[],"build_version":"2020-12-18","purchased_purges":0,"victory":false,"max_hp_per_floor":[66,66,66,66,66,66,66,66,76,73,73,78,78,78,78,78,78],"card_choices":[{"not_picked":["Bane","PiercingWail"],"picked":"Dagger Throw","floor":1},{"not_picked":["Crippling Poison","Cloak And Dagger"],"picked":"Blade Dance","floor":2},{"not_picked":["Quick Slash","Catalyst"],"picked":"Masterful Stab","floor":4},{"not_picked":["Infinite Blades","Flying Knee"],"picked":"Dash","floor":7},{"not_picked":["Prepared","Caltrops"],"picked":"Cloak And Dagger","floor":11},{"not_picked":["Masterful Stab","Sucker Punch"],"picked":"Slice","floor":13},{"not_picked":["Deflect","Heel Hook"],"picked":"Burst","floor":14}],"player_experience":3209353,"relics_obtained":[{"floor":7,"key":"Ice Cream"},{"floor":9,"key":"Pear"},{"floor":14,"key":"Mercury Hourglass"}],"event_choices":[{"damage_healed":16,"gold_gain":0,"player_choice":"Healed","damage_taken":0,"max_hp_gain":0,"max_hp_loss":0,"event_name":"The Cleric","floor":3,"gold_loss":35},{"damage_healed":0,"gold_gain":0,"player_choice":"Entered Light","damage_taken":20,"max_hp_gain":0,"max_hp_loss":0,"event_name":"Shining Light","floor":5,"gold_loss":0,"cards_upgraded":["Strike_G","Defend_G"]},{"cards_removed":["Parasite"],"damage_healed":0,"gold_gain":0,"player_choice":"Forget","damage_taken":0,"max_hp_gain":0,"max_hp_loss":0,"event_name":"Living Wall","floor":10,"gold_loss":0},{"damage_healed":0,"gold_gain":0,"player_choice":"Donut","damage_taken":0,"max_hp_gain":5,"max_hp_loss":0,"event_name":"Big Fish","floor":12,"gold_loss":0}],"is_beta":true,"boss_relics":[],"items_purged_floors":[],"is_endless":false,"potions_floor_spawned":[1,7],"killed_by":"Hexaghost","ascension_level":20}}