{"host":"5padt50u07xd1iby","time":1610639416,"event":{"mods":["AchievementEnabler","Aspiration","BaseMod","Colored Map","Colored Powertips","Conspire","Dark Map","Downfall","Hubris","Minty Spire (QoL Compilation)","Replay The Spire","Retaliation","Shop Mod","StSLib","SuperFastMode","The Blue Laboratory","everything is the same but u backflip on backflip"],"gold_per_floor":[210,229,229,257,270,270,281,296,296,314,314,340,340,340,340,435,435,452,469,469,481,494,494,524,524,550,575,592,609,629,658,658,763,763,773,786,786,696,708,708,49,84,131,5,5,15,34,34,34,34,34,34,8,36,36],"floor_reached":56,"language":"ENG","playtime":4763,"items_purged":["Strike_P"],"score":1216,"play_id":"4192ed68-f236-4c74-b922-bb85965c86bc","local_time":"20210114165016","is_ascension_mode":false,"campfire_choices":[{"floor":6,"key":"RECALL"},{"data":"Eruption","floor":11,"key":"SMITH"},{"data":"ForeignInfluence","floor":13,"key":"SMITH"},{"data":"BattleHymn","floor":15,"key":"SMITH"},{"floor":23,"key":"REST"},{"floor":25,"key":"REST"},{"floor":32,"key":"REST"},{"data":"Establishment","floor":40,"key":"SMITH"},{"data":"TalkToTheHand","floor":45,"key":"SMITH"},{"floor":49,"key":"REST"},{"data":"Madness","floor":52,"key":"SMITH"}],"circlet_count":0,"master_deck":["Strike_P","Strike_P+1","Defend_P","Defend_P","Defend_P+1","Eruption+1","Vigilance+1","Replay:Anticipation","BattleHymn+1","TalkToTheHand+1","Perseverance","CrushJoints","Meditate","ForeignInfluence+1","DeceiveReality","LessonLearned","Replay:AllIn+1","ReachHeaven+1","Vengeance","Tantrum+1","FearNoEvil","Adaptation+1","Prostrate","Meditate+1","MentalFortress","Establishment+1","DeusExMachina","ClearTheMind+1","FlurryOfBlows+1","LikeWater+1","expansioncontent:GuardianWhirl","Study+1","EmptyBody","Replay:Vibes","EmptyMind+1","Madness","Madness+1","Replay:AtTheReady","Conclude"],"relics":["PureWater","hubris:FunFungus","Bottled Flame","Black Star","Bag of Preparation","Pet Ghost","Potion Belt","aspiration:Stabinomicon","aspiration:FetidBarrel","Shuriken","Vajra","Honey Jar","Boot","BargainBundle","hubris:64BitClover","Smiling Mask","hubris:MysteriousPyramids","Omamori","Bird Faced Urn","ReplayTheSpireMod:TigerMarble"],"acts_visited":["Exordium","TheCity","TheBeyond","TheEnding"],"potions_floor_usage":[8,19,27,27,29,31,50,50,50,50,50,50,50,50,50,50,55,55],"damage_taken":[{"damage":0,"enemies":"Small Slimes","floor":1,"turns":2},{"damage":9,"enemies":"Jaw Worm","floor":2,"turns":2},{"damage":0,"enemies":"2 Louse","floor":5,"turns":2},{"damage":6,"enemies":"Lots of Slimes","floor":7,"turns":5},{"damage":1,"enemies":"Exordium Wildlife","floor":8,"turns":4},{"damage":0,"enemies":"Large Slime","floor":10,"turns":4},{"damage":10,"enemies":"Lagavulin","floor":12,"turns":7},{"damage":32,"enemies":"Hexaghost","floor":16,"turns":10},{"damage":0,"enemies":"Chosen","floor":18,"turns":3},{"damage":51,"enemies":"3 Byrds","floor":19,"turns":7},{"damage":34,"enemies":"Snake Plant","floor":21,"turns":5},{"damage":4,"enemies":"Sentry and Sphere","floor":22,"turns":3},{"damage":56,"enemies":"Gremlin Leader","floor":24,"turns":4},{"damage":35,"enemies":"Book of Stabbing","floor":27,"turns":5},{"damage":12,"enemies":"Cultist and Chosen","floor":28,"turns":3},{"damage":18,"enemies":"Snecko","floor":29,"turns":3},{"damage":21,"enemies":"Snake Plant","floor":30,"turns":2},{"damage":62,"enemies":"Slavers","floor":31,"turns":4},{"damage":15,"enemies":"Collector","floor":33,"turns":4},{"damage":13,"enemies":"3 Shapes","floor":35,"turns":2},{"damage":0,"enemies":"Orb Walker","floor":36,"turns":2},{"damage":0,"enemies":"3 Darklings","floor":39,"turns":4},{"damage":0,"enemies":"Nemesis","floor":42,"turns":3},{"damage":14,"enemies":"4 Shapes","floor":46,"turns":4},{"damage":27,"enemies":"Jaw Worm Horde","floor":47,"turns":2},{"damage":28,"enemies":"Donu and Deca","floor":50,"turns":3},{"damage":31,"enemies":"Shield and Spear","floor":54,"turns":4},{"damage":33,"enemies":"The Heart","floor":55,"turns":7}],"seed_played":"2890455022844772903","potions_obtained":[{"floor":1,"key":"blueLaboratory:BottledTrinity"},{"floor":5,"key":"blueLaboratory:PolymorphPotion"},{"floor":8,"key":"SteroidPotion"},{"floor":12,"key":"blueLaboratory:HorrorPotion"},{"floor":24,"key":"blueLaboratory:AbyssPotion"},{"floor":27,"key":"SkillPotion"},{"floor":30,"key":"SpeedPotion"},{"floor":31,"key":"DDmod:CleansePotion"},{"floor":33,"key":"BlessingOfTheForge"},{"floor":39,"key":"blueLaboratory:CorrosionFlask"},{"floor":42,"key":"EntropicBrew"},{"floor":47,"key":"Regen Potion"}],"is_trial":false,"path_per_floor":["M","M","?","?","M","R","M","M","T","M","R","E","R","?","R","B",null,"M","M","?","M","M","R","E","R","T","E","M","M","M","E","R","B",null,"M","M","?","?","M","R","$","E","T","$","R","M","M","?","R","B",null,"R","$","E","B",null],"character_chosen":"WATCHER","items_purchased":["Boot","BargainBundle","hubris:64BitClover","LikeWater+1","expansioncontent:GuardianWhirl","EmptyBody","Reflective Coating","Replay:AtTheReady"],"campfire_rested":4,"item_purchase_floors":[41,41,41,41,41,44,44,53],"current_hp_per_floor":[72,63,56,56,56,56,50,49,49,51,51,47,47,47,47,15,72,72,21,21,52,48,69,13,34,34,57,46,28,7,3,24,9,72,59,59,59,59,59,59,59,59,59,59,59,46,19,10,31,13,72,72,72,41,20],"gold":36,"neow_bonus":"HUNDRED_GOLD","is_daily":false,"chose_seed":false,"campfire_upgraded":6,"win_rate":0.0,"timestamp":1610639416,"path_taken":["M","M","?","?","M","R","M","M","T","M","R","E","R","?","R","BOSS","M","?","?","M","M","R","E","R","T","E","M","M","M","E","R","BOSS","M","M","?","?","?","R","$","E","T","$","R","M","M","?","R","BOSS","R","$","E","BOSS"],"items_purchased_type":["Relic","Relic","Relic","Card","Card","Card","Potion","Card"],"build_version":"2020-12-22","purchased_purges":1,"victory":true,"max_hp_per_floor":[72,72,72,72,72,72,72,72,72,72,72,72,72,72,72,72,72,72,72,72,72,72,72,72,72,72,72,72,72,72,72,72,72,72,72,72,72,72,72,72,72,72,72,72,72,72,72,72,72,72,72,72,72,72,72],"card_choices":[{"not_picked":["FollowUp","Collect"],"picked":"Replay:Anticipation","floor":1},{"not_picked":["CutThroughFate","WaveOfTheHand"],"picked":"BattleHymn","floor":2},{"not_picked":["Fasting2","Evaluate"],"picked":"TalkToTheHand","floor":4},{"not_picked":["TalkToTheHand","CrushJoints"],"picked":"Perseverance","floor":5},{"not_picked":["Replay:Vibes","Replay:Hum"],"picked":"CrushJoints","floor":7},{"not_picked":["BowlingBash","JustLucky"],"picked":"Meditate","floor":8},{"not_picked":["Crescendo","ClearTheMind"],"picked":"ForeignInfluence","floor":10},{"not_picked":["CrushJoints","CutThroughFate"],"picked":"DeceiveReality","floor":12},{"not_picked":["Replay:LoomingThreat","ConjureBlade"],"picked":"Replay:AllIn","floor":16},{"not_picked":["Evaluate","EmptyFist"],"picked":"ReachHeaven","floor":18},{"not_picked":["SashWhip","ReachHeaven","WheelKick+1"],"picked":"SKIP","floor":19},{"not_picked":["WindmillStrike","WreathOfFlame"],"picked":"Vengeance","floor":21},{"not_picked":["Fasting2","BowlingBash"],"picked":"Tantrum+1","floor":22},{"not_picked":["Crescendo","ThirdEye"],"picked":"FearNoEvil","floor":24},{"not_picked":["Vault","Nirvana"],"picked":"Adaptation+1","floor":27},{"not_picked":["WheelKick+1","SignatureMove"],"picked":"Prostrate","floor":28},{"not_picked":["CrushJoints","FollowUp"],"picked":"Crescendo","floor":29},{"not_picked":["WheelKick","Prostrate"],"picked":"Meditate+1","floor":30},{"not_picked":["SandsOfTime","Replay:Battleflow"],"picked":"MentalFortress","floor":31},{"not_picked":["Replay:LoomingThreat","ConjureBlade"],"picked":"Establishment","floor":33},{"not_picked":["BowlingBash+1","Crescendo","PathToVictory+1"],"picked":"DeusExMachina","floor":35},{"not_picked":["Halt+1","SashWhip+1","Crescendo+1"],"picked":"ClearTheMind+1","floor":36},{"not_picked":["ForeignInfluence","FearNoEvil+1","WaveOfTheHand"],"picked":"FlurryOfBlows+1","floor":39},{"not_picked":["Wallop","BowlingBash+1","FollowUp"],"picked":"Study+1","floor":42},{"not_picked":["CrushJoints","InnerPeace","ReachHeaven"],"picked":"Replay:Vibes","floor":46},{"not_picked":["Replay:DivineShield","JustLucky","Halt"],"picked":"EmptyMind+1","floor":47},{"not_picked":["Replay:AllIn","PathToVictory","BowlingBash+1"],"picked":"Conclude","floor":54}],"player_experience":113292,"relics_obtained":[{"floor":4,"key":"hubris:FunFungus"},{"floor":12,"key":"Bottled Flame"},{"floor":24,"key":"Bag of Preparation"},{"floor":24,"key":"Pet Ghost"},{"floor":26,"key":"Potion Belt"},{"floor":27,"key":"aspiration:Stabinomicon"},{"floor":27,"key":"aspiration:FetidBarrel"},{"floor":31,"key":"Shuriken"},{"floor":31,"key":"Vajra"},{"floor":42,"key":"Smiling Mask"},{"floor":42,"key":"hubris:MysteriousPyramids"},{"floor":43,"key":"Omamori"},{"floor":54,"key":"Bird Faced Urn"},{"floor":54,"key":"ReplayTheSpireMod:TigerMarble"}],"event_choices":[{"cards_removed":["Defend_P"],"damage_healed":0,"gold_gain":0,"player_choice":"Card Removal","damage_taken":7,"max_hp_gain":0,"max_hp_loss":0,"event_name":"Golden Wing","floor":3,"gold_loss":0},{"damage_healed":0,"gold_gain":0,"cards_transformed":["Strike_P"],"player_choice":"Transformed","damage_taken":0,"max_hp_gain":0,"max_hp_loss":0,"event_name":"Transmorgrifier","floor":14,"gold_loss":0,"cards_obtained":["LessonLearned"]},{"damage_healed":0,"gold_gain":0,"player_choice":"Ignored","damage_taken":0,"max_hp_gain":0,"max_hp_loss":0,"event_name":"Ghosts","floor":20,"gold_loss":0},{"damage_healed":0,"gold_gain":0,"player_choice":"Ignored","damage_taken":0,"max_hp_gain":0,"max_hp_loss":0,"event_name":"Tomb of Lord Red Mask","floor":37,"gold_loss":0},{"cards_removed":["Crescendo"],"damage_healed":0,"gold_gain":0,"player_choice":"Upgrade and Remove","damage_taken":0,"max_hp_gain":0,"max_hp_loss":0,"event_name":"Designer","floor":38,"gold_loss":90,"cards_upgraded":["Replay:AllIn"]},{"damage_healed":0,"gold_gain":0,"player_choice":"Embrace Madness","damage_taken":9,"max_hp_gain":0,"max_hp_loss":0,"event_name":"Winding Halls","floor":48,"gold_loss":0,"cards_obtained":["Madness","Madness"]}],"is_beta":false,"boss_relics":[{"not_picked":["Replay:Drink Me","hubris:Stopwatch"],"picked":"Black Star"},{"not_picked":["hubris:ScarierMask","Kintsugi"],"picked":"Honey Jar"}],"items_purged_floors":[41],"is_endless":false,"potions_floor_spawned":[1,5,8,12,24,27,30,31,33,39,42,47],"ascension_level":0}}