{"host":"z9mq1tf06lkrncmk","time":1610588469,"event":{"mods":["BaseMod","Downfall","Minty Spire (QoL Compilation)","StSLib"],"gold_per_floor":[99,116,116,116,133,159,182,182,208,218,252,271,27,27,44,44,44,44],"floor_reached":16,"language":"ENG","playtime":544,"items_purged":[],"score":116,"play_id":"60619387-2428-4daf-b6fb-db67b1c9acda","local_time":"20210113204109","is_ascension_mode":true,"campfire_choices":[{"data":"Guardian:TimeBomb","floor":1,"key":"SMITH"}],"circlet_count":0,"master_deck":["Guardian:Strike_Guardian","Guardian:Strike_Guardian","Guardian:Strike_Guardian","Guardian:Strike_Guardian","Guardian:Defend_Guardian","Guardian:Defend_Guardian","Guardian:Defend_Guardian","Guardian:Defend_Guardian","Guardian:CurlUp","Guardian:TwinSlam","Guardian:TimeBomb+1","Guardian:Harden+1","Guardian:EvasiveProtocol","Guardian:Planning","Guardian:Preprogram","Guardian:FierceBash","Guardian:RollAttack","Guardian:Incinerate","Guardian:Orbwalk","Guardian:FierceBash","Guardian:Suspension"],"relics":["Guardian:ModeShifter","Vajra","Nunchaku","Happy Flower","Strawberry","Anchor"],"acts_visited":["Exordium"],"potions_floor_usage":[9,11,13],"damage_taken":[{"damage":11,"enemies":"Small Slimes","floor":2,"turns":4},{"damage":2,"enemies":"Jaw Worm","floor":5,"turns":4},{"damage":7,"enemies":"3 Sentries","floor":9,"turns":4},{"damage":0,"enemies":"2 Louse","floor":10,"turns":3},{"damage":46,"enemies":"Gremlin Nob","floor":11,"turns":5},{"damage":0,"enemies":"Exordium Wildlife","floor":12,"turns":3},{"damage":2,"enemies":"downfall:FleeingMerchant","floor":13,"turns":4},{"damage":0,"enemies":"Lots of Slimes","floor":15,"turns":2},{"damage":15,"enemies":"downfall:Defect","floor":16,"turns":5}],"seed_played":"-3371450847534242680","potions_obtained":[{"floor":2,"key":"Explosive Potion"},{"floor":5,"key":"LiquidMemories"},{"floor":10,"key":"SmokeBomb"},{"floor":12,"key":"Regen Potion"}],"is_trial":false,"path_per_floor":["R","M","?","?","M","T","T","?","E","M","E","M","$","?","M","B"],"character_chosen":"GUARDIAN","items_purchased":["Guardian:Orbwalk","Guardian:FierceBash"],"campfire_rested":0,"item_purchase_floors":[13,13],"current_hp_per_floor":[80,69,69,69,67,67,67,49,49,49,3,3,15,15,15,0,0,0],"gold":44,"neow_bonus":"THREE_CARDS","is_daily":false,"chose_seed":false,"campfire_upgraded":1,"win_rate":0.0,"timestamp":1610588469,"path_taken":["R","M","?","?","M","?","T","?","E","M","E","M","$","?","M","BOSS"],"items_purchased_type":["Card","Card"],"build_version":"2020-12-22","purchased_purges":0,"victory":false,"max_hp_per_floor":[80,80,80,80,80,80,80,80,87,87,87,87,87,87,87,87,87,87],"card_choices":[{"not_picked":["Guardian:Gem_Red","Guardian:EvasiveProtocol"],"picked":"Guardian:TimeBomb","floor":0},{"not_picked":["Guardian:Gem_Red","Guardian:Incinerate"],"picked":"Guardian:Harden","floor":2},{"not_picked":["Guardian:Planning","Guardian:RollAttack"],"picked":"Guardian:EvasiveProtocol","floor":5},{"not_picked":["Guardian:TemporalStrike","Guardian:Recover"],"picked":"Guardian:Planning","floor":9},{"not_picked":["Guardian:VentSteam","Guardian:PrimingBeam"],"picked":"Guardian:Preprogram","floor":10},{"not_picked":["Guardian:ShieldCharger","Guardian:CrystalBeam"],"picked":"Guardian:FierceBash","floor":11},{"not_picked":["Guardian:CrystalBeam","Guardian:TemporalShield"],"picked":"Guardian:RollAttack","floor":12},{"not_picked":["Guardian:Clone","Guardian:ArmoredProtocol"],"picked":"Guardian:Incinerate","floor":13},{"not_picked":["Guardian:Gem_Lightblue","Guardian:WalkerClaw"],"picked":"Guardian:Suspension","floor":15}],"player_experience":353870,"relics_obtained":[{"floor":6,"key":"Vajra"},{"floor":7,"key":"Nunchaku"},{"floor":9,"key":"Strawberry"},{"floor":11,"key":"Anchor"}],"event_choices":[{"damage_healed":0,"gold_gain":0,"player_choice":"Success","damage_taken":18,"relics_obtained":["Happy Flower"],"max_hp_gain":0,"max_hp_loss":0,"event_name":"Scrap Ooze","floor":8,"gold_loss":0},{"damage_healed":0,"gold_gain":0,"player_choice":"Grow","damage_taken":0,"max_hp_gain":0,"max_hp_loss":0,"event_name":"Living Wall","floor":14,"gold_loss":0,"cards_upgraded":["Guardian:Harden"]}],"is_beta":false,"boss_relics":[],"items_purged_floors":[],"is_endless":false,"potions_floor_spawned":[2,5,10,12],"killed_by":"downfall:Defect","ascension_level":1}}