{"host":"3x36qx7z3zqcvkt0","time":1610632636,"event":{"mods":["Act Like it!","Arknights The Spire","BaseMod","Colored Map","Colored Powertips","Downfall","Friendly Minions","Gensokyo","Koishi","LagranYue(拉格朗・月)","Marisa（F雨　魔理沙）","Minty Spire (QoL Compilation)","Prisma Mod","Replay The Spire","Shop Mod","StSLib","The Cursed","The Servant 0.9.4","Yuyuko","【功能Mod】聪明的最终Boss"],"gold_per_floor":[99,119,133,408,420,28,28,54,71,71,171,201,217,217,217,247,263,263,263,263],"floor_reached":18,"language":"ZHS","playtime":1546,"items_purged":[],"score":158,"play_id":"4b2e1b20-a246-4005-9c31-3b96746b7641","local_time":"20210114215716","is_ascension_mode":true,"campfire_choices":[{"floor":1,"key":"RECALL"},{"data":"Slimebound:Darklings","floor":10,"key":"SMITH"}],"circlet_count":0,"master_deck":["Slimebound:Strike_Slimebound","Slimebound:Strike_Slimebound","Slimebound:Strike_Slimebound","Slimebound:Tackle","Slimebound:Defend_Slimebound","Slimebound:Defend_Slimebound","Slimebound:Defend_Slimebound","Slimebound:Defend_Slimebound","Slimebound:Split","Slimebound:CorrosiveSpit","Slimebound:DisruptingSlam","Slimebound:Replication","Slimebound:Darklings+1","Slimebound:LevelUp+1","Slimebound:TagTeam","Slimebound:LeechingTouch","Slimebound:GrowthPunch","Slimebound:LeadByExample","Slimebound:Darklings","Slimebound:FormOfPuddle","Slimebound:SlimeTap"],"relics":["Slimebound:AbsorbEndCombat","LagranYue:RandomDrawCardRelic","TungstenRod","Blue Doll","Question Card","Replay:Bottled Steam","Replay:WaspNest","Centennial Puzzle"],"acts_visited":["Exordium"],"potions_floor_usage":[11,18,18,18],"damage_taken":[{"damage":3,"enemies":"2 Louse","floor":2,"turns":3},{"damage":3,"enemies":"Cultist","floor":3,"turns":3},{"damage":12,"enemies":"Small Slimes","floor":5,"turns":3},{"damage":15,"enemies":"downfall:FleeingMerchant","floor":6,"turns":4},{"damage":24,"enemies":"Replay:BlueRogue","floor":8,"turns":5},{"damage":30,"enemies":"Exordium Wildlife","floor":9,"turns":4},{"damage":57,"enemies":"downfall:Heads","floor":11,"turns":6},{"damage":29,"enemies":"Gremlin Nob","floor":12,"turns":3},{"damage":15,"enemies":"2 Fungi Beasts","floor":13,"turns":2},{"damage":16,"enemies":"Replay:BlueRogue","floor":16,"turns":4},{"damage":23,"enemies":"Exordium Thugs","floor":17,"turns":5},{"damage":50,"enemies":"downfall:Defect","floor":18,"turns":5}],"seed_played":"8807793948161513648","potions_obtained":[{"floor":3,"key":"DuplicationPotion"},{"floor":8,"key":"Fire Potion"},{"floor":9,"key":"Strength Potion"},{"floor":13,"key":"Swift Potion"}],"is_trial":false,"path_per_floor":["R","M","M","?","M","$","T","E","M","R","?","E","M","PTL","PTL","E","M","B"],"character_chosen":"SLIMEBOUND","items_purchased":["Slimebound:Darklings","Slimebound:LevelUp","Blue Doll"],"campfire_rested":0,"item_purchase_floors":[6,6,6],"current_hp_per_floor":[42,47,60,60,60,59,59,58,54,54,29,20,17,17,17,25,26,0,0,0],"gold":263,"neow_bonus":"ONE_RARE_RELIC","is_daily":false,"chose_seed":false,"campfire_upgraded":1,"win_rate":0.0,"timestamp":1610632636,"path_taken":["R","M","M","?","M","$","T","E","?","R","?","E","M","PTL","PTL","E","M","BOSS"],"items_purchased_type":["Card","Card","Relic"],"build_version":"2020-12-22","purchased_purges":0,"victory":false,"max_hp_per_floor":[60,60,60,60,60,60,60,60,60,60,60,60,60,60,60,60,60,60,60,60],"card_choices":[{"not_picked":["Slimebound:SlimeSpikes","Slimebound:SplitAcid"],"picked":"Slimebound:PressTheAttack","floor":2},{"not_picked":["Slimebound:SlimeSpikes","Slimebound:LeechingTouch"],"picked":"Slimebound:DisruptingSlam","floor":3},{"not_picked":["Slimebound:PressTheAttack","Slimebound:SplitLeeching"],"picked":"Slimebound:Replication","floor":5},{"not_picked":["Slimebound:ViciousTackle","Slimebound:Chomp","Slimebound:PressTheAttack"],"picked":"SKIP","floor":6},{"not_picked":["Slimebound:LeechEnergy","Slimebound:Grow","Slimebound:Equalize"],"picked":"Slimebound:TagTeam","floor":8},{"not_picked":["Slimebound:SlimeSpikes","Slimebound:RollThrough","Slimebound:LeechEnergy"],"picked":"Slimebound:LeechingTouch","floor":9},{"not_picked":["Slimebound:ProtectTheBoss","Slimebound:TongueLash","Slimebound:SplitMire"],"picked":"Slimebound:LeadByExample","floor":11},{"not_picked":["Slimebound:Schlurp","Slimebound:ViciousTackle","Slimebound:AcidTongue"],"picked":"Slimebound:Darklings","floor":12},{"not_picked":["Slimebound:RollThrough","Slimebound:SplitBruiser","Slimebound:FinishingTackle"],"picked":"Slimebound:FormOfPuddle","floor":13},{"not_picked":["Slimebound:SlimeBarrage","Slimebound:Dissolve","Slimebound:PressTheAttack"],"picked":"Slimebound:SlimeTap","floor":16},{"not_picked":["Slimebound:SplitBruiser","Slimebound:GrowthPunch","Slimebound:PressTheAttack","Slimebound:SplitMire"],"picked":"SKIP","floor":17}],"player_experience":271766,"relics_obtained":[{"floor":7,"key":"Question Card"},{"floor":8,"key":"Replay:Bottled Steam"},{"floor":12,"key":"Replay:WaspNest"},{"floor":16,"key":"Centennial Puzzle"}],"event_choices":[],"is_beta":false,"boss_relics":[],"items_purged_floors":[],"is_endless":false,"potions_floor_spawned":[3,8,9,13,17],"killed_by":"downfall:Defect","ascension_level":4}}