{"host":"5h7tnviy6ct1qpjn","time":1610657555,"event":{"mods":["AchievementEnabler","BaseMod","BetterRewards","Colored Powertips","Minty Spire (QoL Compilation)","Shop Mod","StSLib"],"gold_per_floor":[118,118,137,155,8,22,22,36,36,36,111,111,33,57,57,186,186,186,34,0,0,0,0,0,0,0,0,0,0,0,0,0,0,0,0,0,0,0,0,0,0,0,0,0,0,0,0,0,0,0,0],"floor_reached":50,"language":"ENG","playtime":3267,"items_purged":["Injury","Strike_P"],"score":659,"play_id":"b9a5a87c-a4a7-4484-99ad-e72112775025","local_time":"20210114215235","is_ascension_mode":false,"campfire_choices":[{"data":"Eruption","floor":7,"key":"SMITH"},{"data":"Vigilance","floor":10,"key":"SMITH"},{"data":"Study","floor":15,"key":"SMITH"},{"data":"BattleHymn","floor":23,"key":"SMITH"},{"data":"FollowUp","floor":25,"key":"SMITH"},{"data":"FollowUp","floor":29,"key":"SMITH"},{"floor":32,"key":"REST"},{"data":"Devotion","floor":41,"key":"SMITH"},{"data":"Consecrate","floor":44,"key":"SMITH"},{"data":"EmptyFist","floor":47,"key":"SMITH"},{"data":"Defend_P","floor":49,"key":"SMITH"}],"circlet_count":0,"master_deck":["Strike_P","Strike_P","Strike_P","Defend_P","Defend_P","Defend_P","Defend_P+1","Eruption+1","Vigilance+1","Prostrate+1","Indignation+1","FollowUp+1","EmptyFist+1","Consecrate+1","BattleHymn+1","Pray+1","Study+1","Prostrate+1","Prostrate+1","EmptyFist+1","RitualDagger","FollowUp+1","DeusExMachina+1","Prostrate+1","Devotion+1","FlurryOfBlows+1","InnerPeace+1","Adaptation+1","ClearTheMind+1"],"relics":["PureWater","Toxic Egg 2","Frozen Eye","Golden Idol","Eternal Feather","Ectoplasm","Oddly Smooth Stone","SacredBark","Mummified Hand","Bag of Marbles","Red Mask"],"acts_visited":["Exordium","TheCity","TheBeyond"],"potions_floor_usage":[28,28,39,42,50],"damage_taken":[{"damage":2,"enemies":"Jaw Worm","floor":1,"turns":5},{"damage":0,"enemies":"2 Louse","floor":3,"turns":2},{"damage":2,"enemies":"Small Slimes","floor":4,"turns":3},{"damage":15,"enemies":"Exordium Thugs","floor":6,"turns":4},{"damage":1,"enemies":"Large Slime","floor":8,"turns":3},{"damage":0,"enemies":"2 Fungi Beasts","floor":14,"turns":3},{"damage":41,"enemies":"The Guardian","floor":16,"turns":7},{"damage":0,"enemies":"Chosen","floor":18,"turns":3},{"damage":11,"enemies":"Shell Parasite","floor":21,"turns":5},{"damage":18,"enemies":"Snake Plant","floor":27,"turns":3},{"damage":4,"enemies":"Book of Stabbing","floor":28,"turns":3},{"damage":20,"enemies":"Centurion and Healer","floor":30,"turns":3},{"damage":0,"enemies":"Cultist and Chosen","floor":31,"turns":4},{"damage":60,"enemies":"Automaton","floor":33,"turns":8},{"damage":0,"enemies":"Orb Walker","floor":35,"turns":3},{"damage":17,"enemies":"3 Darklings","floor":38,"turns":6},{"damage":30,"enemies":"Spire Growth","floor":39,"turns":4},{"damage":28,"enemies":"Giant Head","floor":40,"turns":7},{"damage":7,"enemies":"Transient","floor":42,"turns":5},{"damage":17,"enemies":"4 Shapes","floor":46,"turns":4},{"damage":12,"enemies":"Spire Growth","floor":48,"turns":3},{"damage":71,"enemies":"Time Eater","floor":50,"turns":6}],"seed_played":"3790474663192409797","potions_obtained":[{"floor":6,"key":"EssenceOfSteel"},{"floor":8,"key":"SteroidPotion"},{"floor":14,"key":"SkillPotion"},{"floor":16,"key":"DuplicationPotion"},{"floor":21,"key":"BlessingOfTheForge"},{"floor":30,"key":"Dexterity Potion"},{"floor":31,"key":"SkillPotion"},{"floor":37,"key":"FairyPotion"},{"floor":37,"key":"LiquidMemories"},{"floor":37,"key":"SpeedPotion"},{"floor":48,"key":"Strength Potion"}],"is_trial":false,"path_per_floor":["M","?","M","M","$","M","R","M","T","R","?","?","$","M","R","B",null,"M","$","?","M","?","R","?","R","T","M","E","R","M","M","R","B",null,"M","?","?","M","M","E","R","M","T","R","?","M","R","M","R","B"],"character_chosen":"WATCHER","items_purchased":["Toxic Egg 2","Prostrate+1","Indignation+1","Frozen Eye","BattleHymn","Study","Prostrate+1"],"campfire_rested":1,"item_purchase_floors":[0,0,0,0,5,13,19],"current_hp_per_floor":[70,70,70,68,68,53,53,52,52,61,50,72,72,72,72,31,72,72,72,72,61,61,72,66,72,72,54,50,62,42,42,72,12,72,72,68,68,51,21,40,55,48,48,63,63,46,61,49,64,0,0],"gold":0,"neow_bonus":"","is_daily":false,"chose_seed":false,"campfire_upgraded":10,"win_rate":0.0,"timestamp":1610657555,"path_taken":["M","?","M","M","$","M","R","M","T","R","?","?","$","M","R","BOSS","M","$","?","M","?","R","?","R","T","M","E","R","M","?","R","BOSS","M","?","?","M","?","E","R","M","T","R","?","M","R","M","R","BOSS"],"items_purchased_type":["Relic","Card","Card","Relic","Card","Card","Card"],"build_version":"2020-12-22","purchased_purges":2,"victory":false,"max_hp_per_floor":[72,72,72,72,72,72,72,72,72,72,72,72,72,72,72,72,72,72,72,72,72,72,72,72,72,72,72,72,72,72,72,72,72,72,72,68,68,68,68,68,68,68,68,68,68,68,68,68,68,68,68],"card_choices":[{"not_picked":["Halt+1","CrushJoints"],"picked":"FollowUp","floor":1},{"not_picked":["Evaluate+1","WreathOfFlame+1"],"picked":"EmptyFist","floor":3},{"not_picked":["Halt+1","Perseverance+1"],"picked":"Consecrate","floor":4},{"not_picked":["ThirdEye+1","Protect+1"],"picked":"Pray+1","floor":6},{"not_picked":["Weave","BowlingBash","CrushJoints"],"picked":"SKIP","floor":8},{"not_picked":["ReachHeaven","Crescendo+1"],"picked":"Prostrate+1","floor":14},{"not_picked":["Perseverance+1","Consecrate","Indignation+1"],"picked":"SKIP","floor":18},{"not_picked":["Evaluate+1","BowlingBash"],"picked":"EmptyFist+1","floor":21},{"not_picked":["Tantrum","LikeWater"],"picked":"FollowUp","floor":27},{"not_picked":["Crescendo+1","Halt+1"],"picked":"DeusExMachina+1","floor":28},{"not_picked":["Crescendo+1","SashWhip"],"picked":"Prostrate+1","floor":30},{"not_picked":["Perseverance+1","SandsOfTime+1","Prostrate+1"],"picked":"SKIP","floor":31},{"not_picked":["LessonLearned","Blasphemy+1"],"picked":"Devotion","floor":33},{"not_picked":["CutThroughFate","ThirdEye+1"],"picked":"FlurryOfBlows+1","floor":35},{"not_picked":["Nirvana+1","PathToVictory+1","Wallop"],"picked":"SKIP","floor":38},{"not_picked":["Consecrate","SignatureMove+1"],"picked":"InnerPeace+1","floor":39},{"not_picked":["Fasting2+1","WreathOfFlame+1"],"picked":"Adaptation+1","floor":40},{"not_picked":["Consecrate","Worship+1","PathToVictory+1"],"picked":"SKIP","floor":42},{"not_picked":["FlyingSleeves","JustLucky+1","CutThroughFate+1"],"picked":"SKIP","floor":46},{"not_picked":["Consecrate","SashWhip+1"],"picked":"ClearTheMind+1","floor":48}],"player_experience":93145,"relics_obtained":[{"floor":9,"key":"Eternal Feather"},{"floor":28,"key":"Oddly Smooth Stone"},{"floor":40,"key":"Mummified Hand"},{"floor":43,"key":"Bag of Marbles"}],"event_choices":[{"damage_healed":0,"gold_gain":0,"player_choice":"Take Wound","damage_taken":0,"relics_obtained":["Golden Idol"],"max_hp_gain":0,"max_hp_loss":0,"event_name":"Golden Idol","floor":2,"gold_loss":0,"cards_obtained":["Injury"]},{"damage_healed":0,"gold_gain":75,"player_choice":"Gather Gold","damage_taken":11,"max_hp_gain":0,"max_hp_loss":0,"event_name":"World of Goop","floor":11,"gold_loss":0},{"damage_healed":24,"gold_gain":0,"player_choice":"Banana","damage_taken":0,"max_hp_gain":0,"max_hp_loss":0,"event_name":"Big Fish","floor":12,"gold_loss":0},{"damage_healed":0,"gold_gain":0,"player_choice":"Paid Fearfully","damage_taken":0,"max_hp_gain":0,"max_hp_loss":0,"event_name":"Masked Bandits","floor":20,"gold_loss":34},{"damage_healed":0,"gold_gain":0,"player_choice":"Ignored","damage_taken":0,"max_hp_gain":0,"max_hp_loss":0,"event_name":"Vampires","floor":22,"gold_loss":0},{"damage_healed":0,"gold_gain":0,"player_choice":"Joined the Cult","damage_taken":6,"max_hp_gain":0,"max_hp_loss":0,"event_name":"Nest","floor":24,"gold_loss":0,"cards_obtained":["RitualDagger"]},{"damage_healed":0,"gold_gain":0,"player_choice":"Max HP","damage_taken":0,"max_hp_gain":0,"max_hp_loss":4,"event_name":"Winding Halls","floor":36,"gold_loss":0},{"damage_healed":0,"gold_gain":0,"player_choice":"Got Potions","damage_taken":0,"max_hp_gain":0,"max_hp_loss":0,"event_name":"Lab","floor":37,"gold_loss":0},{"damage_healed":0,"gold_gain":0,"player_choice":"Paid","damage_taken":0,"relics_obtained":["Red Mask"],"max_hp_gain":0,"max_hp_loss":0,"event_name":"Tomb of Lord Red Mask","floor":45,"gold_loss":0}],"is_beta":false,"boss_relics":[{"not_picked":["SlaversCollar","Busted Crown"],"picked":"Ectoplasm"},{"not_picked":["Cursed Key","Fusion Hammer"],"picked":"SacredBark"}],"items_purged_floors":[5,19],"is_endless":false,"potions_floor_spawned":[6,8,14,16,21,30,31,33,35,48],"killed_by":"Time Eater","ascension_level":0}}