{"host":"i2ir6b55gxkcwpt4","time":1610647684,"event":{"mods":["BaseMod","Colored Map","Colored Powertips","Minty Spire (QoL Compilation)","StSLib","[GremlinLeader]The Maniac"],"gold_per_floor":[113,113,113,137,155,155,190,190,190,219,233,233,408,24,24,129,129,139,139,151,165,181,175,175],"floor_reached":23,"language":"ZHS","playtime":1736,"items_purged":["Doubt"],"score":264,"play_id":"a9bf54c8-2d60-428d-900d-99d9538eb6ac","local_time":"20210115020804","is_ascension_mode":false,"campfire_choices":[{"data":"maniac:AbyssShackle","floor":6,"key":"SMITH"},{"data":"maniac:BurnBlood","floor":12,"key":"SMITH"},{"data":"maniac:StormOfTime","floor":15,"key":"SMITH"}],"circlet_count":0,"master_deck":["maniac:BurnBlood+1","maniac:AbyssShackle+1","maniac:FoilArmor","Regret","maniac:SpectralKnives","maniac:DashForward+1","maniac:Quickdraw","maniac:Refine","maniac:StormOfTime+1","maniac:MortalSteel","maniac:Deal","maniac:Feint","maniac:Assassinate","maniac:ExpectedMoves","maniac:UntravelledPath","maniac:LootBarrage","maniac:ExpectedMoves","maniac:PerceiveDanger","maniac:FoilArmor","maniac:BladesInCloak","maniac:Refine+1","maniac:ShiftingShadows+1","maniac:ListenToNone","maniac:UntravelledPath+1"],"relics":["maniac:DamagedAnvil","maniac:BrokenHorn","NeowsBlessing","Ancient Tea Set","Ornamental Fan","Lantern","The Courier","White Beast Statue","Odd Mushroom","Shuriken","Pandora\u0027s Box","Bottled Flame"],"acts_visited":["Exordium","TheCity"],"potions_floor_usage":[22,22,22,23],"damage_taken":[{"damage":0,"enemies":"2 Louse","floor":1,"turns":1},{"damage":0,"enemies":"Jaw Worm","floor":5,"turns":1},{"damage":0,"enemies":"Gremlin Nob","floor":7,"turns":1},{"damage":0,"enemies":"The Mushroom Lair","floor":10,"turns":2},{"damage":0,"enemies":"Small Slimes","floor":11,"turns":2},{"damage":1,"enemies":"Slime Boss","floor":16,"turns":6},{"damage":5,"enemies":"Spheric Guardian","floor":18,"turns":2},{"damage":24,"enemies":"Shell Parasite","floor":20,"turns":3},{"damage":20,"enemies":"Centurion and Healer","floor":21,"turns":4},{"damage":23,"enemies":"Shelled Parasite and Fungi","floor":22,"turns":4},{"damage":14,"enemies":"Slavers","floor":23,"turns":1}],"seed_played":"651725292968876940","potions_obtained":[{"floor":5,"key":"Block Potion"},{"floor":7,"key":"BlessingOfTheForge"},{"floor":10,"key":"SkillPotion"},{"floor":18,"key":"PowerPotion"},{"floor":20,"key":"AttackPotion"},{"floor":22,"key":"SteroidPotion"}],"is_trial":false,"path_per_floor":["M","?","?","T","M","R","E","?","T","?","M","R","?","$","R","B",null,"M","T","M","M","M","E"],"character_chosen":"THE_MANIAC","items_purchased":["Shuriken","maniac:StormOfTime","maniac:MortalSteel"],"campfire_rested":0,"item_purchase_floors":[14,14,14],"current_hp_per_floor":[80,73,73,73,73,73,73,57,57,57,57,57,57,57,57,56,80,75,75,51,31,8,0,0],"gold":175,"neow_bonus":"THREE_ENEMY_KILL","is_daily":false,"chose_seed":false,"campfire_upgraded":3,"win_rate":0.0,"timestamp":1610647684,"path_taken":["M","?","?","?","?","R","E","?","T","?","M","R","?","?","R","BOSS","M","?","M","M","?","E"],"items_purchased_type":["Relic","Card","Card"],"build_version":"2020-12-22","purchased_purges":1,"victory":false,"max_hp_per_floor":[80,80,80,80,80,80,80,80,80,80,80,80,80,80,80,80,80,80,80,80,80,80,80,80],"card_choices":[{"not_picked":["maniac:MeleeStrike","maniac:SecretBackups"],"picked":"maniac:FoilArmor","floor":1},{"not_picked":["maniac:Lacerate","maniac:UndyingDesire"],"picked":"maniac:SpectralKnives","floor":5},{"not_picked":["maniac:UntravelledPath","maniac:ListenToNone"],"picked":"maniac:DashForward","floor":7},{"not_picked":["maniac:ShiftingShadows","maniac:SpectralKnives"],"picked":"maniac:Quickdraw","floor":10},{"not_picked":["maniac:SecretBackups","maniac:UntravelledPath"],"picked":"maniac:Refine","floor":11},{"not_picked":["maniac:TimeForm","maniac:UniversalPerception"],"picked":"maniac:Deal","floor":16},{"not_picked":["maniac:ManipulatedFaith","maniac:ListenToNone"],"picked":"maniac:Refine+1","floor":18},{"not_picked":["maniac:TorturousScreams","maniac:FindAShortcut"],"picked":"maniac:ShiftingShadows+1","floor":20},{"not_picked":["maniac:SpectralKnives","maniac:ColdHeart"],"picked":"maniac:ListenToNone","floor":21},{"not_picked":["maniac:SpectralKnives","maniac:PerceiveDanger"],"picked":"maniac:UntravelledPath+1","floor":22}],"player_experience":62052,"relics_obtained":[{"floor":4,"key":"Lantern"},{"floor":7,"key":"The Courier"},{"floor":9,"key":"White Beast Statue"},{"floor":10,"key":"Odd Mushroom"},{"floor":19,"key":"Bottled Flame"}],"event_choices":[{"damage_healed":0,"gold_gain":0,"player_choice":"Success","damage_taken":7,"relics_obtained":["Ancient Tea Set"],"max_hp_gain":0,"max_hp_loss":0,"event_name":"Scrap Ooze","floor":2,"gold_loss":0},{"damage_healed":0,"gold_gain":0,"player_choice":"Box","damage_taken":0,"relics_obtained":["Ornamental Fan"],"max_hp_gain":0,"max_hp_loss":0,"event_name":"Big Fish","floor":3,"gold_loss":0,"cards_obtained":["Regret"]},{"damage_healed":0,"gold_gain":0,"player_choice":"Entered Light","damage_taken":16,"max_hp_gain":0,"max_hp_loss":0,"event_name":"Shining Light","floor":8,"gold_loss":0,"cards_upgraded":["maniac:Strike","maniac:DashForward"]},{"damage_healed":0,"gold_gain":0,"player_choice":"Fought Mushrooms","damage_taken":0,"max_hp_gain":0,"max_hp_loss":0,"event_name":"Mushrooms","floor":10,"gold_loss":0},{"damage_healed":0,"gold_gain":175,"player_choice":"AGREE","damage_taken":0,"max_hp_gain":0,"max_hp_loss":0,"event_name":"Liars Game","floor":13,"gold_loss":0,"cards_obtained":["Doubt"]}],"is_beta":false,"boss_relics":[{"not_picked":["Runic Dome","Coffee Dripper"],"picked":"Pandora\u0027s Box"}],"items_purged_floors":[14],"is_endless":false,"potions_floor_spawned":[5,7,10,11,16,18,20,21,22],"killed_by":"Slavers","ascension_level":0}}