{"host":"ELF","time":1610665304,"event":{"mods":["BaseMod","Minty Spire (QoL Compilation)"],"gold_per_floor":[118,43,118,172,7,7,42,42,42,67,67,86,106,118,118,193,193,168,181,197,197,215,215,244,244,244,244,244],"floor_reached":27,"language":"ENG","playtime":914,"items_purged":[],"score":616,"play_id":"cdeec139-1a54-46f7-9f43-4a5b3720aeff","local_time":"20210114170144","is_ascension_mode":true,"campfire_choices":[{"data":"Defragment","floor":6.0,"key":"SMITH"},{"data":"Zap","floor":8.0,"key":"SMITH"},{"floor":15,"key":"REST"},{"floor":23,"key":"REST"},{"floor":25,"key":"REST"}],"circlet_count":0,"master_deck":["AscendersBane","Strike_B+1","Strike_B+1","Strike_B+1","Defend_B+1","Defend_B+1","Defend_B+1","Defend_B+1","Zap+1","Dualcast","Defragment+1","Core Surge","Ball Lightning","Coolheaded+1","Biased Cognition","Force Field+1","Zap+1","Glacier+1","Coolheaded+1","Redo+1","Creative AI","Hologram+1","Stack+1","Leap+1","White Noise+1","Double Energy+1"],"relics":["Cracked Core","NeowsBlessing","Toy Ornithopter","Bag of Marbles","Potion Belt","Toxic Egg 2","Ornamental Fan","SacredBark","Smiling Mask","Letter Opener"],"acts_visited":["Exordium","TheCity"],"potions_floor_usage":[16,16,24,24,27,27],"damage_taken":[{"damage":0.0,"enemies":"Small Slimes","floor":1.0,"turns":1.0},{"damage":0.0,"enemies":"Lagavulin","floor":7.0,"turns":1.0},{"damage":0.0,"enemies":"Gremlin Nob","floor":10.0,"turns":1.0},{"damage":12,"enemies":"Jaw Worm","floor":12,"turns":2},{"damage":0,"enemies":"Cultist","floor":13,"turns":2},{"damage":10,"enemies":"Gremlin Gang","floor":14,"turns":3},{"damage":1,"enemies":"Slime Boss","floor":16,"turns":9},{"damage":6,"enemies":"2 Thieves","floor":18,"turns":5},{"damage":6,"enemies":"Spheric Guardian","floor":19,"turns":5},{"damage":29,"enemies":"Snake Plant","floor":20,"turns":4},{"damage":11,"enemies":"Cultist and Chosen","floor":22,"turns":7},{"damage":0,"enemies":"Book of Stabbing","floor":24,"turns":5},{"damage":88,"enemies":"Gremlin Leader","floor":27,"turns":6}],"seed_played":"-2654631809946134895","potions_obtained":[{"floor":1.0,"key":"AttackPotion"},{"floor":7.0,"key":"FocusPotion"},{"floor":13,"key":"DistilledChaos"},{"floor":14,"key":"AttackPotion"},{"floor":22,"key":"EssenceOfSteel"},{"floor":24,"key":"SkillPotion"}],"is_trial":false,"path_per_floor":["M","?","?","T","$","R","E","R","T","E","?","M","M","M","R","B",null,"M","M","M","?","M","R","E","R","T","E"],"character_chosen":"DEFECT","items_purchased":["Bag of Marbles"],"campfire_rested":3,"item_purchase_floors":[5],"current_hp_per_floor":[64,64,53,53,53,53,53,53,53,53,53,41,41,31,52,61,69,63,57,28,28,17,38,48,69,69,0,0],"gold":244,"neow_bonus":"THREE_ENEMY_KILL","is_daily":false,"chose_seed":false,"campfire_upgraded":2,"win_rate":0.0,"timestamp":1610665304,"path_taken":["M","?","?","?","$","R","E","R","T","E","?","?","M","?","R","BOSS","M","M","M","?","M","R","E","R","T","E"],"items_purchased_type":["Relic"],"build_version":"2020-12-18","purchased_purges":0,"victory":false,"max_hp_per_floor":[71,71,71,71,71,71,71,71,71,71,71,71,71,71,71,71,71,71,71,71,71,71,71,71,71,71,71,71],"card_choices":[{"not_picked":["Undo","Go for the Eyes"],"picked":"Defragment","floor":1.0},{"not_picked":["Barrage","Undo"],"picked":"Core Surge","floor":7.0},{"not_picked":["Static Discharge","Go for the Eyes"],"picked":"Ball Lightning","floor":10.0},{"not_picked":["Ball Lightning","Hello World"],"picked":"Glacier+1","floor":12},{"not_picked":["Recycle+1","Redo+1"],"picked":"Coolheaded+1","floor":13},{"not_picked":["Gash","Hologram+1"],"picked":"Redo+1","floor":14},{"not_picked":["Amplify+1","Thunder Strike"],"picked":"Creative AI","floor":16},{"not_picked":["Turbo+1","Steam+1"],"picked":"Hologram+1","floor":18},{"not_picked":["Sweeping Beam","Ball Lightning"],"picked":"Stack+1","floor":19},{"not_picked":["Steam+1","Ball Lightning"],"picked":"Leap+1","floor":20},{"not_picked":["Rebound","Auto Shields+1"],"picked":"White Noise+1","floor":22},{"not_picked":["Recycle+1","Auto Shields+1"],"picked":"Double Energy+1","floor":24}],"player_experience":3217930,"relics_obtained":[{"floor":4.0,"key":"Toy Ornithopter"},{"floor":7.0,"key":"Potion Belt"},{"floor":9.0,"key":"Toxic Egg 2"},{"floor":10.0,"key":"Ornamental Fan"},{"floor":24,"key":"Smiling Mask"},{"floor":26,"key":"Letter Opener"}],"event_choices":[{"cards_removed":["Strike_B"],"damage_healed":0.0,"max_hp_gain":0.0,"max_hp_loss":0.0,"gold_gain":0.0,"event_name":"The Cleric","player_choice":"Card Removal","floor":2.0,"gold_loss":75.0,"damage_taken":0.0},{"damage_healed":0.0,"max_hp_gain":0.0,"max_hp_loss":0.0,"gold_gain":75.0,"event_name":"World of Goop","player_choice":"Gather Gold","floor":3.0,"gold_loss":0.0,"damage_taken":11.0},{"damage_healed":0,"gold_gain":0,"player_choice":"4 cards matched","damage_taken":0,"max_hp_gain":0,"max_hp_loss":0,"event_name":"Match and Keep!","floor":11,"gold_loss":0,"cards_obtained":["Coolheaded","Biased Cognition","Force Field","Zap"]},{"damage_healed":0,"gold_gain":0,"player_choice":"Simplicity","damage_taken":0,"max_hp_gain":0,"max_hp_loss":0,"event_name":"Back to Basics","floor":21,"gold_loss":0,"cards_upgraded":["Strike_B","Strike_B","Strike_B","Defend_B","Defend_B","Defend_B","Defend_B"]}],"is_beta":true,"boss_relics":[{"not_picked":["Runic Pyramid","Sozu"],"picked":"SacredBark"}],"items_purged_floors":[],"is_endless":false,"potions_floor_spawned":[1,7,13,14,22,24],"killed_by":"Gremlin Leader","ascension_level":19}}