{"host":"mn7cqv84xrc37ulx","time":1610588804,"event":{"mods":["ATMod(∞¢Ë™Mod)","AchievementEnabler","BaseMod","Colored Powertips","Curses Come First","Dota2Spire","Downfall","Energized Spire","Evolution","HumanHunterMod(π÷ŒÔ…±»Àmod)","Lobotomy","Marked Mod","Minty Spire (QoL Compilation)","MostiFishMod","Poor People Problems","Rare Cards Sparkle","Red Circlet Mod","Reimu£®≤©¿ˆ¡È√Œ£©","Replay The Spire","Robot Space Explorer","Spicy Shops","StSLib","The Dragon Tamer","The Forsaken","The Marked","The Runesmith","[GremlinLeader]The Maniac","°æ“≈ŒÔø®≈∆°øREMEMod"],"gold_per_floor":[109,125,29,39,57,57,72,92,92,92,110,110,120,151,151,249,249,259,229,240,255,266,266,294,307,330,347,376,376,376,376,376,376,376],"floor_reached":33,"language":"ZHS","playtime":2030,"items_purged":[],"score":393,"play_id":"43508385-8952-47f1-97a2-a9c07b8c30b6","local_time":"20210114094644","is_ascension_mode":false,"campfire_choices":[{"data":"theForsaken:Confusion","floor":6.0,"key":"SMITH"},{"data":"theForsaken:WordsOfPestilence","floor":10.0,"key":"SMITH"},{"floor":15.0,"key":"REST"},{"floor":30.0,"key":"REST"},{"data":"theForsaken:DivineGuidance","floor":32.0,"key":"SMITH"}],"circlet_count":0,"master_deck":["theForsaken:TheForsaken_Strike","theForsaken:TheForsaken_Strike","theForsaken:TheForsaken_Strike","theForsaken:TheForsaken_Strike","theForsaken:TheForsaken_Defend","theForsaken:TheForsaken_Defend","theForsaken:TheForsaken_Defend","theForsaken:TheForsaken_Defend","theForsaken:Smite","theForsaken:Penitence","AT_FamilyPortrait","AT_Desolate","theForsaken:ScorchingSunlight","theForsaken:FatRoll","theForsaken:BountifulSunlight","theForsaken:Confusion+1","theForsaken:Preservation","theForsaken:WordsOfPestilence+1","theForsaken:Eulogy","theForsaken:FountainOfLife","theForsaken:Prudence","theForsaken:SiphonStrike","theForsaken:QuickAttack","theForsaken:Bolster+1","theForsaken:BountifulSunlight","theForsaken:MagicWeapon","theForsaken:DivineGuidance+1"],"relics":["theForsaken:JudgementScales","EVO:Axolotl","AT_ATBox","REME_ComplimentaryCards","DaveBox","BirthdayGift-Tetrahedron","SynthV:TestCard","Regal Pillow","Happy Flower","AT_ChloranthyRing","theForsaken:ArmorOfThorns","Bronze Scales","Divine Protection"],"acts_visited":["Exordium","TheCity"],"potions_floor_usage":[33,33,33],"damage_taken":[{"damage":7.0,"enemies":"Jaw Worm","floor":1.0,"turns":2.0},{"damage":2.0,"enemies":"Cultist","floor":2.0,"turns":2.0},{"damage":2.0,"enemies":"2 Louse","floor":4.0,"turns":2.0},{"damage":2.0,"enemies":"Looter","floor":5.0,"turns":2.0},{"damage":2.0,"enemies":"Gremlin Gang","floor":7.0,"turns":2.0},{"damage":2.0,"enemies":"3 Louse","floor":8.0,"turns":2.0},{"damage":6.0,"enemies":"Looter","floor":11.0,"turns":2.0},{"damage":7.0,"enemies":"Blue Slaver","floor":13.0,"turns":2.0},{"damage":6.0,"enemies":"Lagavulin","floor":14.0,"turns":4.0},{"damage":34.0,"enemies":"Fading Forest","floor":16.0,"turns":11.0},{"damage":5.0,"enemies":"Chosen","floor":18.0,"turns":3.0},{"damage":2.0,"enemies":"3 Byrds","floor":20.0,"turns":2.0},{"damage":4.0,"enemies":"Snecko","floor":21.0,"turns":3.0},{"damage":2.0,"enemies":"3 Cultists","floor":22.0,"turns":2.0},{"damage":6.0,"enemies":"REME_1_Revenger","floor":24.0,"turns":3.0},{"damage":21.0,"enemies":"Sentry and Sphere","floor":25.0,"turns":7.0},{"damage":15.0,"enemies":"Chosen and Byrds","floor":27.0,"turns":3.0},{"damage":34.0,"enemies":"Slavers","floor":28.0,"turns":3.0},{"damage":133,"enemies":"Collector","floor":33,"turns":5}],"seed_played":"4059501379711930211","potions_obtained":[{"floor":5.0,"key":"AttackPotion"},{"floor":7.0,"key":"SpeedPotion"},{"floor":13.0,"key":"Elixir"},{"floor":19.0,"key":"SkillPotion"},{"floor":19.0,"key":"Languid Potion"},{"floor":21.0,"key":"FearPotion"},{"floor":24.0,"key":"Fire Potion"},{"floor":25.0,"key":"Swift Potion"},{"floor":28.0,"key":"ZuzhouPotion:ReiMu"},{"floor":31.0,"key":"GrandPatriotsElixir:ReiMu"},{"floor":31.0,"key":"Dota2Spire:HealingSalve"}],"is_trial":false,"path_per_floor":["M","M","$","M","M","R","M","M","T","R","M","?","M","E","R","B",null,"M","?","M","M","M","?","E","M","T","M","E","?","R","?","R","B"],"character_chosen":"THE_FORSAKEN","items_purchased":["Regal Pillow","theForsaken:Thunderbolt"],"campfire_rested":2,"item_purchase_floors":[3,3],"current_hp_per_floor":[58,58,58,56,58,58,56,54,54,54,48,48,45,41,67,64,69,69,69,69,71,69,56,60,61,61,56,26,26,65,65,65,0,0],"gold":376,"neow_bonus":"ONE_RANDOM_RARE_CARD","is_daily":false,"chose_seed":false,"campfire_upgraded":3,"win_rate":0.0,"timestamp":1610588804,"path_taken":["M","M","$","M","M","R","M","M","T","R","M","?","M","E","R","BOSS","M","?","M","?","M","?","E","M","T","M","E","?","R","?","R","BOSS"],"items_purchased_type":["Relic","Card"],"build_version":"2020-12-22","purchased_purges":0,"victory":false,"max_hp_per_floor":[65,65,65,65,65,65,65,65,65,65,65,65,65,67,67,69,69,71,71,71,71,71,76,78,78,78,80,82,82,82,82,82,82,82],"card_choices":[{"not_picked":["theForsaken:PreciseStrike","theForsaken:Terrorize"],"picked":"theForsaken:ScorchingSunlight","floor":1.0},{"not_picked":["theForsaken:DarkBargain","theForsaken:RainingSunlight","theForsaken:FuryStrikes","theForsaken:Terrorize"],"picked":"theForsaken:FatRoll","floor":2.0},{"not_picked":["theForsaken:BlindFaith","theForsaken:FuryStrikes","theForsaken:FatRoll","theForsaken:PreciseStrike"],"picked":"theForsaken:BountifulSunlight","floor":4.0},{"not_picked":["theForsaken:BindingThorns","theForsaken:Thunderbolt","theForsaken:CreepingInfection","theForsaken:ShieldCharge"],"picked":"theForsaken:Confusion","floor":5.0},{"not_picked":["theForsaken:DarkBargain","theForsaken:BlightOfFamine","theForsaken:AncientWords","theForsaken:Thunderbolt"],"picked":"theForsaken:Preservation","floor":7.0},{"not_picked":["theForsaken:LightRoll","theForsaken:HorrifyingStrike","theForsaken:FuryStrikes","theForsaken:WrathOfGod"],"picked":"theForsaken:WordsOfPestilence","floor":8.0},{"not_picked":["theForsaken:CreepingInfection","theForsaken:Devotion","theForsaken:PanicDive","theForsaken:HymnOfRest"],"picked":"theForsaken:Eulogy","floor":11.0},{"not_picked":["theForsaken:ChargeAttack","theForsaken:HorrifyingStrike","theForsaken:FuryStrikes","theForsaken:WrathOfGod"],"picked":"theForsaken:FountainOfLife","floor":13.0},{"not_picked":["theForsaken:RainingSunlight","theForsaken:BindingThorns","theForsaken:Backlash","theForsaken:LightRoll","theForsaken:Tranquility"],"picked":"SKIP","floor":14.0},{"not_picked":["theForsaken:CorruptDeck","theForsaken:DarkRift","theForsaken:Horror","theForsaken:DivineGuidance"],"picked":"theForsaken:Prudence","floor":16.0},{"not_picked":["theForsaken:StoreUp","theForsaken:FatRoll","theForsaken:HymnOfPatience","theForsaken:ShieldCharge","theForsaken:Eulogy"],"picked":"SKIP","floor":18.0},{"not_picked":["theForsaken:FuryStrikes+1","theForsaken:LightRoll+1","theForsaken:QuickAttack","theForsaken:ShieldBash"],"picked":"theForsaken:SiphonStrike","floor":20.0},{"not_picked":["theForsaken:Eulogy+1","theForsaken:ChargeAttack","theForsaken:StoreUp","theForsaken:RainingSunlight"],"picked":"theForsaken:QuickAttack","floor":21.0},{"not_picked":["theForsaken:PowerUp","theForsaken:HymnOfPatience","theForsaken:Preservation","theForsaken:LightRoll"],"picked":"theForsaken:Bolster+1","floor":22.0},{"not_picked":["theForsaken:ShieldBash+1","theForsaken:BlessedWeapon+1","theForsaken:WordsOfMight+1","theForsaken:Eulogy","theForsaken:Preservation"],"picked":"SKIP","floor":24.0},{"not_picked":["theForsaken:Parry","theForsaken:Thunderbolt+1","theForsaken:QuickAttack","theForsaken:CreepingInfection"],"picked":"theForsaken:BountifulSunlight","floor":25.0},{"not_picked":["theForsaken:CorruptedWord","theForsaken:FatRoll","theForsaken:BountifulSunlight","theForsaken:StoreUp"],"picked":"theForsaken:MagicWeapon","floor":27.0},{"not_picked":["theForsaken:BattleHymn+1","theForsaken:RainingSunlight","theForsaken:DefensiveStance","theForsaken:WordsOfMight"],"picked":"theForsaken:DivineGuidance","floor":28.0}],"player_experience":104180,"relics_obtained":[{"floor":1.0,"key":"SynthV:TestCard"},{"floor":9.0,"key":"Happy Flower"},{"floor":14.0,"key":"AT_ChloranthyRing"},{"floor":24.0,"key":"Bronze Scales"},{"floor":28.0,"key":"Divine Protection"}],"event_choices":[{"damage_healed":0.0,"max_hp_gain":0.0,"max_hp_loss":0.0,"gold_gain":0.0,"event_name":"The Woman in Blue","player_choice":"Bought 2 Potions","floor":19.0,"gold_loss":0.0,"damage_taken":0.0},{"damage_healed":0.0,"max_hp_gain":5.0,"max_hp_loss":0.0,"gold_gain":0.0,"event_name":"Forgotten Altar","player_choice":"Shed Blood","floor":23.0,"gold_loss":0.0,"damage_taken":18.0},{"damage_healed":0.0,"max_hp_gain":0.0,"max_hp_loss":0.0,"gold_gain":0.0,"event_name":"Ghosts","player_choice":"Ignored","floor":29.0,"gold_loss":0.0,"damage_taken":0.0},{"damage_healed":0.0,"max_hp_gain":0.0,"max_hp_loss":0.0,"gold_gain":0.0,"event_name":"Lab","player_choice":"Got Potions","floor":31.0,"gold_loss":0.0,"damage_taken":0.0}],"is_beta":false,"boss_relics":[{"not_picked":["Ring of Chaos","PatriotShield"],"picked":"theForsaken:ArmorOfThorns"}],"items_purged_floors":[],"is_endless":false,"potions_floor_spawned":[5,7,13,21,24,25,28],"killed_by":"Collector","ascension_level":0}}