{"host":"684z1xpuwaoqmmh1","time":1610629469,"event":{"mods":["Bard","BaseMod","Downfall","Hermit","Jorbs\u0027s Wanderer Trilogy","Marisa????????","Minty Spire (QoL Compilation)","Robot Space Explorer","Shade Mod","StSLib","The Bug Knight","The Cursed","The Hayseed","The Hierophant","The Marked","The Mystic","The Runesmith","The Senshi","The Spell Scribe"],"gold_per_floor":[99,99,119,1,13,45,71,96,115,126,139,168,93,122,133,209,209,209,225,225,225,238,267,294,314,333,364,384,45,45,64,84,163,163,88,98,109,94,94,94,94,110,141,486,500,425,425,452,463,463,463,492,40,40,40,40,40],"floor_reached":55,"language":"ENG","playtime":5443,"items_purged":["hexamod:Strike"],"score":1499,"play_id":"e34e4891-e41d-476e-a3a0-aced9c4b9c3c","local_time":"20210114150429","is_ascension_mode":true,"campfire_choices":[{"data":"hexamod:Float","floor":1.0,"key":"SMITH"},{"floor":13.0,"key":"REST"},{"floor":18.0,"key":"RECALL"},{"floor":30.0,"key":"REST"},{"data":"hexamod:SuperheatedStrike","floor":35.0,"key":"SMITH"},{"data":"hexamod:FastForward","floor":40.0,"key":"SMITH"},{"floor":46,"key":"REST"},{"floor":54,"key":"REST"}],"circlet_count":0,"master_deck":["AscendersBane","hexamod:Strike+1","hexamod:Strike+1","hexamod:Defend+1","hexamod:Defend+1","hexamod:Defend+1","hexamod:Defend+1","hexamod:Sear+1","hexamod:Float+1","hexamod:FastForward+1","hexamod:TimeOfNeed+1","hexamod:HauntingEcho+1","hexamod:PhantomFireball+1","hexamod:SuperheatedStrike+1","hexamod:GhostOfSpireFuture+1","hexamod:ShieldOfDarkness+1","hexamod:Hexaguard+1","hexamod:GiftsFromTheDead+1","hexamod:FastForward+1","hexamod:SwordOfDarkness+1","hexamod:SixthSeal","hexamod:ThermalTransfer+1","hexamod:HeatMetal+1","hexamod:PhantomCloak+1","hexamod:ShieldOfDarkness+1","hexamod:TimeWarp"],"relics":["hexamod:SpiritBrand","Omamori","hexamod:BolsterEngine","Akabeko","theSenshi:SailorFukuRelic","downfall:HeartBlessingGreen","Guardian:PocketSentry","Busted Crown","PreservedInsect","War Paint","HollowMod:LifeEnderRelic","hexamod:MatchstickCase","Oddly Smooth Stone","sneckomod:SneckoTalon","downfall:HeartBlessingRed","MealTicket","downfall:HeartBlessingBlue","Bag of Marbles","hexamod:Sixitude","hexamod:CandleOfCauterizing"],"acts_visited":["Exordium","TheCity","TheBeyond","TheEnding"],"potions_floor_usage":[50,55],"damage_taken":[{"damage":1.0,"enemies":"Small Slimes","floor":3.0,"turns":4.0},{"damage":0.0,"enemies":"downfall:FleeingMerchant","floor":4.0,"turns":4.0},{"damage":0.0,"enemies":"Cultist","floor":5.0,"turns":4.0},{"damage":16.0,"enemies":"3 Sentries","floor":6.0,"turns":6.0},{"damage":4.0,"enemies":"Lagavulin","floor":8.0,"turns":5.0},{"damage":0.0,"enemies":"2 Louse","floor":9.0,"turns":2.0},{"damage":0.0,"enemies":"Exordium Thugs","floor":10.0,"turns":3.0},{"damage":0.0,"enemies":"Large Slime","floor":11.0,"turns":5.0},{"damage":7.0,"enemies":"3 Sentries","floor":12.0,"turns":8.0},{"damage":0.0,"enemies":"Gremlin Nob","floor":14.0,"turns":3.0},{"damage":6.0,"enemies":"Gremlin Gang","floor":15.0,"turns":5.0},{"damage":1.0,"enemies":"downfall:Watcher","floor":16.0,"turns":8.0},{"damage":0.0,"enemies":"Spheric Guardian","floor":19.0,"turns":4.0},{"damage":0.0,"enemies":"3 Byrds","floor":22.0,"turns":4.0},{"damage":16.0,"enemies":"Gremlin Leader","floor":23.0,"turns":5.0},{"damage":6.0,"enemies":"Snake Plant","floor":25.0,"turns":4.0},{"damage":8.0,"enemies":"Shelled Parasite and Fungi","floor":26.0,"turns":5.0},{"damage":2.0,"enemies":"Book of Stabbing","floor":27.0,"turns":4.0},{"damage":5.0,"enemies":"Cultist and Chosen","floor":28.0,"turns":5.0},{"damage":1.0,"enemies":"downfall:FleeingMerchant","floor":29.0,"turns":4.0},{"damage":0.0,"enemies":"Snake Plant","floor":31.0,"turns":3.0},{"damage":0.0,"enemies":"Centurion and Healer","floor":32.0,"turns":3.0},{"damage":6.0,"enemies":"downfall:Ironclad","floor":33.0,"turns":8.0},{"damage":0.0,"enemies":"3 Darklings","floor":36.0,"turns":5.0},{"damage":0.0,"enemies":"3 Shapes","floor":37.0,"turns":3.0},{"damage":0.0,"enemies":"downfall:FleeingMerchant","floor":38.0,"turns":4.0},{"damage":12.0,"enemies":"Writhing Mass","floor":42.0,"turns":6.0},{"damage":29.0,"enemies":"Giant Head","floor":43.0,"turns":7.0},{"damage":0.0,"enemies":"downfall:FleeingMerchant","floor":44.0,"turns":1.0},{"damage":1,"enemies":"Spire Growth","floor":45,"turns":4},{"damage":2,"enemies":"Nemesis","floor":48,"turns":5},{"damage":0,"enemies":"Transient","floor":49,"turns":6},{"damage":2,"enemies":"downfall:Silent","floor":50,"turns":9},{"damage":66,"enemies":"downfall:CharBossMerchant","floor":52,"turns":8},{"damage":53,"enemies":"downfall:NeowBoss","floor":55,"turns":21}],"seed_played":"7707885715348113975","potions_obtained":[{"floor":5.0,"key":"Dexterity Potion"},{"floor":6.0,"key":"Strength Potion"},{"floor":10.0,"key":"Dexterity Potion"},{"floor":11.0,"key":"SkillPotion"},{"floor":14.0,"key":"sneckomod:MuddlingPotion"},{"floor":16.0,"key":"Fire Potion"},{"floor":22.0,"key":"Block Potion"},{"floor":23.0,"key":"Energy Potion"},{"floor":28.0,"key":"ColorlessPotion"},{"floor":33.0,"key":"Fire Potion"},{"floor":36.0,"key":"SkillPotion"},{"floor":42.0,"key":"SteroidPotion"},{"floor":48,"key":"DistilledChaos"},{"floor":52,"key":"Swift Potion"}],"is_trial":false,"path_per_floor":["R","?","M","$","M","E","T","E","M","M","M","E","R","E","M","B",null,"R","M","?","?","M","E","T","M","M","E","M","$","R","M","M","B",null,"R","M","M","$","?","R","T","M","E","$","M","R","?","E","M","B",null,"E","$","R","B"],"character_chosen":"THE_SPIRIT","items_purchased":["hexamod:HauntingEcho","hexamod:MatchstickCase","Oddly Smooth Stone","hexamod:CandleOfCauterizing","hexamod:TimeWarp"],"campfire_rested":4,"item_purchase_floors":[4,29,29,53,53],"current_hp_per_floor":[63,63,62,62,62,46,46,42,42,42,42,35,55,55,49,48,64,64,64,64,64,64,48,48,42,34,32,27,26,46,46,46,40,62,62,62,62,62,62,62,62,50,21,36,35,68,68,66,66,64,75,9,24,47,0,0,0],"gold":40,"neow_bonus":"TEN_PERCENT_HP_BONUS","is_daily":false,"chose_seed":false,"campfire_upgraded":3,"win_rate":0.0,"timestamp":1610629469,"path_taken":["R","?","M","$","M","E","T","E","?","M","M","E","R","E","M","BOSS","R","M","?","?","?","E","T","M","M","E","M","$","R","M","M","BOSS","R","M","M","$","?","R","T","?","E","$","?","R","?","E","M","BOSS","E","$","R","BOSS"],"items_purchased_type":["Card","Relic","Relic","Relic","Card"],"build_version":"2020-12-22","purchased_purges":1,"victory":false,"max_hp_per_floor":[69,69,69,69,69,69,69,69,69,69,69,69,69,69,69,69,69,69,69,69,69,69,69,69,69,69,69,69,69,69,69,69,69,69,69,69,69,69,69,69,69,69,69,69,69,79,79,79,79,79,79,79,79,79,79,79,79],"card_choices":[{"not_picked":["hexamod:AdvancingGuard","hexamod:SpectersWail"],"picked":"hexamod:FastForward","floor":3.0},{"not_picked":["hexamod:FlamesFromBeyond","hexamod:Rewind"],"picked":"hexamod:TimeOfNeed","floor":4.0},{"not_picked":["hexamod:SoulSteal","hexamod:SpectralSpark"],"picked":"hexamod:PhantomFireball","floor":5.0},{"not_picked":["hexamod:GhostLash","hexamod:PowerFromBeyond"],"picked":"hexamod:SuperheatedStrike","floor":6.0},{"not_picked":["hexamod:PowerFromBeyond","hexamod:InspiringFlames"],"picked":"hexamod:GhostOfSpireFuture","floor":8.0},{"not_picked":["hexamod:SwordOfDarkness","hexamod:ThermalTransfer"],"picked":"hexamod:ShieldOfDarkness","floor":9.0},{"not_picked":["hexamod:FlamesFromBeyond","hexamod:SpectralAdrenaline"],"picked":"hexamod:Hexaguard","floor":10.0},{"not_picked":["hexamod:BurningTouch","hexamod:InspiringFlames","hexamod:GhostLash"],"picked":"SKIP","floor":11.0},{"not_picked":["hexamod:GhostShield","hexamod:BacktrackSmack"],"picked":"hexamod:GiftsFromTheDead","floor":12.0},{"not_picked":["hexamod:AdvancingGuard","hexamod:RecurringNightmare"],"picked":"hexamod:FastForward","floor":14.0},{"not_picked":["hexamod:InspiringFlames","hexamod:PowerFromBeyond"],"picked":"hexamod:SwordOfDarkness","floor":15.0},{"not_picked":["hexamod:TurnItUp","hexamod:GhostflameInferno"],"picked":"hexamod:SixthSeal","floor":16.0},{"not_picked":["hexamod:GhostLash"],"picked":"SKIP","floor":19.0},{"not_picked":[],"picked":"hexamod:ThermalTransfer+1","floor":22.0},{"not_picked":["hexamod:SuperheatedStrike"],"picked":"SKIP","floor":23.0},{"not_picked":["hexamod:HeatCrush"],"picked":"SKIP","floor":25.0},{"not_picked":["hexamod:RetreatToShadows"],"picked":"SKIP","floor":26.0},{"not_picked":["hexamod:GhostOfSpirePast"],"picked":"SKIP","floor":27.0},{"not_picked":["hexamod:AdvancingGuard"],"picked":"SKIP","floor":28.0},{"not_picked":["hexamod:HauntingEcho+1"],"picked":"SKIP","floor":29.0},{"not_picked":["hexamod:InspiringFlames"],"picked":"SKIP","floor":31.0},{"not_picked":["hexamod:PhantomFireball"],"picked":"SKIP","floor":32.0},{"not_picked":[],"picked":"hexamod:HeatMetal","floor":36.0},{"not_picked":["hexamod:FastForward"],"picked":"SKIP","floor":37.0},{"not_picked":["hexamod:HeatCrush+1"],"picked":"SKIP","floor":38.0},{"not_picked":["hexamod:BurningTouch"],"picked":"SKIP","floor":42.0},{"not_picked":["hexamod:SwordOfDarkness"],"picked":"SKIP","floor":43.0},{"not_picked":["hexamod:NightmareGuise"],"picked":"SKIP","floor":45},{"not_picked":[],"picked":"hexamod:PhantomCloak","floor":48},{"not_picked":["hexamod:Again"],"picked":"SKIP","floor":49},{"not_picked":[],"picked":"hexamod:ShieldOfDarkness+1","floor":52}],"player_experience":2819905,"relics_obtained":[{"floor":6.0,"key":"Omamori"},{"floor":7.0,"key":"hexamod:BolsterEngine"},{"floor":8.0,"key":"Akabeko"},{"floor":12.0,"key":"theSenshi:SailorFukuRelic"},{"floor":14.0,"key":"Guardian:PocketSentry"},{"floor":23.0,"key":"PreservedInsect"},{"floor":24.0,"key":"War Paint"},{"floor":27.0,"key":"HollowMod:LifeEnderRelic"},{"floor":43.0,"key":"MealTicket"},{"floor":48,"key":"Bag of Marbles"},{"floor":52,"key":"hexamod:Sixitude"}],"event_choices":[{"damage_healed":0.0,"max_hp_gain":0.0,"max_hp_loss":0.0,"gold_gain":0.0,"event_name":"Upgrade Shrine","player_choice":"Upgraded","floor":2.0,"gold_loss":0.0,"damage_taken":0.0,"cards_upgraded":["hexamod:Sear"]},{"cards_removed":["hexamod:Strike"],"damage_healed":0.0,"max_hp_gain":0.0,"max_hp_loss":0.0,"gold_gain":0.0,"event_name":"Bonfire Elementals","player_choice":"Offered Basic","floor":21.0,"gold_loss":0.0,"damage_taken":0.0},{"damage_healed":0.0,"max_hp_gain":0.0,"max_hp_loss":0.0,"gold_gain":0.0,"event_name":"Upgrade Shrine","player_choice":"Upgraded","floor":39.0,"gold_loss":0.0,"damage_taken":0.0,"cards_upgraded":["hexamod:HeatMetal"]}],"is_beta":false,"boss_relics":[{"not_picked":["Sozu","Coffee Dripper"],"picked":"Busted Crown"},{"not_picked":["Fusion Hammer","Philosopher\u0027s Stone"],"picked":"sneckomod:SneckoTalon"}],"items_purged_floors":[4],"is_endless":false,"potions_floor_spawned":[5,6,9,10,11,14,16,22,23,28,33,36,37,42,48,49,52],"killed_by":"downfall:NeowBoss","ascension_level":18}}