{"host":"a5lz0e76zb3fcwkm","time":1610634481,"event":{"mods":["AchievementEnabler","BaseMod","Colored Map","Colored Powertips","Minty Spire (QoL Compilation)","StSLib","SuperFastMode"],"gold_per_floor":[118,130,130,180,196,196,213,488,488,517,517,537,28,28,28,100,100,119,119,136,136,151,151,162,193,218,252,265,265,300,318,318,397,397,414,460,305,305,305,337,337,365,438,225,236,261,99,128,128,128,128,128,128,11,39,39],"floor_reached":57,"language":"KOR","playtime":2268,"items_purged":["Regret","Defend_G","Strike_G"],"score":3217,"play_id":"7c0ec69c-1e4b-4a05-8e00-842e1a17d53b","local_time":"20210114232801","is_ascension_mode":true,"campfire_choices":[{"data":"Terror","floor":6.0,"key":"SMITH"},{"data":"Acrobatics","floor":11.0,"key":"SMITH"},{"floor":15.0,"key":"RECALL"},{"floor":23,"key":"REST"},{"floor":29,"key":"REST"},{"floor":32,"key":"REST"},{"data":"Wraith Form v2","floor":41,"key":"SMITH"},{"data":"Well Laid Plans","floor":49,"key":"SMITH"},{"floor":53,"key":"REST"}],"circlet_count":0,"master_deck":["AscendersBane","Defend_G","Defend_G","Defend_G","Defend_G","Survivor","Neutralize+1","Terror+1","Acrobatics+1","Backstab+1","PiercingWail","Deadly Poison+1","Corpse Explosion+1","Endless Agony+1","Wraith Form v2+1","Footwork+1","Deadly Poison+1","Noxious Fumes+1","Escape Plan+1","Blur+1","Blur+1","Tactician+1","Deflect+1","Wraith Form v2+1","Prepared+1","Concentrate+1","Well Laid Plans+1","Acrobatics+1","Reflex+1","Well Laid Plans"],"relics":["Ring of the Snake","NeowsBlessing","Lizard Tail","Thread and Needle","Toxic Egg 2","Singing Bowl","Astrolabe","Dead Branch","Whetstone","Torii","Paper Crane","Busted Crown","Ice Cream","Gremlin Horn","Bottled Lightning","Mummified Hand","Shovel","Lantern","Pear","Snake Skull"],"acts_visited":["Exordium","TheCity","TheBeyond","TheEnding"],"potions_floor_usage":[],"damage_taken":[{"damage":0.0,"enemies":"Cultist","floor":1.0,"turns":1.0},{"damage":0.0,"enemies":"2 Louse","floor":2.0,"turns":1.0},{"damage":0.0,"enemies":"Small Slimes","floor":5.0,"turns":1.0},{"damage":5.0,"enemies":"Red Slaver","floor":7.0,"turns":4.0},{"damage":54.0,"enemies":"Gremlin Nob","floor":10.0,"turns":5.0},{"damage":6.0,"enemies":"Exordium Wildlife","floor":12.0,"turns":7.0},{"damage":18.0,"enemies":"The Guardian","floor":16.0,"turns":11.0},{"damage":0.0,"enemies":"Spheric Guardian","floor":18.0,"turns":5.0},{"damage":6,"enemies":"Shell Parasite","floor":20,"turns":5},{"damage":6,"enemies":"3 Cultists","floor":22,"turns":5},{"damage":2,"enemies":"Cultist and Chosen","floor":24,"turns":6},{"damage":29,"enemies":"Book of Stabbing","floor":25,"turns":7},{"damage":18,"enemies":"Gremlin Leader","floor":27,"turns":7},{"damage":0,"enemies":"Snecko","floor":28,"turns":4},{"damage":7,"enemies":"Book of Stabbing","floor":30,"turns":8},{"damage":7,"enemies":"Shelled Parasite and Fungi","floor":31,"turns":4},{"damage":41,"enemies":"Champ","floor":33,"turns":15},{"damage":0,"enemies":"Orb Walker","floor":35,"turns":3},{"damage":9,"enemies":"2 Orb Walkers","floor":36,"turns":4},{"damage":0,"enemies":"Reptomancer","floor":40,"turns":6},{"damage":0,"enemies":"Giant Head","floor":42,"turns":10},{"damage":0,"enemies":"3 Shapes","floor":45,"turns":1},{"damage":0,"enemies":"Mind Bloom Boss Battle","floor":46,"turns":7},{"damage":0,"enemies":"Reptomancer","floor":48,"turns":5},{"damage":0,"enemies":"Donu and Deca","floor":50,"turns":8},{"damage":59,"enemies":"Time Eater","floor":51,"turns":12},{"damage":0,"enemies":"Shield and Spear","floor":55,"turns":6},{"damage":102,"enemies":"The Heart","floor":56,"turns":10}],"seed_played":"3369207498231087264","potions_obtained":[{"floor":2.0,"key":"SteroidPotion"},{"floor":5.0,"key":"SneckoOil"},{"floor":16.0,"key":"FairyPotion"}],"is_trial":false,"path_per_floor":["M","M","T","?","M","R","M","?","T","E","R","M","$","T","R","B",null,"M","?","M","?","M","R","M","E","T","E","M","R","E","M","R","B",null,"M","?","$","?","?","E","R","E","T","$","M","?","$","E","R","B","B",null,"R","$","E","B",null],"character_chosen":"THE_SILENT","items_purchased":["Toxic Egg 2","Deadly Poison+1","FairyPotion","Prepared+1","Well Laid Plans","Lantern","Reflex+1","Well Laid Plans"],"campfire_rested":4,"item_purchase_floors":[13,13,13,37,44,47,54,54],"current_hp_per_floor":[59,59,59,53,53,53,48,48,48,33,33,27,27,27,27,9,52,52,52,46,46,42,62,60,31,31,15,15,36,29,22,43,2,53,55,48,48,48,48,50,50,50,50,50,52,54,54,64,64,64,5,66,86,86,88,26],"gold":39,"neow_bonus":"THREE_ENEMY_KILL","is_daily":false,"chose_seed":false,"campfire_upgraded":4,"win_rate":0.0,"timestamp":1610634481,"path_taken":["M","?","?","?","M","R","?","?","T","E","R","?","$","?","R","BOSS","M","?","?","?","?","R","M","E","T","E","M","R","E","M","R","BOSS","M","?","$","?","?","E","R","E","T","$","M","?","?","E","R","BOSS","BOSS","R","$","E","BOSS"],"items_purchased_type":["Relic","Card","Potion","Card","Card","Relic","Card","Card"],"build_version":"2020-12-22","purchased_purges":3,"victory":true,"max_hp_per_floor":[66,66,66,66,66,66,66,66,66,66,66,66,66,66,66,66,66,66,66,66,66,68,68,68,68,68,70,70,70,70,70,70,70,70,72,74,74,74,70,72,72,72,72,72,74,76,76,86,86,86,86,86,86,86,88,88],"card_choices":[{"not_picked":["Sucker Punch","Blur"],"picked":"Terror","floor":1.0},{"not_picked":["Dagger Throw","Poisoned Stab"],"picked":"Acrobatics","floor":2.0},{"not_picked":["Flying Knee","Distraction"],"picked":"Backstab","floor":5.0},{"not_picked":["Sucker Punch","Quick Slash","Concentrate"],"picked":"SKIP","floor":7.0},{"not_picked":["All Out Attack","Bouncing Flask","Skewer"],"picked":"SKIP","floor":10.0},{"not_picked":["Leg Sweep","Underhanded Strike"],"picked":"PiercingWail","floor":12.0},{"not_picked":["Venomology+1","Die Die Die"],"picked":"Corpse Explosion+1","floor":16.0},{"not_picked":["Bane","Dagger Throw"],"picked":"Deadly Poison+1","floor":18.0},{"not_picked":["Flying Knee","Slice"],"picked":"Noxious Fumes+1","floor":20},{"not_picked":["Cloak And Dagger+1","Flying Knee","Poisoned Stab+1"],"picked":"Singing Bowl","floor":22},{"not_picked":["Dodge and Roll+1","Cloak And Dagger+1"],"picked":"Escape Plan+1","floor":24},{"not_picked":["Doppelganger+1","Footwork"],"picked":"Blur+1","floor":25},{"not_picked":["Slice","Bouncing Flask+1","Endless Agony"],"picked":"Singing Bowl","floor":27},{"not_picked":["Heel Hook","Deflect+1"],"picked":"Blur+1","floor":28},{"not_picked":["Heel Hook","Deflect+1"],"picked":"Tactician+1","floor":30},{"not_picked":["Distraction+1","Skewer"],"picked":"Deflect+1","floor":31},{"not_picked":["Corpse Explosion+1","A Thousand Cuts"],"picked":"Wraith Form v2","floor":33},{"not_picked":["Underhanded Strike"],"picked":"Singing Bowl","floor":35},{"not_picked":["Eviscerate"],"picked":"Singing Bowl","floor":36},{"not_picked":["Dagger Spray"],"picked":"Singing Bowl","floor":40},{"not_picked":[],"picked":"Concentrate+1","floor":42},{"not_picked":["Dagger Spray"],"picked":"Singing Bowl","floor":45},{"not_picked":["Riddle With Holes+1"],"picked":"Singing Bowl","floor":46},{"not_picked":[],"picked":"Acrobatics+1","floor":48},{"not_picked":["Prepared+1"],"picked":"Singing Bowl","floor":55}],"player_experience":1728390,"relics_obtained":[{"floor":9.0,"key":"Lizard Tail"},{"floor":10.0,"key":"Thread and Needle"},{"floor":14.0,"key":"Singing Bowl"},{"floor":25,"key":"Dead Branch"},{"floor":26,"key":"Whetstone"},{"floor":27,"key":"Torii"},{"floor":30,"key":"Paper Crane"},{"floor":36,"key":"Ice Cream"},{"floor":40,"key":"Gremlin Horn"},{"floor":42,"key":"Bottled Lightning"},{"floor":43,"key":"Mummified Hand"},{"floor":46,"key":"Shovel"},{"floor":48,"key":"Pear"},{"floor":55,"key":"Snake Skull"}],"event_choices":[{"damage_healed":0.0,"max_hp_gain":0.0,"max_hp_loss":0.0,"gold_gain":50.0,"event_name":"FaceTrader","player_choice":"Touch","floor":4.0,"gold_loss":0.0,"damage_taken":6.0},{"damage_healed":0.0,"max_hp_gain":0.0,"max_hp_loss":0.0,"gold_gain":275.0,"event_name":"Golden Shrine","player_choice":"Desecrate","floor":8.0,"gold_loss":0.0,"damage_taken":0.0,"cards_obtained":["Regret"]},{"cards_removed":["Strike_G"],"damage_healed":0.0,"max_hp_gain":0.0,"max_hp_loss":0.0,"gold_gain":0.0,"event_name":"Purifier","player_choice":"Purged","floor":19.0,"gold_loss":0.0,"damage_taken":0.0},{"damage_healed":0,"gold_gain":0,"player_choice":"Got Potions","damage_taken":0,"max_hp_gain":0,"max_hp_loss":0,"event_name":"Lab","floor":21,"gold_loss":0},{"damage_healed":0,"gold_gain":0,"player_choice":"Fight","damage_taken":0,"max_hp_gain":0,"max_hp_loss":0,"event_name":"Mysterious Sphere","floor":36,"gold_loss":0},{"damage_healed":0,"gold_gain":0,"player_choice":"Ignored","damage_taken":0,"max_hp_gain":0,"max_hp_loss":0,"event_name":"Tomb of Lord Red Mask","floor":38,"gold_loss":0},{"damage_healed":0,"gold_gain":0,"player_choice":"Max HP","damage_taken":0,"max_hp_gain":0,"max_hp_loss":4,"event_name":"Winding Halls","floor":39,"gold_loss":0},{"damage_healed":0,"gold_gain":0,"player_choice":"Fight","damage_taken":0,"max_hp_gain":0,"max_hp_loss":0,"event_name":"MindBloom","floor":46,"gold_loss":0}],"is_beta":false,"boss_relics":[{"not_picked":["Fusion Hammer","SacredBark"],"picked":"Astrolabe"},{"not_picked":["Empty Cage","SlaversCollar"],"picked":"Busted Crown"}],"items_purged_floors":[13,37,44],"is_endless":false,"potions_floor_spawned":[2,5,16,24,27,28,33,35,40,46,48,55],"ascension_level":20}}