{"host":"1cd1aqaox6jesai3","time":1610600351,"event":{"mods":["Act Like it!","Arknights The Spire","Astrologer","Bartender","BaseMod","Colored Powertips","Googly Eyes","Hallownest","Infinite Spire","Mimic Mod","Minty Spire (QoL Compilation)","Replay The Spire","StSLib","The Bladedancer","The Bug Knight","The Construct","The Factory","The Hierophant"],"gold_per_floor":[115,157,177,177,177,204,224,224,224],"floor_reached":8,"language":"ENG","playtime":604,"items_purged":[],"score":56,"play_id":"420ef1df-c758-42aa-affa-cbdc5d43108b","local_time":"20210113235911","is_ascension_mode":false,"campfire_choices":[],"circlet_count":0,"master_deck":["blademaster:Strike","blademaster:Strike","blademaster:Strike","blademaster:Strike","blademaster:Defend","blademaster:Defend","blademaster:Defend","blademaster:Defend","blademaster:RagingBlow","blademaster:HighVoltage","blademaster:Sharpen","blademaster:ChargingUp","blademaster:SlyStabs","infinitespire:Gouge","blademaster:WindSlash","blademaster:BloodyBlow"],"relics":["Busted Crown","ReplayTheSpireMod:Shallot","infinitespire:ShieldingShard"],"acts_visited":["Exordium"],"potions_floor_usage":[6],"damage_taken":[{"damage":5,"enemies":"Jaw Worm","floor":1,"turns":4},{"damage":0,"enemies":"Small Slimes","floor":3,"turns":5},{"damage":31,"enemies":"3 Sentries","floor":6,"turns":13},{"damage":0,"enemies":"Cultist","floor":7,"turns":4},{"damage":10,"enemies":"Lagavulin","floor":8,"turns":5}],"seed_played":"-2493133812465404574","potions_obtained":[{"floor":1,"key":"SteroidPotion"}],"is_trial":false,"path_per_floor":["M","?","M","?","?","E","M","E"],"character_chosen":"THE_BLADEMASTER","items_purchased":[],"campfire_rested":0,"item_purchase_floors":[],"current_hp_per_floor":[70,40,40,40,40,9,9,0,0],"gold":224,"neow_bonus":"BOSS_RELIC","is_daily":false,"chose_seed":false,"campfire_upgraded":0,"win_rate":0.0,"timestamp":1610600351,"path_taken":["M","?","M","?","?","E","M","E"],"items_purchased_type":[],"build_version":"2020-12-22","purchased_purges":0,"victory":false,"max_hp_per_floor":[75,75,75,75,72,72,72,72,72],"card_choices":[{"not_picked":["blademaster:Meditate"],"picked":"SKIP","floor":1},{"not_picked":[],"picked":"blademaster:Sharpen","floor":2},{"not_picked":[],"picked":"blademaster:ChargingUp","floor":2},{"not_picked":[],"picked":"blademaster:SlyStabs","floor":3},{"not_picked":["infinitespire:Menacing","infinitespire:SealOfDarkness+"],"picked":"infinitespire:Gouge","floor":4},{"not_picked":[],"picked":"blademaster:WindSlash","floor":6},{"not_picked":[],"picked":"blademaster:BloodyBlow","floor":7}],"player_experience":162480,"relics_obtained":[{"floor":2,"key":"ReplayTheSpireMod:Shallot"},{"floor":6,"key":"infinitespire:ShieldingShard"},{"floor":6,"key":"blademaster:WindChargePerk"}],"event_choices":[{"cards_removed":["Parasite","infinitespire:Pacifist"],"damage_healed":0,"gold_gain":0,"player_choice":"Removed Curses","damage_taken":0,"max_hp_gain":0,"max_hp_loss":0,"event_name":"Fountain of Cleansing","floor":5,"gold_loss":0}],"is_beta":false,"boss_relics":[],"items_purged_floors":[],"is_endless":false,"potions_floor_spawned":[1],"killed_by":"Lagavulin","ascension_level":0}}