{"host":"c97twqu0op5dg8i4","time":1610586409,"event":{"mods":["AchievementEnabler","BaseMod","Colored Map","Minty Spire (QoL Compilation)","Permanent Neow"],"gold_per_floor":[112,112,74,87,162,162,162,187,211,265,265,296,296,314,44,61,61,162,162,182,182,99,99,109,109,139,157,157,157,188,188,41,61,61,61,166,166,182,34,82,102,114,114,140,140,140,140,150,150,150,168,203,203,203,203],"floor_reached":54,"language":"ENG","playtime":1756,"items_purged":["Strike_B","Strike_B"],"score":826,"play_id":"76200eee-bad4-4bdd-8b3d-a28bad2414d4","local_time":"20210113200649","is_ascension_mode":true,"campfire_choices":[{"data":"Scrape","floor":6,"key":"SMITH"},{"floor":11,"key":"REST"},{"data":"Go for the Eyes","floor":13,"key":"SMITH"},{"floor":17,"key":"REST"},{"floor":25,"key":"REST"},{"floor":31,"key":"REST"},{"floor":35,"key":"REST"},{"data":"Echo Form","floor":43,"key":"SMITH"},{"data":"Gash","floor":45,"key":"SMITH"},{"floor":49,"key":"REST"},{"data":"Buffer","floor":53,"key":"SMITH"}],"circlet_count":0,"master_deck":["Strike_B","Strike_B","Defend_B","Defend_B","Defend_B","Zap+1","Dualcast","Skim","Scrape+1","Genetic Algorithm","Go for the Eyes+1","Biased Cognition","Go for the Eyes","Gash+1","Scrape+1","Electrodynamics","Gash","Defragment","Gash","Gash+1","Reboot","Buffer+1","Echo Form+1","Self Repair","Gash+1"],"relics":["Cracked Core","PreservedInsect","Dream Catcher","Ancient Tea Set","Oddly Smooth Stone","Blue Candle","Black Star","Orichalcum","FossilizedHelix","Gremlin Horn","Ornamental Fan","Whetstone","Matryoshka","MealTicket","Nuclear Battery","Calipers","Pantograph","Molten Egg 2","Eternal Feather","Incense Burner","Akabeko","Turnip","Bottled Flame","Cables"],"acts_visited":["Exordium","TheCity","TheBeyond"],"potions_floor_usage":[18,24,26,26,30,40,51,54],"damage_taken":[{"damage":4,"enemies":"2 Louse","floor":1,"turns":3},{"damage":0,"enemies":"Small Slimes","floor":4,"turns":2},{"damage":29,"enemies":"3 Sentries","floor":8,"turns":6},{"damage":14,"enemies":"Gremlin Nob","floor":12,"turns":3},{"damage":0,"enemies":"Jaw Worm","floor":14,"turns":1},{"damage":6,"enemies":"Exordium Wildlife","floor":16,"turns":3},{"damage":24,"enemies":"The Guardian","floor":18,"turns":8},{"damage":26,"enemies":"2 Thieves","floor":20,"turns":3},{"damage":16,"enemies":"Shell Parasite","floor":24,"turns":5},{"damage":18,"enemies":"Gremlin Leader","floor":26,"turns":4},{"damage":6,"enemies":"Chosen and Byrds","floor":27,"turns":4},{"damage":0,"enemies":"Book of Stabbing","floor":30,"turns":4},{"damage":5,"enemies":"Shelled Parasite and Fungi","floor":33,"turns":4},{"damage":39,"enemies":"Champ","floor":36,"turns":9},{"damage":0,"enemies":"3 Shapes","floor":38,"turns":3},{"damage":16,"enemies":"2 Orb Walkers","floor":40,"turns":4},{"damage":13,"enemies":"3 Darklings","floor":41,"turns":3},{"damage":0,"enemies":"Maw","floor":42,"turns":7},{"damage":0,"enemies":"Reptomancer","floor":44,"turns":4},{"damage":2,"enemies":"4 Shapes","floor":48,"turns":2},{"damage":0,"enemies":"Sphere and 2 Shapes","floor":51,"turns":4},{"damage":0,"enemies":"Giant Head","floor":52,"turns":5},{"damage":92,"enemies":"Time Eater","floor":54,"turns":8}],"seed_played":"-1782624757745168796","potions_obtained":[{"floor":4,"key":"LiquidBronze"},{"floor":8,"key":"SkillPotion"},{"floor":18,"key":"Regen Potion"},{"floor":27,"key":"PowerPotion"},{"floor":38,"key":"Fire Potion"},{"floor":42,"key":"GamblersBrew"},{"floor":52,"key":"BlessingOfTheForge"}],"is_trial":false,"path_per_floor":["M","?","$","M","?","R","?","E","T","T","R","E","R","M","$","M","R","B",null,"M","?","$","?","M","R","E","M","T","T","E","R","$","M","?","R","B",null,"M","$","?","M","M","R","E","R","T","T","M","R","?","M","E","R","B"],"character_chosen":"DEFECT","items_purchased":["Scrape","Gash","Scrape","Regen Potion","Gash","Defragment","MealTicket","Fire Potion"],"campfire_rested":6,"item_purchase_floors":[3,15,15,15,22,22,32,39],"current_hp_per_floor":[71,71,71,71,60,60,60,31,31,31,53,39,39,39,39,33,55,46,68,42,28,28,28,26,50,32,26,26,26,26,50,50,45,45,69,30,68,68,80,64,51,51,51,51,51,51,51,49,80,80,80,80,80,0,0],"gold":203,"neow_bonus":"RANDOM_COMMON_RELIC","is_daily":false,"chose_seed":false,"campfire_upgraded":5,"win_rate":0.0,"timestamp":1610586409,"path_taken":["M","?","$","M","?","R","?","E","T","T","R","E","R","M","?","?","R","BOSS","M","?","$","?","M","R","E","M","T","T","E","R","$","M","?","R","BOSS","M","$","?","M","M","R","E","R","T","T","M","R","?","M","E","R","BOSS"],"items_purchased_type":["Card","Card","Card","Potion","Card","Card","Relic","Potion"],"build_version":"2020-12-22","purchased_purges":2,"victory":false,"max_hp_per_floor":[75,75,75,75,75,75,75,75,75,75,75,75,75,75,75,75,75,75,75,75,80,80,80,80,80,80,80,80,80,80,80,80,80,80,80,80,80,80,80,80,80,80,80,80,80,80,80,80,80,80,80,80,80,80,80],"card_choices":[{"not_picked":["Barrage","Conserve Battery"],"picked":"Skim","floor":1},{"not_picked":["Tempest","Darkness"],"picked":"Genetic Algorithm","floor":4},{"not_picked":["Cold Snap","Hologram"],"picked":"Go for the Eyes","floor":8},{"not_picked":["Static Discharge","Reprogram"],"picked":"Biased Cognition","floor":11},{"not_picked":["Steam","Hologram","Chaos"],"picked":"SKIP","floor":12},{"not_picked":["Reprogram","Compile Driver"],"picked":"Go for the Eyes","floor":14},{"not_picked":["Conserve Battery","Cold Snap","Redo"],"picked":"SKIP","floor":16},{"not_picked":["All For One","Biased Cognition"],"picked":"Electrodynamics","floor":18},{"not_picked":["Blizzard","Aggregate","Barrage+1"],"picked":"SKIP","floor":20},{"not_picked":["Sweeping Beam","Steam"],"picked":"Gash","floor":24},{"not_picked":["Rip and Tear","Leap"],"picked":"Gash","floor":26},{"not_picked":["Reprogram+1","Sweeping Beam","Force Field+1"],"picked":"SKIP","floor":27},{"not_picked":["Chaos","Leap"],"picked":"Reboot","floor":30},{"not_picked":["Sweeping Beam+1","Stack+1","Blizzard"],"picked":"SKIP","floor":33},{"not_picked":["Meteor Strike","All For One"],"picked":"Buffer","floor":36},{"not_picked":["Redo+1","Fusion","Coolheaded"],"picked":"SKIP","floor":38},{"not_picked":["Beam Cell","Genetic Algorithm","Lockon"],"picked":"SKIP","floor":41},{"not_picked":["Hologram+1","Chaos+1"],"picked":"Echo Form","floor":42},{"not_picked":["Fission","Steam","Cold Snap+1"],"picked":"SKIP","floor":44},{"not_picked":["Sweeping Beam+1","Ball Lightning+1","Storm+1"],"picked":"SKIP","floor":48},{"not_picked":["Rebound+1","Turbo"],"picked":"Self Repair","floor":49},{"not_picked":["Undo+1","Turbo+1"],"picked":"Gash+1","floor":51},{"not_picked":["Tempest+1","Glacier+1","Double Energy+1"],"picked":"SKIP","floor":52}],"player_experience":248805,"relics_obtained":[{"floor":8,"key":"Dream Catcher"},{"floor":9,"key":"Ancient Tea Set"},{"floor":10,"key":"Oddly Smooth Stone"},{"floor":12,"key":"Blue Candle"},{"floor":26,"key":"Orichalcum"},{"floor":26,"key":"FossilizedHelix"},{"floor":28,"key":"Gremlin Horn"},{"floor":29,"key":"Ornamental Fan"},{"floor":30,"key":"Whetstone"},{"floor":30,"key":"Matryoshka"},{"floor":40,"key":"Calipers"},{"floor":44,"key":"Pantograph"},{"floor":44,"key":"Molten Egg 2"},{"floor":46,"key":"Eternal Feather"},{"floor":46,"key":"Incense Burner"},{"floor":47,"key":"Akabeko"},{"floor":47,"key":"Turnip"},{"floor":52,"key":"Bottled Flame"},{"floor":52,"key":"Cables"}],"event_choices":[{"damage_healed":0,"gold_gain":0,"player_choice":"Grow","damage_taken":0,"max_hp_gain":0,"max_hp_loss":0,"event_name":"Living Wall","floor":2,"gold_loss":0,"cards_upgraded":["Zap"]},{"damage_healed":0,"gold_gain":75,"player_choice":"Gather Gold","damage_taken":11,"max_hp_gain":0,"max_hp_loss":0,"event_name":"World of Goop","floor":5,"gold_loss":0},{"damage_healed":0,"gold_gain":0,"player_choice":"Ignored","damage_taken":0,"max_hp_gain":0,"max_hp_loss":0,"event_name":"Liars Game","floor":7,"gold_loss":0},{"damage_healed":0,"gold_gain":0,"player_choice":"Shed Blood","damage_taken":19,"max_hp_gain":5,"max_hp_loss":0,"event_name":"Forgotten Altar","floor":21,"gold_loss":0},{"damage_healed":0,"gold_gain":0,"player_choice":"Ignored","damage_taken":0,"max_hp_gain":0,"max_hp_loss":0,"event_name":"Cursed Tome","floor":23,"gold_loss":0},{"damage_healed":0,"gold_gain":0,"player_choice":"Fight","damage_taken":0,"max_hp_gain":0,"max_hp_loss":0,"event_name":"Mysterious Sphere","floor":40,"gold_loss":0},{"cards_removed":["Defend_B"],"damage_healed":0,"gold_gain":0,"player_choice":"Removed Skill","damage_taken":0,"max_hp_gain":0,"max_hp_loss":0,"event_name":"Falling","floor":50,"gold_loss":0}],"is_beta":false,"boss_relics":[{"not_picked":["Coffee Dripper","Snecko Eye"],"picked":"Black Star"},{"not_picked":["SlaversCollar","Runic Dome"],"picked":"Nuclear Battery"}],"items_purged_floors":[15,39],"is_endless":false,"potions_floor_spawned":[4,8,18,20,27,38,42,52],"killed_by":"Time Eater","ascension_level":5}}