{"host":"w4b7hmige5bnqipq","time":1610619924,"event":{"mods":["2.2 Compatiblity","BaseMod","Colored Map","DeckTracker","Keyboard Shortcuts","Minty Spire (QoL Compilation)","Permanent Neow","Rare Cards Sparkle","SuperFastMode","everything is the same but u backflip on backflip","slay the spire mod where everything is the same but ironclad has a cowboy hat"],"gold_per_floor":[116,41,55,55,55,75,75,75,99,99,113,152,170,170,170,261,261,280,296,310,310,310],"floor_reached":21,"language":"KOR","playtime":663,"items_purged":["Strike_G"],"score":362,"play_id":"0794882a-cfa6-44f8-b12b-b2af49e1d8fe","local_time":"20210114192524","is_ascension_mode":true,"campfire_choices":[{"data":"Poisoned Stab","floor":7,"key":"SMITH"},{"data":"Backflip","floor":10,"key":"SMITH"},{"data":"Footwork","floor":15,"key":"SMITH"}],"circlet_count":0,"master_deck":["AscendersBane","Strike_G","Strike_G","Strike_G","Defend_G","Defend_G","Defend_G","Defend_G","Survivor","Neutralize","Poisoned Stab+1","Masterful Stab","Backflip+1","Footwork+1","Wraith Form v2","PiercingWail","Night Terror"],"relics":["Ring of the Snake","Golden Idol","Meat on the Bone","Anchor","Centennial Puzzle","Matryoshka","Sozu"],"acts_visited":["Exordium","TheCity"],"potions_floor_usage":[13,16],"damage_taken":[{"damage":6,"enemies":"Cultist","floor":1,"turns":5},{"damage":7,"enemies":"Small Slimes","floor":3,"turns":4},{"damage":2,"enemies":"Jaw Worm","floor":6,"turns":4},{"damage":0,"enemies":"Exordium Thugs","floor":11,"turns":3},{"damage":19,"enemies":"Lagavulin","floor":12,"turns":7},{"damage":2,"enemies":"Exordium Wildlife","floor":13,"turns":5},{"damage":27,"enemies":"Hexaghost","floor":16,"turns":12},{"damage":2,"enemies":"Spheric Guardian","floor":18,"turns":8},{"damage":30,"enemies":"Shell Parasite","floor":19,"turns":12},{"damage":15,"enemies":"Snake Plant","floor":20,"turns":7},{"damage":26,"enemies":"Shelled Parasite and Fungi","floor":21,"turns":3}],"seed_played":"2628655808694485423","potions_obtained":[{"floor":3,"key":"CultistPotion"},{"floor":6,"key":"Energy Potion"}],"is_trial":false,"path_per_floor":["M","$","M","$","?","M","R","?","T","R","M","E","M","T","R","B",null,"M","M","M","M"],"character_chosen":"THE_SILENT","items_purchased":[],"campfire_rested":0,"item_purchase_floors":[],"current_hp_per_floor":[38,38,31,31,31,29,29,29,29,29,41,34,32,32,32,17,49,47,29,26,0,0],"gold":310,"neow_bonus":"REMOVE_TWO","is_daily":false,"chose_seed":false,"campfire_upgraded":3,"win_rate":0.0,"timestamp":1610619924,"path_taken":["M","?","?","?","?","M","R","?","T","R","M","E","?","?","R","BOSS","M","M","M","M"],"items_purchased_type":[],"build_version":"2020-12-22","purchased_purges":1,"victory":false,"max_hp_per_floor":[66,66,66,66,60,60,60,60,60,60,60,60,60,60,60,60,60,60,60,60,60,60],"card_choices":[{"not_picked":["Prepared","Catalyst"],"picked":"Poisoned Stab","floor":1},{"not_picked":["Expertise","Prepared"],"picked":"Masterful Stab","floor":3},{"not_picked":["Terror","Slice"],"picked":"Backflip","floor":6},{"not_picked":["Cloak And Dagger","Dodge and Roll"],"picked":"Footwork","floor":11},{"not_picked":["Quick Slash","Dash"],"picked":"Wraith Form v2","floor":12},{"not_picked":["Outmaneuver","Dash"],"picked":"PiercingWail","floor":13},{"not_picked":["Envenom","Bullet Time"],"picked":"Night Terror","floor":16},{"not_picked":["Quick Slash","Slice+1","Deflect"],"picked":"SKIP","floor":18},{"not_picked":["Backflip","Eviscerate","Slice"],"picked":"SKIP","floor":19},{"not_picked":["Noxious Fumes","Quick Slash","Endless Agony"],"picked":"SKIP","floor":20}],"player_experience":485088,"relics_obtained":[{"floor":9,"key":"Anchor"},{"floor":12,"key":"Centennial Puzzle"},{"floor":14,"key":"Matryoshka"}],"event_choices":[{"damage_healed":0,"gold_gain":0,"player_choice":"Lose Max HP","damage_taken":0,"relics_obtained":["Golden Idol"],"max_hp_gain":0,"max_hp_loss":6,"event_name":"Golden Idol","floor":5,"gold_loss":0},{"damage_healed":0,"gold_gain":0,"player_choice":"Searched \u00272\u0027 times","damage_taken":0,"relics_obtained":["Meat on the Bone"],"max_hp_gain":0,"max_hp_loss":0,"event_name":"Dead Adventurer","floor":8,"gold_loss":0}],"is_beta":false,"boss_relics":[{"not_picked":["Fusion Hammer","Cursed Key"],"picked":"Sozu"}],"items_purged_floors":[2],"is_endless":false,"potions_floor_spawned":[3,6,11,12,19,20],"killed_by":"Shelled Parasite and Fungi","ascension_level":20}}