{"host":"pcbz64t4k17ey4z1","time":1610655495,"event":{"mods":["2.2 Compatiblity","AchievementEnabler","Act Like it!","Aspiration","BaseMod","Beaked The Cultist","Better Match","Better Third Choice","BetterRewards","Card Forge","Colored Map","Colored Powertips","Conspire","Disable Question Mark Monsters","Fireblade Mod","Friendly Minions","Gensokyo","GifTheSpireLib","Glutton Mod","Googly Eyes","Gremlin Mod","Hermit","Hubris","Infinite Spire","Koishi","Marisa????????","Minty Spire (QoL Compilation)","Permanent Neow","Potionbrewer","Quick Restart","Random Character Button","Rare Cards Sparkle","Relic Filter","Replay The Spire","Robot Space Explorer","Shade Mod","Shop Mod","Spicy Shops","StSLib","Stuff the Spire","SuperFastMode","The Cursed","The Druid","The Gatherer","The Hierophant","The IronCluck","The Jungle","The Marked","The Runesmith","Virulent Crown","Waifu the Spire","Wandering Minibosses","vexMod"],"gold_per_floor":[134,134,134,152,190,190,220,220,269,294,331,384,404,437,437,533,533,546,631,631,51,70,124,162,162,162],"floor_reached":25,"language":"ENG","playtime":1073,"items_purged":["Strike_R","Strike_R"],"score":802,"play_id":"6f70650a-b8c3-4c33-82dc-5e926fc15708","local_time":"20210114201815","is_ascension_mode":true,"campfire_choices":[{"data":"True Grit","floor":6,"key":"SMITH"},{"floor":15,"key":"REST"}],"circlet_count":0,"master_deck":["AscendersBane","Strike_R","Strike_R","Strike_R","Defend_R+1","Defend_R+1","Defend_R+1","Defend_R+1","Bash","conspire:Banana+1","HandOfGreed+1","Injury","Inflame+1","Evolve+1","True Grit+1","Double Tap","Thunderclap","Shrug It Off","Pummel","Feel No Pain+1","Inflame","Shrug It Off","Inflame","Seeing Red"],"relics":["Burning Blood","Hammer of Thor","Seething Fire","Anvil of the Gods","potionbrewer:Keyblade","StuffTheSpire:SapphireSignet","Juzu Bracelet","StuffTheSpire:Gunfinga","StuffTheSpire:Wildfire","infinitespire:Golems Mask","ReplayTheSpireMod:CursedCoin","vexMod:Dragonfruit","hubris:OldNail","Durian","StuffTheSpire:HeavyRock","Art of War","hubris:IronBody","potionbrewer:ToyAutogyro","aspiration:PoetsPen_weak","Red Mask","MutagenicStrength","Du-Vu Doll","vexMod:MemoryStick"],"acts_visited":["Exordium","TheCity"],"potions_floor_usage":[7,7,12,16,22,25],"damage_taken":[{"damage":4,"enemies":"Jaw Worm","floor":1,"turns":2},{"damage":6,"enemies":"Cultist","floor":4,"turns":3},{"damage":0,"enemies":"Small Slimes","floor":5,"turns":2},{"damage":11,"enemies":"Lagavulin","floor":7,"turns":5},{"damage":30,"enemies":"Gremlin Nob","floor":10,"turns":4},{"damage":10,"enemies":"3 Louse","floor":11,"turns":3},{"damage":19,"enemies":"Lagavulin","floor":12,"turns":6},{"damage":12,"enemies":"Blue Slaver","floor":13,"turns":5},{"damage":0,"enemies":"Gremlin Nob","floor":14,"turns":3},{"damage":14,"enemies":"Hexaghost","floor":16,"turns":8},{"damage":23,"enemies":"Chosen","floor":18,"turns":4},{"damage":18,"enemies":"Masked Bandits","floor":19,"turns":4},{"damage":0,"enemies":"Spheric Guardian","floor":22,"turns":2},{"damage":24,"enemies":"Gremlin Leader","floor":23,"turns":8},{"damage":51,"enemies":"3 Cultists","floor":24,"turns":6},{"damage":22,"enemies":"Nightmare","floor":25,"turns":3}],"seed_played":"-2418696858564114297","potions_obtained":[{"floor":4,"key":"AttackPotion"},{"floor":5,"key":"Block Potion"},{"floor":7,"key":"Venom Potion"},{"floor":14,"key":"Languid Potion"},{"floor":19,"key":"potionbrewer:InfectionPotion"},{"floor":24,"key":"Strength Potion"}],"is_trial":false,"path_per_floor":["M","?","$","M","M","R","E","?","T","E","M","E","M","E","R","B",null,"M","?","?","$","M","E","M","NM"],"character_chosen":"IRONCLAD","items_purchased":["potionbrewer:Keyblade","StuffTheSpire:SapphireSignet","Juzu Bracelet","conspire:Banana","StuffTheSpire:Gunfinga","HandOfGreed","infinitespire:Golems Mask","ReplayTheSpireMod:CursedCoin","vexMod:Dragonfruit","Du-Vu Doll","Inflame","Shrug It Off"],"campfire_rested":1,"item_purchase_floors":[0,0,0,0,0,0,0,0,0,21,21,21],"current_hp_per_floor":[77,77,77,79,86,86,88,91,91,69,65,54,50,56,86,80,98,83,73,73,73,79,63,20,0,0],"gold":162,"neow_bonus":"","is_daily":false,"chose_seed":false,"campfire_upgraded":1,"win_rate":0.0,"timestamp":1610655495,"path_taken":["M","?","?","M","M","R","E","?","T","E","M","E","M","E","R","BOSS","M","?","?","$","M","E","M","NM"],"items_purchased_type":["Relic","Relic","Relic","Card","Relic","Card","Relic","Relic","Relic","Relic","Card","Card"],"build_version":"2020-12-22","purchased_purges":2,"victory":false,"max_hp_per_floor":[82,82,82,84,86,86,93,96,96,98,98,100,102,102,102,104,104,106,108,108,108,108,110,112,114,114],"card_choices":[{"not_picked":["Heavy Blade","Clothesline"],"picked":"Inflame","floor":1},{"not_picked":["Pommel Strike","Wild Strike"],"picked":"Evolve","floor":4},{"not_picked":["Shrug It Off","Armaments"],"picked":"True Grit","floor":5},{"not_picked":["ReplayTheSpireMod:Limb From Limb","StuffTheSpire:Incineration"],"picked":"Double Tap","floor":7},{"not_picked":["Heavy Blade","Flex"],"picked":"Thunderclap","floor":10},{"not_picked":["Thunderclap","True Grit","Wild Strike"],"picked":"SKIP","floor":11},{"not_picked":["Flame Barrier","Hemogenesis"],"picked":"Shrug It Off","floor":12},{"not_picked":["Havoc","Thunderclap"],"picked":"Pummel","floor":13},{"not_picked":["Brutality","Entrench"],"picked":"Feel No Pain","floor":14},{"not_picked":["Anger","Clash+1","ReplayTheSpireMod:Corrosion Curse"],"picked":"SKIP","floor":18},{"not_picked":["Warcry","StuffTheSpire:BloodClot"],"picked":"Inflame","floor":22},{"not_picked":["Clothesline+1","Hemogenesis","Perfected Strike"],"picked":"SKIP","floor":23},{"not_picked":["Headbutt","conspire:Charge"],"picked":"Seeing Red","floor":24}],"player_experience":3343385,"relics_obtained":[{"floor":2,"key":"hubris:OldNail"},{"floor":7,"key":"Durian"},{"floor":9,"key":"StuffTheSpire:HeavyRock"},{"floor":10,"key":"Art of War"},{"floor":12,"key":"hubris:IronBody"},{"floor":14,"key":"potionbrewer:ToyAutogyro"},{"floor":19,"key":"Red Mask"},{"floor":23,"key":"vexMod:MemoryStick"}],"event_choices":[{"damage_healed":0,"gold_gain":0,"player_choice":"Relic","damage_taken":0,"max_hp_gain":0,"max_hp_loss":0,"event_name":"Wheel of Change","floor":2,"gold_loss":0},{"damage_healed":0,"gold_gain":0,"player_choice":"Fought Bandits","damage_taken":0,"max_hp_gain":0,"max_hp_loss":0,"event_name":"Masked Bandits","floor":19,"gold_loss":0},{"damage_healed":0,"gold_gain":0,"player_choice":"Inject Mutagens","damage_taken":0,"relics_obtained":["MutagenicStrength"],"max_hp_gain":0,"max_hp_loss":0,"event_name":"Drug Dealer","floor":20,"gold_loss":0}],"is_beta":false,"boss_relics":[{"not_picked":["Runic Cube","beaked:SacredDeck"],"picked":"aspiration:PoetsPen_weak"}],"items_purged_floors":[0,21],"is_endless":false,"potions_floor_spawned":[4,5,7,14,19,24],"killed_by":"Nightmare","ascension_level":20}}