{"host":"nh1tx9wty0m9wedw","time":1610639644,"event":{"mods":["BaseMod","Colored Map","Colored Powertips","Minty Spire (QoL Compilation)"],"gold_per_floor":[118,136,61,61,61,102,127,158,158,173,173,191,191,205,205,324,324,343,52,52,52,69,100,100,100,123,148,73,107,107,107,107,107,107],"floor_reached":33,"language":"ENG","playtime":1444,"items_purged":["Strike_R","Strike_R"],"score":543,"play_id":"6c155bb3-3db9-4eb7-8446-54948431afa7","local_time":"20210114165404","is_ascension_mode":true,"campfire_choices":[{"data":"Rage","floor":13.0,"key":"SMITH"},{"data":"Anger","floor":15.0,"key":"SMITH"},{"floor":24,"key":"REST"},{"data":"Armaments","floor":30,"key":"SMITH"},{"data":"Flame Barrier","floor":32,"key":"SMITH"}],"circlet_count":0,"master_deck":["Strike_R","Strike_R","Defend_R","Defend_R","Defend_R","Defend_R","Bash","Heavy Blade+1","Headbutt","Anger+1","Rage+1","Inflame+1","Bludgeon","The Bomb","Armaments+1","Decay","Iron Wave","Whirlwind","Flame Barrier+1","Reaper"],"relics":["Burning Blood","NeowsBlessing","Bloody Idol","PreservedInsect","Pen Nib","FossilizedHelix","Gremlin Horn","Philosopher\u0027s Stone","Juzu Bracelet","Ancient Tea Set","Mango","HornCleat"],"acts_visited":["Exordium","TheCity"],"potions_floor_usage":[27,33,33],"damage_taken":[{"damage":0.0,"enemies":"Small Slimes","floor":1.0,"turns":1.0},{"damage":0.0,"enemies":"Jaw Worm","floor":2.0,"turns":1.0},{"damage":0.0,"enemies":"Gremlin Nob","floor":6.0,"turns":1.0},{"damage":30.0,"enemies":"3 Sentries","floor":8.0,"turns":6.0},{"damage":0.0,"enemies":"Cultist","floor":10.0,"turns":3.0},{"damage":3.0,"enemies":"Blue Slaver","floor":12.0,"turns":4.0},{"damage":0.0,"enemies":"Lots of Slimes","floor":14.0,"turns":3.0},{"damage":0.0,"enemies":"Slime Boss","floor":16.0,"turns":6.0},{"damage":12.0,"enemies":"2 Thieves","floor":18.0,"turns":3.0},{"damage":18.0,"enemies":"Shell Parasite","floor":22.0,"turns":4.0},{"damage":29,"enemies":"Book of Stabbing","floor":23,"turns":4},{"damage":0,"enemies":"Gremlin Leader","floor":27,"turns":4},{"damage":0,"enemies":"Slavers","floor":29,"turns":1},{"damage":141,"enemies":"Champ","floor":33,"turns":10}],"seed_played":"-8961783596955273694","potions_obtained":[{"floor":2.0,"key":"DuplicationPotion"},{"floor":6.0,"key":"BloodPotion"},{"floor":12.0,"key":"SkillPotion"},{"floor":22.0,"key":"BloodPotion"},{"floor":23,"key":"BlessingOfTheForge"}],"is_trial":false,"path_per_floor":["M","M","$","?","?","E","T","E","T","M","?","M","R","M","R","B",null,"M","$","?","?","M","E","R","?","T","E","?","E","R","?","R","B"],"character_chosen":"IRONCLAD","items_purchased":["The Bomb","Armaments"],"campfire_rested":1,"item_purchase_floors":[19,19],"current_hp_per_floor":[80,80,80,60,60,66,66,42,42,48,48,51,51,57,57,63,76,70,70,70,70,63,45,69,63,68,93,93,94,94,94,94,0,0],"gold":107,"neow_bonus":"THREE_ENEMY_KILL","is_daily":false,"chose_seed":false,"campfire_upgraded":4,"win_rate":0.0,"timestamp":1610639644,"path_taken":["M","M","$","?","?","E","?","E","T","M","?","M","R","?","R","BOSS","M","$","?","?","?","E","R","?","T","E","?","E","R","?","R","BOSS"],"items_purchased_type":["Card","Card"],"build_version":"2020-12-22","purchased_purges":2,"victory":false,"max_hp_per_floor":[80,80,80,80,80,80,80,80,80,80,80,80,80,80,80,80,80,80,80,80,80,80,80,80,80,80,94,94,94,94,94,94,94,94],"card_choices":[{"not_picked":["Clothesline","Pommel Strike"],"picked":"Heavy Blade","floor":1.0},{"not_picked":["Disarm","Clothesline"],"picked":"Headbutt","floor":2.0},{"not_picked":["Pommel Strike","Clash"],"picked":"Anger","floor":6.0},{"not_picked":["Second Wind","Perfected Strike"],"picked":"Rage","floor":8.0},{"not_picked":["Battle Trance","Headbutt"],"picked":"Inflame","floor":10.0},{"not_picked":["Carnage","True Grit","Anger"],"picked":"SKIP","floor":12.0},{"not_picked":["Havoc","Pommel Strike","Warcry"],"picked":"SKIP","floor":14.0},{"not_picked":["Exhume","Barricade"],"picked":"Bludgeon","floor":16.0},{"not_picked":["Sword Boomerang+1","Perfected Strike","Clothesline"],"picked":"SKIP","floor":18.0},{"not_picked":["Wild Strike+1","Warcry"],"picked":"Iron Wave","floor":22.0},{"not_picked":["Searing Blow","Havoc"],"picked":"Whirlwind","floor":23},{"not_picked":["Combust+1","Twin Strike+1"],"picked":"Flame Barrier","floor":27},{"not_picked":["Evolve+1","Blood for Blood"],"picked":"Reaper","floor":29}],"player_experience":595749,"relics_obtained":[{"floor":6.0,"key":"PreservedInsect"},{"floor":7.0,"key":"Pen Nib"},{"floor":8.0,"key":"FossilizedHelix"},{"floor":9.0,"key":"Gremlin Horn"},{"floor":23,"key":"Juzu Bracelet"},{"floor":26,"key":"Ancient Tea Set"},{"floor":27,"key":"Mango"},{"floor":29,"key":"HornCleat"}],"event_choices":[{"damage_healed":0.0,"max_hp_gain":0.0,"max_hp_loss":0.0,"gold_gain":0.0,"event_name":"Golden Idol","player_choice":"Take Damage","floor":4.0,"gold_loss":0.0,"damage_taken":20.0,"relics_obtained":["Golden Idol"]},{"damage_healed":0.0,"max_hp_gain":0.0,"max_hp_loss":0.0,"gold_gain":0.0,"event_name":"Living Wall","player_choice":"Grow","floor":5.0,"gold_loss":0.0,"damage_taken":0.0,"cards_upgraded":["Heavy Blade"]},{"damage_healed":0.0,"max_hp_gain":0.0,"max_hp_loss":0.0,"gold_gain":0.0,"event_name":"Accursed Blacksmith","player_choice":"Forge","floor":11.0,"gold_loss":0.0,"damage_taken":0.0,"cards_upgraded":["Inflame"]},{"damage_healed":0.0,"max_hp_gain":0.0,"max_hp_loss":0.0,"gold_gain":0.0,"event_name":"Forgotten Altar","player_choice":"Gave Idol","floor":20.0,"relics_lost":["Golden Idol"],"gold_loss":0.0,"damage_taken":0.0,"relics_obtained":["Bloody Idol"]},{"damage_healed":0.0,"max_hp_gain":0.0,"max_hp_loss":0.0,"gold_gain":0.0,"event_name":"Wheel of Change","player_choice":"Cursed","floor":21.0,"gold_loss":0.0,"damage_taken":0.0,"cards_obtained":["Decay"]},{"damage_healed":0,"gold_gain":0,"player_choice":"","damage_taken":6,"max_hp_gain":0,"max_hp_loss":0,"event_name":"Knowing Skull","floor":25,"potions_obtained":[],"gold_loss":0,"cards_obtained":[]},{"cards_removed":["Strike_R"],"damage_healed":0,"gold_gain":0,"player_choice":"Gave Gold","damage_taken":0,"max_hp_gain":0,"max_hp_loss":0,"event_name":"Beggar","floor":28,"gold_loss":75},{"damage_healed":0,"gold_gain":0,"player_choice":"Ignored","damage_taken":0,"max_hp_gain":0,"max_hp_loss":0,"event_name":"Ghosts","floor":31,"gold_loss":0}],"is_beta":false,"boss_relics":[{"not_picked":["Runic Pyramid","Fusion Hammer"],"picked":"Philosopher\u0027s Stone"}],"items_purged_floors":[3,19],"is_endless":false,"potions_floor_spawned":[2,6,12,22,23],"killed_by":"Champ","ascension_level":5}}