{"host":"3oax8yz66k5njorr","time":1610619941,"event":{"mods":["AchievementEnabler","BaseMod","Colored Map","Colored Powertips","DeckTracker","Minty Spire (QoL Compilation)","Rare Cards Sparkle"],"gold_per_floor":[109,121,121,132,3,35,55,67,67,86,115,133,149,166,166,268,268,268,268],"floor_reached":18,"language":"KOR","playtime":726,"items_purged":["Strike_G"],"score":203,"play_id":"0abb04c2-2932-4442-97e7-0d9dcb48139a","local_time":"20210114192541","is_ascension_mode":false,"campfire_choices":[{"floor":15,"key":"REST"}],"circlet_count":0,"master_deck":["Strike_G","Strike_G","Strike_G","Strike_G","Defend_G","Defend_G","Defend_G","Defend_G","Defend_G","Survivor","Neutralize","Poisoned Stab+1","Quick Slash","PiercingWail","Dodge and Roll","Dagger Spray","Masterful Stab","Blur","Adrenaline","Dash","Backflip","PiercingWail","Burst"],"relics":["Ring of the Snake","NeowsBlessing","Smiling Mask","TungstenRod","Ice Cream","Runic Pyramid"],"acts_visited":["Exordium","TheCity"],"potions_floor_usage":[6,11,11,16,16,16],"damage_taken":[{"damage":0,"enemies":"Cultist","floor":1,"turns":1},{"damage":0,"enemies":"Small Slimes","floor":2,"turns":1},{"damage":0,"enemies":"2 Louse","floor":4,"turns":1},{"damage":36,"enemies":"Lagavulin","floor":6,"turns":6},{"damage":3,"enemies":"Exordium Thugs","floor":7,"turns":7},{"damage":3,"enemies":"Looter","floor":8,"turns":3},{"damage":6,"enemies":"Blue Slaver","floor":10,"turns":3},{"damage":0,"enemies":"Gremlin Nob","floor":11,"turns":2},{"damage":0,"enemies":"Red Slaver","floor":12,"turns":3},{"damage":4,"enemies":"Large Slime","floor":13,"turns":5},{"damage":0,"enemies":"Exordium Thugs","floor":14,"turns":4},{"damage":25,"enemies":"Hexaghost","floor":16,"turns":15},{"damage":5,"enemies":"Shell Parasite","floor":18,"turns":6}],"seed_played":"-6847398843269435085","potions_obtained":[{"floor":2,"key":"CunningPotion"},{"floor":7,"key":"DuplicationPotion"},{"floor":8,"key":"Fire Potion"},{"floor":11,"key":"ColorlessPotion"},{"floor":12,"key":"DistilledChaos"},{"floor":13,"key":"Block Potion"}],"is_trial":false,"path_per_floor":["M","M","?","M","$","E","M","M","T","M","E","M","M","M","R","B",null,"M"],"character_chosen":"THE_SILENT","items_purchased":["Dodge and Roll"],"campfire_rested":1,"item_purchase_floors":[5],"current_hp_per_floor":[70,70,70,70,70,34,31,28,28,22,22,22,18,18,39,14,70,65,65],"gold":268,"neow_bonus":"THREE_ENEMY_KILL","is_daily":false,"chose_seed":false,"campfire_upgraded":0,"win_rate":0.0,"timestamp":1610619941,"path_taken":["M","M","?","M","$","E","M","M","T","M","E","M","M","M","R","BOSS","M"],"items_purchased_type":["Card"],"build_version":"2020-12-22","purchased_purges":1,"victory":false,"max_hp_per_floor":[70,70,70,70,70,70,70,70,70,70,70,70,70,70,70,70,70,70,70],"card_choices":[{"not_picked":["Prepared","Slice"],"picked":"Poisoned Stab","floor":1},{"not_picked":["Caltrops","Riddle With Holes"],"picked":"Quick Slash","floor":2},{"not_picked":["Acrobatics","Deflect"],"picked":"PiercingWail","floor":4},{"not_picked":["Flechettes","Doppelganger","Sucker Punch"],"picked":"SKIP","floor":6},{"not_picked":["Deadly Poison","Infinite Blades"],"picked":"Dagger Spray","floor":7},{"not_picked":["Calculated Gamble","Distraction"],"picked":"Masterful Stab","floor":8},{"not_picked":["Distraction","Terror"],"picked":"Blur","floor":10},{"not_picked":["Quick Slash","Bouncing Flask"],"picked":"Adrenaline","floor":11},{"not_picked":["Dagger Spray","Catalyst"],"picked":"Dash","floor":12},{"not_picked":["Slice","Reflex"],"picked":"Backflip","floor":13},{"not_picked":["Reflex","Expertise"],"picked":"PiercingWail","floor":14},{"not_picked":["Tools of the Trade","Die Die Die"],"picked":"Burst","floor":16}],"player_experience":49720,"relics_obtained":[{"floor":6,"key":"Smiling Mask"},{"floor":9,"key":"TungstenRod"},{"floor":11,"key":"Ice Cream"}],"event_choices":[{"damage_healed":0,"gold_gain":0,"player_choice":"Grow","damage_taken":0,"max_hp_gain":0,"max_hp_loss":0,"event_name":"Living Wall","floor":3,"gold_loss":0,"cards_upgraded":["Poisoned Stab"]}],"is_beta":false,"boss_relics":[{"not_picked":["Snecko Eye","Runic Dome"],"picked":"Runic Pyramid"}],"items_purged_floors":[5],"is_endless":false,"potions_floor_spawned":[2,7,8,11,12,13],"killed_by":"Shell Parasite","ascension_level":0}}