{"host":"g2v9yifwdrisoopr","time":1610651008,"event":{"mods":["2.2 Compatiblity","AchievementEnabler","Aspiration","BaseMod","Card Forge","Colored Map","Colored Powertips","Conspire","Downfall","GifTheSpireLib","Halation","Hermit","Highlight Path","Infinite Spire","Minty Spire (QoL Compilation)","Replay The Spire","Retaliation","Shop Mod","Somnambulant","Spicy Shops","Spikes Relics","StSLib","Strawberry Spire","Stuff the Spire","The Bladedancer","The Cursed","Transform Curses","vexMod","??????REMEMod"],"gold_per_floor":[117,117,128,4,4,30,42,55,81,81,81,48,323,333,333,509,509,528,528,546,546,521,521,550,595,689,717,729,741,753,765,777,806,818,926,938,963,975,264,264,264,274,274,366,366,164,177,177,177,187,187,187],"floor_reached":53,"language":"ENG","playtime":3751,"items_purged":["ReplayTheSpireMod:Splinters","blademaster:Stormstrike"],"score":1042,"play_id":"6030bf5a-4c9d-4079-ba76-34c81b637baa","local_time":"20210114200328","daily_mods":["Allstar","Colorless Cards","Heirloom","Time Dilation","Flight","downfall:Jewelcrafting","downfall:ChampStances","downfall:Lament"],"is_ascension_mode":false,"campfire_choices":[{"data":"REME_BattleFury","floor":34,"key":"SMITH"},{"floor":43,"key":"REST"},{"data":"infinitespire:FinalStrike","floor":48,"key":"SMITH"},{"floor":51,"key":"DIG"}],"circlet_count":1,"master_deck":["Madness+1","blademaster:Strike+1","blademaster:Strike+1","blademaster:Strike+1","blademaster:Strike+1","blademaster:Defend+1","blademaster:Defend+1","blademaster:Defend+1","blademaster:Defend+1","blademaster:HighVoltage+1","Guardian:ExploitGems+1","Guardian:ExploitGems+1","Apotheosis+1","Forethought+1","REME_WheelOfFate+1","Specialist+1","StuffTheSpire:PlasmaPunch+1","blademaster:Bloodbath+1","blademaster:ChargingUp+1","PanicButton+1","blademaster:CullingStrike+1","hermit:Gambit+1","Replay:Sssssssssstrike+1","Degenerate+1","blademaster:Quickstep+1","blademaster:Stability+1","Replay:SS_forest_6+1","REME_BattleFury+1","blademaster:Rupture+1","ReplayUltimateDefense+1","blademaster:FuriousStrike+1","Cleave+1","blademaster:ThunderSlash+1","blademaster:BladeMastery+1","somnambulantmod: Harden+1","blademaster:LeechingStrike+1","blademaster:DancingEdge+1","blademaster:ThunderSlash+1","blademaster:KiBarrier","CloudedMind","StuffTheSpire:GnomedCurse","infinitespire:FinalStrike","blademaster:LeechingStrike+1","blademaster:Strike+1","Madness+1","Madness+1","blademaster:Strike+1","blademaster:Strike+1","blademaster:Strike+1","blademaster:Strike+1","blademaster:Strike+1","blademaster:Strike+1","blademaster:Strike+1","blademaster:Strike+1","blademaster:Defend+1","blademaster:Defend+1","blademaster:Defend+1","blademaster:Defend+1","blademaster:Defend+1","blademaster:Defend+1","blademaster:Defend+1","blademaster:Defend+1","blademaster:HighVoltage+1","blademaster:HighVoltage+1","Guardian:ExploitGems+1","Guardian:ExploitGems+1","Guardian:ExploitGems+1","Guardian:ExploitGems+1","Apotheosis+1","Apotheosis+1","Forethought+1","Forethought+1","REME_WheelOfFate+1","REME_WheelOfFate+1","Specialist+1","Specialist+1","StuffTheSpire:PlasmaPunch+1","StuffTheSpire:PlasmaPunch+1","blademaster:Bloodbath+1","blademaster:Bloodbath+1","blademaster:ChargingUp+1","blademaster:ChargingUp+1","PanicButton+1","PanicButton+1","blademaster:CullingStrike+1","blademaster:CullingStrike+1","hermit:Gambit+1","hermit:Gambit+1","Replay:Sssssssssstrike+1","Replay:Sssssssssstrike+1","Degenerate+1","Degenerate+1","blademaster:Quickstep+1","blademaster:Quickstep+1","blademaster:Stability+1","blademaster:Stability+1","Replay:SS_forest_6+1","Replay:SS_forest_6+1","REME_BattleFury+1","REME_BattleFury+1","blademaster:Rupture+1","blademaster:Rupture+1","ReplayUltimateDefense+1","ReplayUltimateDefense+1","blademaster:FuriousStrike+1","blademaster:FuriousStrike+1","Cleave+1","Cleave+1","blademaster:ThunderSlash+1","blademaster:ThunderSlash+1","blademaster:BladeMastery+1","blademaster:BladeMastery+1","somnambulantmod: Harden+1","somnambulantmod: Harden+1","blademaster:LeechingStrike+1","blademaster:LeechingStrike+1","blademaster:DancingEdge+1","blademaster:DancingEdge+1","blademaster:ThunderSlash+1","blademaster:ThunderSlash+1","blademaster:KiBarrier","blademaster:KiBarrier","CloudedMind","CloudedMind","StuffTheSpire:GnomedCurse","StuffTheSpire:GnomedCurse","infinitespire:FinalStrike","infinitespire:FinalStrike+1","blademaster:LeechingStrike+1","blademaster:LeechingStrike+1","blademaster:Strike+1","blademaster:Strike+1","champ:PerfectedStrike+1"],"relics":["blademaster:DancersAmulet","Hammer of Thor","Seething Fire","Anvil of the Gods","REME_ComplimentaryCards","Guardian:PickAxe","champ:ChampStancesModRelic","NeowsBlessing","replay:Trail_Library","strawberrySpire:Flakhammer","StuffTheSpire:PointBlank","vexMod:PaidLearning","hexamod:BolsterEngine","Guardian:PocketSentry","Bronze Scales","Anchor","halation:PinkSoulGem","SacredBark","Spirit Poop","PrismaticShard","Ring of Fury","MawBank","StuffTheSpire:Mouthbags","Circlet","Eternal Feather","aspiration:PoetsPen_weak","StuffTheSpire:GreaterSneckoEye","MerchantsRug","ReplayTheSpireMod:CursedCoin","Kunai","vexMod:FocusSash","vexMod:TimeEaterHat","ReplayTheSpireMod:Lightbulb","The Courier","Chemical X","Lantern"],"acts_visited":["Exordium","TheCity","TheBeyond"],"potions_floor_usage":[44],"damage_taken":[{"damage":0.0,"enemies":"Jaw Worm","floor":1.0,"turns":1.0},{"damage":0.0,"enemies":"conspire:RoseBush","floor":3.0,"turns":1.0},{"damage":0.0,"enemies":"3 Sentries","floor":6.0,"turns":2.0},{"damage":8.0,"enemies":"Small Slimes","floor":7.0,"turns":4.0},{"damage":0.0,"enemies":"Blue Slaver","floor":8.0,"turns":2.0},{"damage":11.0,"enemies":"Large Slime","floor":14.0,"turns":3.0},{"damage":13.0,"enemies":"Hexaghost","floor":16.0,"turns":6.0},{"damage":9.0,"enemies":"conspire:FuzzyDice","floor":18.0,"turns":4.0},{"damage":0.0,"enemies":"3 Byrds","floor":20.0,"turns":2.0},{"damage":15,"enemies":"Gremlin Leader","floor":24,"turns":4},{"damage":0,"enemies":"conspire:SneckoGhost","floor":25,"turns":4},{"damage":3,"enemies":"3 Cultists","floor":27,"turns":3},{"damage":0,"enemies":"Chosen and Byrds","floor":33,"turns":3},{"damage":1,"enemies":"conspire:MysteriousRune","floor":35,"turns":5},{"damage":3,"enemies":"3 Darklings","floor":37,"turns":2},{"damage":2,"enemies":"3 Shapes","floor":42,"turns":1},{"damage":65,"enemies":"Transient","floor":44,"turns":5},{"damage":12,"enemies":"3 Darklings","floor":47,"turns":3},{"damage":5,"enemies":"Writhing Mass","floor":50,"turns":2},{"damage":20,"enemies":"infinitespire:MassOfShapes","floor":52,"turns":3}],"seed_played":"-7162741725010811783","potions_obtained":[{"floor":3.0,"key":"Explosive Potion"},{"floor":8.0,"key":"Ancient Potion"},{"floor":16.0,"key":"Adrenaline Potion"},{"floor":24,"key":"conspire:TimeTravelPotion"},{"floor":25,"key":"champ:CounterPotion"},{"floor":44,"key":"Ancient Potion"}],"is_trial":true,"path_per_floor":["M","?","M","$","?","E","M","M","T","T","?","$","?","M","R_BF","B",null,"M","?","M","?","?","R","E","E","T","M","T","PTL","PTL","?","R","M","R","B",null,"M","?","$","?","?","M","R","M","T","$","M","R","?","M","R_BF","B",null],"character_chosen":"THE_BLADEMASTER","items_purchased":["blademaster:ChargingUp","vexMod:PaidLearning","blademaster:Stability","MerchantsRug","ReplayTheSpireMod:CursedCoin","Kunai","blademaster:KiBarrier","vexMod:FocusSash","vexMod:TimeEaterHat","ReplayTheSpireMod:Lightbulb","Chemical X"],"campfire_rested":1,"item_purchase_floors":[4,4,12,39,39,39,39,39,39,39,46],"current_hp_per_floor":[75,75,75,75,75,75,67,67,67,67,67,67,67,65,65,70,75,66,66,66,58,58,58,46,46,46,46,46,46,46,46,67,67,75,75,75,75,55,55,55,30,28,75,38,38,38,26,75,75,70,75,55],"gold":187,"neow_bonus":"","is_daily":false,"chose_seed":false,"campfire_upgraded":2,"win_rate":0.0,"timestamp":1610651008,"path_taken":["M","?","?","$","?","E","M","M","T","?","?","?","?","?","R_BF","BOSS","M","?","?","?","?","R","E","E","T","?","?","PTL","PTL","?","R","M","R","BOSS","M","?","$","?","?","?","R","M","T","?","?","R","?","M","R_BF","BOSS"],"items_purchased_type":["Card","Relic","Card","Relic","Relic","Relic","Card","Relic","Relic","Relic","Relic"],"build_version":"2020-12-22","purchased_purges":2,"victory":true,"max_hp_per_floor":[75,75,75,75,75,75,75,75,75,75,75,75,75,75,75,75,75,75,75,75,75,75,75,75,75,75,75,75,75,75,75,75,75,75,75,75,75,75,75,75,75,75,75,75,75,75,75,75,75,75,75,75],"card_choices":[{"not_picked":["blademaster:AspectOfWind","blademaster:AncestralHealing"],"picked":"blademaster:ThunderSlash","floor":1.0},{"not_picked":["blademaster:CombatPrep","blademaster:Safeguard"],"picked":"blademaster:Bloodbath","floor":3.0},{"not_picked":["blademaster:DragonStrike","blademaster:BladeCross"],"picked":"PanicButton","floor":6.0},{"not_picked":["blademaster:CombatPrep","blademaster:Stability"],"picked":"blademaster:CullingStrike","floor":7.0},{"not_picked":["blademaster:Stability","Replay:SS_hec_4"],"picked":"Replay:Sssssssssstrike","floor":8.0},{"not_picked":["PlatinumSkin","Mind Blast"],"picked":"Replay:SS_forest_6","floor":14.0},{"not_picked":["REME_BodyOfCthun","REME_WheelOfFate"],"picked":"REME_BattleFury","floor":16.0},{"not_picked":["blademaster:Slice","StuffTheSpire:PlasmaPunch"],"picked":"blademaster:Rupture+1","floor":18.0},{"not_picked":["blademaster:AspectOfWind+1","blademaster:Flurry"],"picked":"ReplayUltimateDefense","floor":20.0},{"not_picked":["blademaster:Thrust","blademaster:Quickness"],"picked":"blademaster:FuriousStrike+1","floor":21.0},{"not_picked":["Capacitor","Gash"],"picked":"Cleave","floor":24},{"not_picked":["LikeWater","hermit:Snipe"],"picked":"blademaster:BladeMastery","floor":25},{"not_picked":["Cloak And Dagger","hermit:FlashPowder+1"],"picked":"somnambulantmod: Harden","floor":27},{"not_picked":["strawberrySpire:Package","somnambulantmod: Pinch"],"picked":"blademaster:ThunderSlash","floor":33},{"not_picked":["Guardian:Recover+1","Coolheaded+1","somnambulantmod: ViralIdea+1"],"picked":"SKIP","floor":37},{"not_picked":["infinitespire:DeathsTouch","infinitespire:Collect"],"picked":"infinitespire:FinalStrike","floor":40},{"not_picked":["EmptyFist+1","strawberrySpire:DeltaFlow+1","somnambulantmod: SleepingBody"],"picked":"SKIP","floor":42},{"not_picked":["StuffTheSpire:ClusterCrunch+1","Bludgeon","sneckomod:QuickBite"],"picked":"SKIP","floor":44},{"not_picked":["Pommel Strike+1","EmptyBody+1"],"picked":"champ:PerfectedStrike+1","floor":47},{"not_picked":["Guardian:Reroute","Slimebound:SplitMire","sneckomod:WideSting+1"],"picked":"SKIP","floor":50}],"player_experience":111608,"relics_obtained":[{"floor":6.0,"key":"Guardian:PocketSentry"},{"floor":6.0,"key":"blademaster:BonusComboPerk"},{"floor":9.0,"key":"Bronze Scales"},{"floor":10.0,"key":"Anchor"},{"floor":21.0,"key":"PrismaticShard"},{"floor":24,"key":"MawBank"},{"floor":24,"key":"blademaster:OnAttackedChargePerk"},{"floor":25,"key":"StuffTheSpire:Mouthbags"},{"floor":25,"key":"blademaster:BleedingMoreDamagePerk"},{"floor":26,"key":"Circlet"},{"floor":28,"key":"Eternal Feather"},{"floor":38,"key":"StuffTheSpire:GreaterSneckoEye"},{"floor":45,"key":"The Courier"},{"floor":51,"key":"Lantern"}],"event_choices":[{"cards_removed":["blademaster:RagingBlow"],"damage_healed":0.0,"max_hp_gain":0.0,"max_hp_loss":0.0,"gold_gain":0.0,"event_name":"WeMeetAgain","player_choice":"Gave Card","floor":2.0,"gold_loss":0.0,"damage_taken":0.0,"relics_obtained":["StuffTheSpire:PointBlank"]},{"damage_healed":0.0,"max_hp_gain":0.0,"max_hp_loss":0.0,"gold_gain":275.0,"event_name":"Golden Shrine","player_choice":"Desecrate","floor":13.0,"gold_loss":0.0,"damage_taken":0.0,"cards_obtained":["Regret"]},{"cards_removed":["Regret"],"damage_healed":0.0,"max_hp_gain":0.0,"max_hp_loss":0.0,"gold_gain":0.0,"event_name":"Bonfire Elementals","player_choice":"Offered Curse","floor":19.0,"gold_loss":0.0,"damage_taken":0.0,"relics_obtained":["Spirit Poop"]},{"damage_healed":0,"gold_gain":0,"player_choice":"Upgraded","damage_taken":0,"max_hp_gain":0,"max_hp_loss":0,"event_name":"Upgrade Shrine","floor":31,"gold_loss":0,"cards_upgraded":["Madness"]},{"damage_healed":0,"gold_gain":0,"player_choice":"Ignored","damage_taken":0,"max_hp_gain":0,"max_hp_loss":0,"event_name":"SecretPortal","floor":49,"gold_loss":0}],"is_beta":false,"boss_relics":[{"not_picked":["Runic Pyramid","Empty Cage"],"picked":"SacredBark"},{"not_picked":["Fusion Hammer","StuffTheSpire:RunicConfusion"],"picked":"aspiration:PoetsPen_weak"}],"items_purged_floors":[39,46],"is_endless":false,"potions_floor_spawned":[3,8,16,24,25,42,44],"ascension_level":0}}