{"host":"oehe2dxjvdgux73m","time":1610603005,"event":{"mods":["AchievementEnabler","BaseMod","Colored Map","Colored Powertips","DeckTracker","Keyboard Shortcuts","Minty Spire (QoL Compilation)","Permanent Neow","Quick Restart","StSLib","SuperFastMode"],"gold_per_floor":[117,117,137,137,150,184,3,33,58,58,58,71,71,105,105,200,200,218,239,239,257,182,216,216,255,255,273,292,331,331,331,331,427,427,441,37,60,78,103,103,134,134,134,169,169,169,188,7,7,7],"floor_reached":51,"language":"KOR","playtime":1776,"items_purged":["Strike_G","Strike_G"],"score":1259,"play_id":"72293e16-e2c8-462e-bda4-7e7e4cc4f3c1","local_time":"20210114144325","is_ascension_mode":true,"campfire_choices":[{"floor":13.0,"key":"REST"},{"floor":15.0,"key":"REST"},{"floor":24.0,"key":"REST"},{"data":"Accuracy","floor":30.0,"key":"SMITH"},{"data":"Accuracy","floor":32.0,"key":"SMITH"},{"data":"A Thousand Cuts","floor":40.0,"key":"SMITH"},{"floor":42.0,"key":"REST"},{"data":"Apotheosis","floor":45.0,"key":"SMITH"},{"floor":49.0,"key":"REST"}],"circlet_count":0,"master_deck":["AscendersBane","Strike_G","Strike_G","Strike_G","Defend_G","Defend_G","Defend_G","Defend_G","Defend_G","Survivor","Neutralize","Accuracy+1","Blade Dance","Blade Dance","PiercingWail","Venomology","Accuracy+1","Bullet Time","Prepared","Terror","Reflex+1","Escape Plan","Phantasmal Killer","A Thousand Cuts+1","Apotheosis+1","Acrobatics","Calculated Gamble","PiercingWail+1","Footwork+1"],"relics":["Ring of the Snake","Regal Pillow","Potion Belt","Sling","Lizard Tail","Bronze Scales","Golden Idol","White Beast Statue","Meat on the Bone","Philosopher\u0027s Stone","Pen Nib","Letter Opener","Bottled Tornado","Happy Flower","MutagenicStrength","SacredBark","Bottled Lightning","TungstenRod","Gremlin Horn","Frozen Egg 2"],"acts_visited":["Exordium","TheCity","TheBeyond"],"potions_floor_usage":[50,50],"damage_taken":[{"damage":2.0,"enemies":"2 Louse","floor":1.0,"turns":3.0},{"damage":0.0,"enemies":"Jaw Worm","floor":3.0,"turns":6.0},{"damage":1.0,"enemies":"Cultist","floor":5.0,"turns":4.0},{"damage":47.0,"enemies":"Lagavulin","floor":6.0,"turns":8.0},{"damage":17.0,"enemies":"3 Sentries","floor":8.0,"turns":5.0},{"damage":2.0,"enemies":"Blue Slaver","floor":12.0,"turns":3.0},{"damage":19.0,"enemies":"Lagavulin","floor":14.0,"turns":5.0},{"damage":21.0,"enemies":"Slime Boss","floor":16.0,"turns":9.0},{"damage":10.0,"enemies":"Shell Parasite","floor":18.0,"turns":4.0},{"damage":7.0,"enemies":"Spheric Guardian","floor":19.0,"turns":3.0},{"damage":7.0,"enemies":"Shelled Parasite and Fungi","floor":21.0,"turns":3.0},{"damage":3.0,"enemies":"Slavers","floor":23.0,"turns":5.0},{"damage":1.0,"enemies":"Book of Stabbing","floor":25.0,"turns":3.0},{"damage":19.0,"enemies":"Snake Plant","floor":27.0,"turns":2.0},{"damage":4.0,"enemies":"3 Cultists","floor":28.0,"turns":5.0},{"damage":5.0,"enemies":"Slavers","floor":29.0,"turns":3.0},{"damage":31.0,"enemies":"Collector","floor":33.0,"turns":5.0},{"damage":2.0,"enemies":"Orb Walker","floor":35.0,"turns":3.0},{"damage":33.0,"enemies":"3 Darklings","floor":37.0,"turns":3.0},{"damage":0.0,"enemies":"4 Shapes","floor":38.0,"turns":1.0},{"damage":19.0,"enemies":"Spire Growth","floor":39.0,"turns":4.0},{"damage":2.0,"enemies":"Reptomancer","floor":41.0,"turns":5.0},{"damage":8.0,"enemies":"Giant Head","floor":44.0,"turns":4.0},{"damage":17.0,"enemies":"Writhing Mass","floor":47.0,"turns":4.0},{"damage":52,"enemies":"Time Eater","floor":50,"turns":8}],"seed_played":"5860173683478719183","potions_obtained":[{"floor":0.0,"key":"Regen Potion"},{"floor":0.0,"key":"EntropicBrew"},{"floor":6.0,"key":"SmokeBomb"},{"floor":12.0,"key":"BlessingOfTheForge"},{"floor":14.0,"key":"Ancient Potion"},{"floor":16.0,"key":"LiquidMemories"},{"floor":18.0,"key":"GamblersBrew"},{"floor":19.0,"key":"Ancient Potion"},{"floor":21.0,"key":"SneckoOil"},{"floor":23.0,"key":"FairyPotion"},{"floor":25.0,"key":"BlessingOfTheForge"},{"floor":27.0,"key":"Strength Potion"},{"floor":28.0,"key":"FairyPotion"},{"floor":29.0,"key":"Fire Potion"},{"floor":33.0,"key":"Energy Potion"},{"floor":37.0,"key":"CunningPotion"},{"floor":38.0,"key":"AttackPotion"},{"floor":39.0,"key":"LiquidMemories"},{"floor":41.0,"key":"Strength Potion"},{"floor":47.0,"key":"Block Potion"}],"is_trial":false,"path_per_floor":["M","?","M","?","M","E","$","E","T","?","T","M","R","E","R","B",null,"M","M","?","M","$","E","R","E","T","M","M","E","R","?","R","B",null,"M","$","M","M","M","R","E","R","T","E","R","?","M","$","R","B",null],"character_chosen":"THE_SILENT","items_purchased":["PiercingWail","Sling","Apotheosis","Bottled Lightning","Footwork+1"],"campfire_rested":5,"item_purchase_floors":[7,7,36,36,48],"current_hp_per_floor":[61,58,58,63,62,30,30,13,13,13,13,11,46,27,62,41,62,52,45,45,38,38,35,69,68,68,49,45,40,40,40,40,21,57,55,55,34,46,39,39,37,69,69,61,61,61,44,44,66,26],"gold":7,"neow_bonus":"THREE_SMALL_POTIONS","is_daily":false,"chose_seed":false,"campfire_upgraded":4,"win_rate":0.0,"timestamp":1610603005,"path_taken":["M","?","M","?","M","E","$","E","T","?","?","?","R","E","R","BOSS","M","M","?","?","$","E","R","E","T","M","M","E","R","?","R","BOSS","M","$","M","M","M","R","E","R","T","E","R","?","M","$","R","BOSS"],"items_purchased_type":["Card","Relic","Card","Relic","Card"],"build_version":"2020-12-22","purchased_purges":2,"victory":true,"max_hp_per_floor":[70,70,70,75,75,75,75,75,75,69,69,69,69,69,69,69,69,69,69,69,69,69,69,69,69,69,69,69,69,69,69,69,69,69,69,69,69,69,69,69,69,69,69,69,69,66,66,66,66,66],"card_choices":[{"not_picked":["Underhanded Strike","Flechettes","Sucker Punch"],"picked":"SKIP","floor":1.0},{"not_picked":["Dodge and Roll","PiercingWail"],"picked":"Accuracy","floor":3.0},{"not_picked":["Choke","Dagger Throw"],"picked":"Blade Dance","floor":5.0},{"not_picked":["Storm of Steel","PiercingWail"],"picked":"Blade Dance","floor":6.0},{"not_picked":["Bane","Deadly Poison","Dagger Spray"],"picked":"SKIP","floor":8.0},{"not_picked":["Cloak And Dagger","Blur"],"picked":"Venomology","floor":12.0},{"not_picked":["Underhanded Strike","Skewer"],"picked":"Accuracy","floor":14.0},{"not_picked":["Storm of Steel","Burst"],"picked":"Bullet Time","floor":16.0},{"not_picked":["Flying Knee+1","Caltrops"],"picked":"Prepared","floor":18.0},{"not_picked":["Prepared","Bane+1","Quick Slash"],"picked":"SKIP","floor":19.0},{"not_picked":["Bane","Tools of the Trade"],"picked":"Terror","floor":21.0},{"not_picked":["Underhanded Strike","Flechettes"],"picked":"Reflex+1","floor":23.0},{"not_picked":["Setup","Flying Knee","Expertise"],"picked":"SKIP","floor":25.0},{"not_picked":["Bane","Outmaneuver+1"],"picked":"Escape Plan","floor":27.0},{"not_picked":["Bane","Slice","Dagger Throw"],"picked":"SKIP","floor":28.0},{"not_picked":["Poisoned Stab","Predator"],"picked":"Phantasmal Killer","floor":29.0},{"not_picked":["Venomology","Bullet Time"],"picked":"A Thousand Cuts","floor":33.0},{"not_picked":["Slice+1","Dagger Throw","Sucker Punch+1"],"picked":"SKIP","floor":35.0},{"not_picked":["Deflect","Quick Slash","Dodge and Roll"],"picked":"SKIP","floor":37.0},{"not_picked":["Dagger Spray+1","Choke"],"picked":"Acrobatics","floor":38.0},{"not_picked":["Riddle With Holes","Slice","Predator"],"picked":"SKIP","floor":39.0},{"not_picked":["Dodge and Roll","Flying Knee","Bouncing Flask"],"picked":"SKIP","floor":41.0},{"not_picked":["Glass Knife","Dagger Spray"],"picked":"Calculated Gamble","floor":44.0},{"not_picked":["Caltrops+1","Quick Slash"],"picked":"PiercingWail+1","floor":47.0}],"player_experience":177077,"relics_obtained":[{"floor":6.0,"key":"Potion Belt"},{"floor":8.0,"key":"Lizard Tail"},{"floor":9.0,"key":"Bronze Scales"},{"floor":11.0,"key":"White Beast Statue"},{"floor":14.0,"key":"Meat on the Bone"},{"floor":23.0,"key":"Pen Nib"},{"floor":25.0,"key":"Letter Opener"},{"floor":26.0,"key":"Bottled Tornado"},{"floor":29.0,"key":"Happy Flower"},{"floor":41.0,"key":"TungstenRod"},{"floor":43.0,"key":"Gremlin Horn"},{"floor":44.0,"key":"Frozen Egg 2"}],"event_choices":[{"damage_healed":0.0,"max_hp_gain":0.0,"max_hp_loss":0.0,"gold_gain":0.0,"event_name":"Scrap Ooze","player_choice":"Success","floor":2.0,"gold_loss":0.0,"damage_taken":3.0,"relics_obtained":["Regal Pillow"]},{"damage_healed":0.0,"max_hp_gain":5.0,"max_hp_loss":0.0,"gold_gain":0.0,"event_name":"Big Fish","player_choice":"Donut","floor":4.0,"gold_loss":0.0,"damage_taken":0.0},{"damage_healed":0.0,"max_hp_gain":0.0,"max_hp_loss":6.0,"gold_gain":0.0,"event_name":"Golden Idol","player_choice":"Lose Max HP","floor":10.0,"gold_loss":0.0,"damage_taken":0.0,"relics_obtained":["Golden Idol"]},{"damage_healed":0.0,"max_hp_gain":0.0,"max_hp_loss":0.0,"gold_gain":0.0,"event_name":"Match and Keep!","player_choice":"0 cards matched","floor":20.0,"gold_loss":0.0,"damage_taken":0.0,"cards_obtained":[]},{"damage_healed":0.0,"max_hp_gain":0.0,"max_hp_loss":0.0,"gold_gain":0.0,"event_name":"Drug Dealer","player_choice":"Inject Mutagens","floor":31.0,"gold_loss":0.0,"damage_taken":0.0,"relics_obtained":["MutagenicStrength"]},{"damage_healed":0.0,"max_hp_gain":0.0,"max_hp_loss":3.0,"gold_gain":0.0,"event_name":"Winding Halls","player_choice":"Max HP","floor":46.0,"gold_loss":0.0,"damage_taken":0.0}],"is_beta":false,"boss_relics":[{"not_picked":["Snecko Eye","Tiny House"],"picked":"Philosopher\u0027s Stone"},{"not_picked":["Astrolabe","Busted Crown"],"picked":"SacredBark"}],"items_purged_floors":[22,48],"is_endless":false,"potions_floor_spawned":[1,3,6,12,14,16,18,19,21,23,25,27,28,29,33,35,37,38,39,41,44,47],"ascension_level":13}}