{"host":"lcnwkjlokfwcnxxu","time":1610593490,"event":{"mods":["BaseMod","Colored Map","Downfall","GifTheSpireLib","Marisa????????","Minty Spire (QoL Compilation)","Quick Restart","Replay The Spire","StSLib","The Disciple","The Mystic","The Servant 0.9.4"],"gold_per_floor":[115,131,2,77,23,23,56,56,80,92,92,118,118,98,98,228,228,261,271,271,18,64,64,98,112,112,112,41,74,105,150,150,266,266,281,281,293,341,66,66,66,66,66,66,88,119,119,47,47,61],"floor_reached":51,"language":"ENG","playtime":2738,"items_purged":["Strike_MRS","Doubt","Strike_MRS"],"score":723,"play_id":"c3d60680-843c-4a8a-8988-9c32d94c67e2","local_time":"20210113190450","is_ascension_mode":false,"campfire_choices":[{"data":"UpSweep","floor":6,"key":"SMITH"},{"data":"AsteroidBelt","floor":8,"key":"SMITH"},{"data":"MilkyWay","floor":11,"key":"SMITH"},{"data":"DoubleSpark","floor":13,"key":"SMITH"},{"floor":15,"key":"REST"},{"data":"MasterSpark","floor":23,"key":"SMITH"},{"data":"CasketOfStar","floor":27,"key":"SMITH"},{"data":"MysteriousBeam","floor":32,"key":"SMITH"},{"data":"UltimateShortwave","floor":41,"key":"SMITH"},{"data":"OrrerysSun","floor":44,"key":"SMITH"},{"data":"MagicAbsorber","floor":47,"key":"SMITH"},{"data":"NonDirectionalLaser","floor":49,"key":"SMITH"}],"circlet_count":0,"master_deck":["Strike_MRS","Strike_MRS","Defend_MRS","Defend_MRS+1","Defend_MRS","Defend_MRS+1","MasterSpark+1","UpSweep+1","StarBarrage+1","MilkyWay+1","DoubleSpark+1","AsteroidBelt+1","Robbery","NonDirectionalLaser+1","MagicAbsorber+1","CasketOfStar+1","MysteriousBeam+1","MagicAbsorber+1","OrrerysSun+1","Orbital","UltimateShortwave+1","GalacticHalo+1"],"relics":["MiniHakkero","Mummified Hand","ReplayTheSpireMod:Lightbulb","Replay:Bottled Eggs","Busted Crown","CaptainsWheel","Happy Flower","MagicBroom","War Paint","Coffee Dripper","Anchor","Strawberry","Ring of Panic","Prayer Wheel"],"acts_visited":["Exordium","TheCity","TheBeyond"],"potions_floor_usage":[7,18,19,30,31,33,33,37,45,50,50],"damage_taken":[{"damage":3,"enemies":"Small Slimes","floor":1,"turns":3},{"damage":1,"enemies":"Cultist","floor":2,"turns":3},{"damage":10,"enemies":"3 Sentries","floor":7,"turns":8},{"damage":6,"enemies":"Jaw Worm","floor":10,"turns":3},{"damage":12,"enemies":"Lagavulin","floor":12,"turns":7},{"damage":37,"enemies":"Slime Boss","floor":16,"turns":9},{"damage":0,"enemies":"Shell Parasite","floor":18,"turns":3},{"damage":2,"enemies":"2 Thieves","floor":19,"turns":3},{"damage":19,"enemies":"Centurion and Healer","floor":22,"turns":5},{"damage":3,"enemies":"Snecko","floor":24,"turns":4},{"damage":7,"enemies":"Cultist and Chosen","floor":25,"turns":6},{"damage":0,"enemies":"Snake Plant","floor":29,"turns":3},{"damage":0,"enemies":"Snecko","floor":30,"turns":4},{"damage":0,"enemies":"Gremlin Leader","floor":31,"turns":4},{"damage":40,"enemies":"Collector","floor":33,"turns":9},{"damage":4,"enemies":"3 Darklings","floor":35,"turns":3},{"damage":3,"enemies":"3 Shapes","floor":37,"turns":2},{"damage":0,"enemies":"Jaw Worm Horde","floor":45,"turns":5},{"damage":0,"enemies":"Transient","floor":46,"turns":5},{"damage":0,"enemies":"Awakened One","floor":50,"turns":10}],"seed_played":"3743908332752914014","potions_obtained":[{"floor":2,"key":"SkillPotion"},{"floor":10,"key":"BlessingOfTheForge"},{"floor":12,"key":"Elixir"},{"floor":14,"key":"FearPotion"},{"floor":18,"key":"Block Potion"},{"floor":24,"key":"Strength Potion"},{"floor":29,"key":"ColorlessPotion"},{"floor":30,"key":"ColorlessPotion"},{"floor":35,"key":"Flashbang"},{"floor":36,"key":"LiquidMemories"},{"floor":36,"key":"FairyPotion"},{"floor":46,"key":"Swift Potion"}],"is_trial":false,"path_per_floor":["M","M","$","?","$","R","E","R","T","M","R","E","R","?","R","B",null,"M","M","?","$","M","R","M","M","T","R","$","M","M","E","R","B",null,"M","?","M","T","$","?","R","?","T","R","M","M","R","$","R","B",null],"character_chosen":"MARISA","items_purchased":["DoubleSpark","AsteroidBelt","Happy Flower","OrrerysSun","Strawberry","Reflective Coating"],"campfire_rested":1,"item_purchase_floors":[3,5,21,28,39,48],"current_hp_per_floor":[79,78,78,67,67,67,57,57,57,51,51,39,39,39,63,26,82,82,80,80,80,61,61,58,51,51,51,51,51,51,51,51,11,82,78,78,75,75,82,82,82,82,82,82,82,82,82,82,82,82],"gold":61,"neow_bonus":"TEN_PERCENT_HP_BONUS","is_daily":false,"chose_seed":false,"campfire_upgraded":11,"win_rate":0.0,"timestamp":1610593490,"path_taken":["M","M","$","?","$","R","E","R","T","M","R","E","R","?","R","BOSS","M","M","?","?","M","R","M","M","T","R","$","M","M","E","R","BOSS","M","?","?","?","$","?","R","?","T","R","M","M","R","$","R","BOSS"],"items_purchased_type":["Card","Card","Relic","Card","Relic","Potion"],"build_version":"2020-12-22","purchased_purges":3,"victory":true,"max_hp_per_floor":[82,82,82,82,82,82,82,82,82,82,82,82,82,82,82,82,82,82,82,82,82,82,82,82,82,82,82,82,82,82,82,82,82,82,82,82,82,82,89,89,89,85,85,85,85,85,85,85,85,85],"card_choices":[{"not_picked":["PowerUp","GasGiant"],"picked":"StarBarrage","floor":1},{"not_picked":["GravityBeat","DC"],"picked":"MilkyWay","floor":2},{"not_picked":["DarkMatter","AsteroidBelt"],"picked":"Robbery","floor":7},{"not_picked":["OpenUniverse","StarlightTyphoon"],"picked":"NonDirectionalLaser","floor":10},{"not_picked":["GrandCross","SporeBomb"],"picked":"MagicAbsorber","floor":12},{"not_picked":["AbsoluteMagnitude","MaximisePower"],"picked":"CasketOfStar","floor":16},{"not_picked":[],"picked":"MysteriousBeam","floor":18},{"not_picked":["DoubleSpark+1"],"picked":"SKIP","floor":19},{"not_picked":["MysteriousBeam+1"],"picked":"SKIP","floor":22},{"not_picked":[],"picked":"MagicAbsorber+1","floor":24},{"not_picked":["NonDirectionalLaser"],"picked":"SKIP","floor":25},{"not_picked":["PowerUp"],"picked":"SKIP","floor":29},{"not_picked":[],"picked":"Orbital","floor":30},{"not_picked":["LuminesStrike"],"picked":"SKIP","floor":31},{"not_picked":[],"picked":"UltimateShortwave","floor":33},{"not_picked":["IllusionStar+1"],"picked":"SKIP","floor":35},{"not_picked":["SporeBomb"],"picked":"SKIP","floor":37},{"not_picked":[],"picked":"GalacticHalo+1","floor":45},{"not_picked":["OrrerysSun"],"picked":"SKIP","floor":45},{"not_picked":["GravityBeat"],"picked":"SKIP","floor":46},{"not_picked":["SatelliteIllusion"],"picked":"SKIP","floor":46}],"player_experience":69220,"relics_obtained":[{"floor":7,"key":"Mummified Hand"},{"floor":9,"key":"ReplayTheSpireMod:Lightbulb"},{"floor":12,"key":"Replay:Bottled Eggs"},{"floor":26,"key":"MagicBroom"},{"floor":31,"key":"War Paint"},{"floor":38,"key":"Anchor"},{"floor":40,"key":"Ring of Panic"},{"floor":43,"key":"Prayer Wheel"}],"event_choices":[{"damage_healed":0,"gold_gain":75,"player_choice":"Gather Gold","damage_taken":11,"max_hp_gain":0,"max_hp_loss":0,"event_name":"World of Goop","floor":4,"gold_loss":0},{"damage_healed":0,"gold_gain":0,"player_choice":"Bought 1 Potion","damage_taken":0,"max_hp_gain":0,"max_hp_loss":0,"event_name":"The Woman in Blue","floor":14,"gold_loss":0},{"damage_healed":0,"gold_gain":0,"player_choice":"Got Potions","damage_taken":0,"max_hp_gain":0,"max_hp_loss":0,"event_name":"Lab","floor":36,"gold_loss":0},{"damage_healed":0,"gold_gain":0,"player_choice":"Max HP","damage_taken":0,"max_hp_gain":0,"max_hp_loss":4,"event_name":"Winding Halls","floor":42,"gold_loss":0}],"is_beta":false,"boss_relics":[{"not_picked":["Cursed Key","Honey Jar"],"picked":"Busted Crown"},{"not_picked":["Replay:Grab Bag","Painkiller Herb"],"picked":"Coffee Dripper"}],"items_purged_floors":[3,21,39],"is_endless":false,"potions_floor_spawned":[2,10,12,18,24,29,30,35,46],"ascension_level":0}}