{"host":"3498uni0c31c9bdm","time":1610585049,"event":{"mods":["BaseMod","Better Third Choice","Minty Spire (QoL Compilation)","Replay The Spire","StSLib"],"gold_per_floor":[364,430,447,461,423,457,457,485,485,485,450,151,151,185,185,290,317,342,368,101,110,110,146,146,188,211,237,251,291,150,192,192,291,291,311,311,332,358,358,358,425,126,126,192,192,229,279,329,329,329,329,329,31,75,75],"floor_reached":56,"language":"ENG","playtime":4016,"items_purged":["Pain","Strike_R","Shame"],"score":1840,"play_id":"61bccbec-877a-4dda-9a3a-d1eee62c69da","local_time":"20210114114409","is_ascension_mode":true,"campfire_choices":[{"floor":7,"key":"REST"},{"floor":10,"key":"REST"},{"floor":15,"key":"RECALL"},{"floor":24,"key":"REST"},{"floor":32,"key":"REST"},{"floor":40,"key":"REST"},{"floor":45,"key":"REST"},{"floor":49,"key":"DIG"},{"floor":52,"key":"REST"}],"circlet_count":0,"master_deck":["Strike_R+1","Strike_R","Strike_R","Strike_R","Defend_R","Defend_R+1","Defend_R","Defend_R+1","Bash","Strike_B","Defend_R","Uppercut+1","Inflame+1","Perfected Strike","Armaments+1","Flex","ReplayTheSpireMod:Brewmster","Wild Strike","Limit Break+1","Injury","Writhe","ReplayTheSpireMod:Splinters","Thunderclap+1","Heavy Blade","Iron Wave","ReplayTheSpireMod:Limb From Limb","Hemogenesis","Infernal Blade","Iron Wave","Fire Breathing","Entrench","Armaments+1","Metallicize","Disarm","Seeing Red+1","ReplayTheSpireMod:Stacked+1","Parasite","Uppercut+1","Berserk","True Grit+1","ReplayTheSpireMod:IOU","ReplayTheSpireMod:IOU","ReplayTheSpireMod:Corrosion Curse"],"relics":["Burning Blood","betterThird:SlimedRelic","CeramicFish","War Paint","Singing Bowl","Replay:Ancient Bell","Gremlin Food","Shuriken","Du-Vu Doll","Sling","Pocketwatch","Letter Opener","TungstenRod","Replay:Wax Seal","Ginger","ReplayTheSpireMod:CursedCoin","Replay:Baseball","Smiling Mask","Honey Jar","Oddly Smooth Stone","ReplayTheSpireMod:Ring of Challenge","ReplayTheSpireMod:Spearhead","ReplayTheSpireMod:Shallot","Lantern","Champion Belt","Bird Faced Urn","Magic Flower","TheAbacus","Replay:PocketPolymizer"],"acts_visited":["Exordium","TheCity","TheBeyond","TheEnding"],"potions_floor_usage":[6,14,16,16,16,16,16,16,23,23,25,27,27,29,31,31,31,33,33,33,33,33,33,33,33,35,38,38,41,41,41,41,44,46,48,50,50,50,50,55,55,55,55,55,55,55,55,55,55],"damage_taken":[{"damage":10,"enemies":"2 Louse","floor":1,"turns":3},{"damage":0,"enemies":"Small Slimes","floor":3,"turns":5},{"damage":4,"enemies":"Cultist","floor":4,"turns":4},{"damage":44,"enemies":"3 Sentries","floor":6,"turns":9},{"damage":29,"enemies":"Exordium Thugs","floor":8,"turns":6},{"damage":20,"enemies":"Gremlin Nob","floor":14,"turns":4},{"damage":13,"enemies":"Slime Boss","floor":16,"turns":10},{"damage":33,"enemies":"Spheric Guardian","floor":18,"turns":4},{"damage":33,"enemies":"Shell Parasite","floor":19,"turns":8},{"damage":37,"enemies":"Book of Stabbing","floor":23,"turns":5},{"damage":24,"enemies":"Slavers","floor":25,"turns":4},{"damage":23,"enemies":"Snake Plant","floor":27,"turns":7},{"damage":7,"enemies":"3 Cultists","floor":28,"turns":3},{"damage":42,"enemies":"Book of Stabbing","floor":29,"turns":6},{"damage":24,"enemies":"Slavers","floor":31,"turns":4},{"damage":35,"enemies":"Champ","floor":33,"turns":9},{"damage":24,"enemies":"3 Shapes","floor":35,"turns":5},{"damage":7,"enemies":"Orb Walker","floor":37,"turns":3},{"damage":20,"enemies":"Sphere and 2 Shapes","floor":38,"turns":10},{"damage":29,"enemies":"Reptomancer","floor":41,"turns":6},{"damage":43,"enemies":"Giant Head","floor":44,"turns":7},{"damage":20,"enemies":"Writhing Mass","floor":46,"turns":6},{"damage":6,"enemies":"3 Darklings","floor":47,"turns":4},{"damage":29,"enemies":"Maw","floor":48,"turns":7},{"damage":65,"enemies":"Donu and Deca","floor":50,"turns":9},{"damage":47,"enemies":"Shield and Spear","floor":54,"turns":7},{"damage":62,"enemies":"The Heart","floor":55,"turns":9}],"seed_played":"-6973739283389108624","potions_obtained":[{"floor":1,"key":"BlessingOfTheForge"},{"floor":14,"key":"Toxic Potion"},{"floor":16,"key":"Venom Potion"},{"floor":23,"key":"ElixirPotion"},{"floor":28,"key":"BloodPotion"},{"floor":33,"key":"FearPotion"},{"floor":35,"key":"Toxic Potion"},{"floor":37,"key":"Weak Potion"},{"floor":41,"key":"PowerPotion"},{"floor":46,"key":"Block Potion"},{"floor":47,"key":"Languid Potion"},{"floor":54,"key":"Swift Potion"}],"is_trial":false,"path_per_floor":["M","?","M","M","?","E","R","M","T","R","?","$","?","E","R","B",null,"M","M","$","?","?","E","R","E","T","M","M","E","$","E","R","B",null,"M","?","M","M","?","R","E","$","T","E","R","M","M","M","R","B",null,"R","$","E","B",null],"character_chosen":"IRONCLAD","items_purchased":["ReplayTheSpireMod:Brewmster","War Paint","Sling","Ghostly Armor","Iron Wave","ReplayTheSpireMod:CursedCoin","Fire Breathing","Replay:Baseball","ReplayTheSpireMod:Shallot","Magic Flower","TheAbacus"],"campfire_rested":7,"item_purchase_floors":[12,12,20,20,20,30,30,30,42,53,53],"current_hp_per_floor":[68,68,74,76,65,27,51,28,28,52,72,72,72,58,58,51,73,46,19,19,19,80,49,73,55,55,47,48,28,28,10,34,12,66,65,65,64,65,65,84,61,61,61,45,70,73,73,69,69,48,77,86,86,71,86],"gold":75,"neow_bonus":"TWO_FIFTY_GOLD","is_daily":false,"chose_seed":false,"campfire_upgraded":0,"win_rate":0.0,"timestamp":1610585049,"path_taken":["M","?","M","M","?","E","R","M","T","R","?","$","?","E","R","BOSS","M","M","$","?","?","E","R","E","T","?","M","E","?","E","R","BOSS","M","?","?","M","?","R","E","$","T","E","R","M","M","M","R","BOSS","R","$","E","BOSS"],"items_purchased_type":["Card","Relic","Relic","Card","Card","Relic","Card","Relic","Relic","Relic","Relic"],"build_version":"2020-12-22","purchased_purges":3,"victory":true,"max_hp_per_floor":[80,80,80,80,80,80,80,80,80,80,80,80,80,80,80,80,80,80,80,80,80,80,80,80,80,80,80,82,82,82,82,82,84,84,84,84,84,84,84,84,84,84,84,84,84,84,84,86,86,86,86,86,86,86,86],"card_choices":[{"not_picked":["Wild Strike","Twin Strike"],"picked":"Uppercut","floor":1},{"not_picked":["Heavy Blade","Whirlwind"],"picked":"Inflame","floor":3},{"not_picked":["Wild Strike","Flame Barrier"],"picked":"Perfected Strike","floor":4},{"not_picked":["Hemokinesis","Anger"],"picked":"Armaments","floor":6},{"not_picked":["Pommel Strike","Demonic Infusion"],"picked":"Flex","floor":8},{"not_picked":["Anger","Sever Soul"],"picked":"Wild Strike","floor":14},{"not_picked":["Corruption","Brutality"],"picked":"Limit Break","floor":16},{"not_picked":["Delirium","ReplayTheSpireMod:Faulty Equipment"],"picked":"Injury","floor":17},{"not_picked":["Parasite","Pain"],"picked":"Writhe","floor":17},{"not_picked":["Languid","Amnesia"],"picked":"ReplayTheSpireMod:Splinters","floor":17},{"not_picked":["Flex","Run Through"],"picked":"Thunderclap","floor":18},{"not_picked":["Defy Death","Perfected Strike"],"picked":"Heavy Blade","floor":19},{"not_picked":["True Grit+1","Body Slam"],"picked":"ReplayTheSpireMod:Limb From Limb","floor":23},{"not_picked":["Power Through","Infernal Blade"],"picked":"Hemogenesis","floor":25},{"not_picked":["Heavy Blade","Life Link"],"picked":"Infernal Blade","floor":27},{"not_picked":["Whirlwind","Pommel Strike","Headbutt"],"picked":"Singing Bowl","floor":28},{"not_picked":["ReplayTheSpireMod:Strike From Hell","Body Slam"],"picked":"Iron Wave","floor":29},{"not_picked":["ReplayReversal","Cleave+1"],"picked":"Entrench","floor":31},{"not_picked":["Fiend Fire","Barricade","Corruption"],"picked":"Singing Bowl","floor":33},{"not_picked":["Iron Wave","Dropkick+1","Cleave+1"],"picked":"Armaments+1","floor":35},{"not_picked":["Inflame+1","Headbutt","Clash+1"],"picked":"Metallicize","floor":37},{"not_picked":["Uppercut+1","Heavy Blade","Havoc"],"picked":"Disarm","floor":38},{"not_picked":["Wild Strike","Perfected Strike","True Grit"],"picked":"Seeing Red+1","floor":41},{"not_picked":["Pommel Strike","Havoc","Anger"],"picked":"ReplayTheSpireMod:Stacked+1","floor":44},{"not_picked":["Thunderclap","Body Slam","Dropkick+1"],"picked":"Uppercut+1","floor":46},{"not_picked":["Wild Strike","True Grit","Thunderclap+1"],"picked":"Berserk","floor":47},{"not_picked":["Havoc","Heavy Blade","Flex","True Grit+1"],"picked":"Singing Bowl","floor":48},{"not_picked":["Combust+1","Heavy Blade","Demon Form"],"picked":"ReplayTheSpireMod:Corrosion Curse","floor":54}],"player_experience":681331,"relics_obtained":[{"floor":6,"key":"CeramicFish"},{"floor":14,"key":"Singing Bowl"},{"floor":23,"key":"Letter Opener"},{"floor":25,"key":"TungstenRod"},{"floor":26,"key":"Replay:Wax Seal"},{"floor":29,"key":"Ginger"},{"floor":31,"key":"Smiling Mask"},{"floor":39,"key":"ReplayTheSpireMod:Ring of Challenge"},{"floor":41,"key":"ReplayTheSpireMod:Spearhead"},{"floor":43,"key":"Lantern"},{"floor":44,"key":"Champion Belt"},{"floor":49,"key":"Bird Faced Urn"},{"floor":54,"key":"Replay:PocketPolymizer"}],"event_choices":[{"damage_healed":0,"gold_gain":66,"player_choice":"Gained Gold","damage_taken":0,"max_hp_gain":0,"max_hp_loss":0,"event_name":"Golden Wing","floor":2,"gold_loss":0},{"damage_healed":0,"gold_gain":0,"player_choice":"Slimed","damage_taken":11,"max_hp_gain":0,"max_hp_loss":0,"event_name":"betterThird:BetterGoop","floor":5,"gold_loss":38},{"damage_healed":20,"gold_gain":0,"player_choice":"Healed","damage_taken":0,"max_hp_gain":0,"max_hp_loss":0,"event_name":"The Cleric","floor":11,"gold_loss":35},{"damage_healed":0,"gold_gain":0,"player_choice":"Grow","damage_taken":0,"max_hp_gain":0,"max_hp_loss":0,"event_name":"Living Wall","floor":13,"gold_loss":0,"cards_upgraded":["Armaments"]},{"damage_healed":0,"gold_gain":0,"player_choice":"Stole Relic","damage_taken":0,"relics_obtained":["Pocketwatch"],"max_hp_gain":0,"max_hp_loss":0,"event_name":"Addict","floor":21,"gold_loss":0,"cards_obtained":["Shame"]},{"cards_removed":["Ghostly Armor"],"damage_healed":61,"gold_gain":0,"player_choice":"Offered Uncommon","damage_taken":0,"max_hp_gain":0,"max_hp_loss":0,"event_name":"Bonfire Elementals","floor":22,"gold_loss":0},{"damage_healed":0,"gold_gain":0,"player_choice":"Gave Potion","damage_taken":0,"relics_obtained":["Oddly Smooth Stone"],"max_hp_gain":0,"max_hp_loss":0,"event_name":"WeMeetAgain","floor":36,"gold_loss":0}],"is_beta":false,"boss_relics":[{"not_picked":["Pandora\u0027s Box","Astrolabe"],"picked":"Replay:Ancient Bell"},{"not_picked":["Blood Vial","Akabeko"],"picked":"Gremlin Food"},{"not_picked":["Pear","Ornamental Fan"],"picked":"Shuriken"},{"not_picked":["WingedGreaves","Ice Cream"],"picked":"Du-Vu Doll"},{"not_picked":["Sozu","Coffee Dripper"],"picked":"Honey Jar"}],"items_purged_floors":[30,42,53],"is_endless":false,"potions_floor_spawned":[1,14,16,23,27,28,33,35,37,41,46,47,54],"ascension_level":8}}