{"host":"28p8ce41sjwa6lzf","time":1610646533,"event":{"mods":["BaseMod","Bestiary","Colored Map","Colored Powertips","Dark Map","Highlight Path","Minty Spire (QoL Compilation)","Permanent Neow","Quick Restart","Random Character Button","Rare Cards Sparkle","Relic Stats","StSLib","Unceasing Turn Reminder"],"gold_per_floor":[127,127,155,64,110,110,148,148,148,148,148,186,215,239,239,323,382,410,438,457,475,475,518,180,220,220,220,14,58,58,69,69,155,155,176,194,194,249,329,356,356,390,417,759,759,778,803,822,822,822,822,822],"floor_reached":51,"language":"ENG","playtime":3803,"items_purged":["Strike_G","Strike_G","Sucker Punch"],"score":2004,"play_id":"5614406e-e1ed-4283-97f2-a77116b6b491","local_time":"20210114114853","is_ascension_mode":true,"campfire_choices":[{"data":"Dagger Spray","floor":6.0,"key":"SMITH"},{"data":"Blade Dance","floor":8.0,"key":"SMITH"},{"data":"Prepared","floor":11.0,"key":"SMITH"},{"data":"Finisher","floor":15.0,"key":"SMITH"},{"data":"Terror","floor":27.0,"key":"SMITH"},{"data":"Well Laid Plans","floor":32.0,"key":"SMITH"},{"floor":41.0,"key":"REST"},{"floor":49.0,"key":"RECALL"}],"circlet_count":0,"master_deck":["AscendersBane","Defend_G","Defend_G","Defend_G+1","Defend_G","Defend_G","Survivor","Neutralize","Prepared+1","Blade Dance+1","Dagger Spray+1","Blur","Escape Plan","Finisher+1","Night Terror+1","Terror+1","Blade Dance+1","PiercingWail","Blade Dance","Grand Finale","Poisoned Stab","Acrobatics","Well Laid Plans+1","Calculated Gamble+1","Purity","Escape Plan+1","Burst","Madness","Madness","Outmaneuver","Backflip+1","Catalyst","Dodge and Roll"],"relics":["Ring of the Snake","CeramicFish","Akabeko","HornCleat","Meat on the Bone","Orichalcum","Tiny House","Dead Branch","War Paint","Regal Pillow","Turnip","Sozu","Du-Vu Doll","Molten Egg 2","Oddly Smooth Stone","Anchor","Omamori","Old Coin","White Beast Statue"],"acts_visited":["Exordium","TheCity","TheBeyond"],"potions_floor_usage":[],"damage_taken":[{"damage":1.0,"enemies":"Small Slimes","floor":1.0,"turns":4.0},{"damage":5.0,"enemies":"Cultist","floor":3.0,"turns":6.0},{"damage":13.0,"enemies":"Lagavulin","floor":7.0,"turns":5.0},{"damage":0.0,"enemies":"Gremlin Nob","floor":12.0,"turns":4.0},{"damage":0.0,"enemies":"Jaw Worm","floor":13.0,"turns":3.0},{"damage":0.0,"enemies":"Lots of Slimes","floor":14.0,"turns":1.0},{"damage":18.0,"enemies":"Hexaghost","floor":16.0,"turns":10.0},{"damage":7.0,"enemies":"Spheric Guardian","floor":18.0,"turns":5.0},{"damage":9.0,"enemies":"Shell Parasite","floor":19.0,"turns":3.0},{"damage":9.0,"enemies":"Shelled Parasite and Fungi","floor":20.0,"turns":5.0},{"damage":20.0,"enemies":"Slavers","floor":23.0,"turns":4.0},{"damage":0.0,"enemies":"Gremlin Leader","floor":25.0,"turns":2.0},{"damage":0.0,"enemies":"Book of Stabbing","floor":29.0,"turns":2.0},{"damage":0.0,"enemies":"Chosen and Byrds","floor":31.0,"turns":1.0},{"damage":21.0,"enemies":"Automaton","floor":33.0,"turns":6.0},{"damage":6.0,"enemies":"Orb Walker","floor":35.0,"turns":2.0},{"damage":14.0,"enemies":"2 Orb Walkers","floor":38.0,"turns":4.0},{"damage":0.0,"enemies":"Reptomancer","floor":40.0,"turns":1.0},{"damage":0.0,"enemies":"Giant Head","floor":42.0,"turns":3.0},{"damage":0.0,"enemies":"Nemesis","floor":44.0,"turns":3.0},{"damage":0.0,"enemies":"3 Darklings","floor":46.0,"turns":2.0},{"damage":0.0,"enemies":"Reptomancer","floor":47.0,"turns":3.0},{"damage":5.0,"enemies":"Writhing Mass","floor":48.0,"turns":8.0},{"damage":48.0,"enemies":"Awakened One","floor":50.0,"turns":14.0},{"damage":44,"enemies":"Donu and Deca","floor":51,"turns":4}],"seed_played":"9124777756926284589","potions_obtained":[{"floor":2.0,"key":"Ancient Potion"},{"floor":2.0,"key":"ColorlessPotion"},{"floor":7.0,"key":"BlessingOfTheForge"},{"floor":13.0,"key":"FairyPotion"},{"floor":14.0,"key":"FearPotion"},{"floor":17.0,"key":"Block Potion"},{"floor":18.0,"key":"SkillPotion"},{"floor":20.0,"key":"SpeedPotion"},{"floor":23.0,"key":"AttackPotion"},{"floor":31.0,"key":"Dexterity Potion"}],"is_trial":false,"path_per_floor":["M","?","M","$","T","R","E","R","T","?","R","E","M","M","R","B",null,"M","M","M","?","?","E","$","E","T","R","$","E","T","M","R","B",null,"M","?","?","?","T","E","R","E","T","E","?","M","E","M","R","B","B"],"character_chosen":"THE_SILENT","items_purchased":["Dagger Spray","War Paint","Well Laid Plans","Purity"],"campfire_rested":1,"item_purchase_floors":[4,24,24,28],"current_hp_per_floor":[58,58,53,53,53,53,40,40,40,33,33,45,45,45,45,39,64,57,48,39,39,39,31,31,43,43,43,43,43,43,43,43,34,62,56,43,43,41,41,41,71,71,71,71,71,71,71,66,66,30,0,0],"gold":822,"neow_bonus":"RANDOM_COMMON_RELIC","is_daily":false,"chose_seed":false,"campfire_upgraded":6,"win_rate":0.0,"timestamp":1610646533,"path_taken":["M","?","M","$","?","R","E","R","T","?","R","E","M","?","R","BOSS","M","?","?","?","?","E","$","E","T","R","?","E","?","M","R","BOSS","M","?","?","?","?","E","R","E","T","E","?","M","E","?","R","BOSS","BOSS"],"items_purchased_type":["Card","Relic","Card","Card"],"build_version":"2020-12-22","purchased_purges":3,"victory":false,"max_hp_per_floor":[66,66,66,66,66,66,66,66,66,66,66,66,66,66,66,66,71,71,71,71,71,71,71,71,71,71,71,71,71,71,71,71,71,71,71,71,71,71,71,71,71,71,71,71,71,71,71,71,71,71,71,71],"relic_stats":{"Sozu":4,"Regal Pillow":9,"counters":[25,105],"CeramicFish":243,"Dead Branch":[260],"Turnip":[0],"Orichalcum":[66],"War Paint":["Blade Dance","Defend_G"],"obtain_stats":[{"Regal Pillow":26,"Tiny House":17,"CeramicFish":0,"Dead Branch":23,"Oddly Smooth Stone":40,"Omamori":43,"Orichalcum":12,"War Paint":24,"Akabeko":5,"White Beast Statue":47,"Old Coin":44,"Sozu":34,"Du-Vu Doll":38,"Anchor":42,"HornCleat":7,"Molten Egg 2":39,"Turnip":29,"Ring of the Snake":0,"Meat on the Bone":9},{"Regal Pillow":12,"Tiny House":7,"CeramicFish":0,"Dead Branch":11,"Oddly Smooth Stone":18,"Omamori":19,"Orichalcum":4,"War Paint":11,"Akabeko":2,"White Beast Statue":22,"Old Coin":20,"Sozu":15,"Du-Vu Doll":17,"Anchor":19,"HornCleat":3,"Molten Egg 2":17,"Turnip":13,"Ring of the Snake":0,"Meat on the Bone":3},{"Regal Pillow":52,"Tiny House":33,"CeramicFish":0,"Dead Branch":50,"Oddly Smooth Stone":68,"Omamori":71,"Orichalcum":19,"War Paint":50,"Akabeko":10,"White Beast Statue":79,"Old Coin":74,"Sozu":61,"Du-Vu Doll":67,"Anchor":71,"HornCleat":15,"Molten Egg 2":67,"Turnip":54,"Ring of the Snake":0,"Meat on the Bone":15}],"Ring of the Snake":[50],"Meat on the Bone":84},"card_choices":[{"not_picked":["Dagger Throw","Expertise"],"picked":"Prepared","floor":1.0},{"not_picked":["Backflip","Underhanded Strike"],"picked":"Blade Dance","floor":3.0},{"not_picked":["Infinite Blades","Dagger Spray"],"picked":"Blur","floor":7.0},{"not_picked":["Bane","Distraction"],"picked":"Escape Plan","floor":12.0},{"not_picked":["Calculated Gamble","Slice"],"picked":"Finisher","floor":13.0},{"not_picked":["Flying Knee","All Out Attack"],"picked":"Sucker Punch","floor":14.0},{"not_picked":["Grand Finale","Burst"],"picked":"Night Terror","floor":16.0},{"not_picked":["Masterful Stab","Infinite Blades"],"picked":"Terror","floor":17.0},{"not_picked":["Bane","Dodge and Roll"],"picked":"Blade Dance","floor":18.0},{"not_picked":["Dagger Throw","Blade Dance"],"picked":"PiercingWail","floor":19.0},{"not_picked":["Sucker Punch","Dagger Throw"],"picked":"Blade Dance","floor":20.0},{"not_picked":["Choke","Masterful Stab"],"picked":"Acrobatics","floor":23.0},{"not_picked":["Finisher","Dash"],"picked":"Calculated Gamble+1","floor":25.0},{"not_picked":["Skewer","Dagger Spray"],"picked":"Escape Plan+1","floor":29.0},{"not_picked":["Sucker Punch+1","Poisoned Stab","Cloak And Dagger"],"picked":"SKIP","floor":31.0},{"not_picked":["Bullet Time","Doppelganger"],"picked":"Burst","floor":33.0},{"not_picked":["Cloak And Dagger","Distraction"],"picked":"Infinite Blades","floor":35.0},{"not_picked":["Dodge and Roll","Bane+1"],"picked":"Outmaneuver","floor":38.0},{"not_picked":["Flying Knee+1","Finisher+1","Distraction"],"picked":"SKIP","floor":40.0},{"not_picked":["Doppelganger","Deflect"],"picked":"Backflip+1","floor":42.0},{"not_picked":["Prepared","Cloak And Dagger"],"picked":"Catalyst","floor":44.0},{"not_picked":["Poisoned Stab+1","Slice+1"],"picked":"Dodge and Roll","floor":46.0},{"not_picked":["Envenom","Prepared","Poisoned Stab+1"],"picked":"SKIP","floor":47.0},{"not_picked":["Quick Slash+1","Caltrops","Well Laid Plans"],"picked":"SKIP","floor":48.0}],"player_experience":1146049,"relics_obtained":[{"floor":5.0,"key":"Akabeko"},{"floor":7.0,"key":"HornCleat"},{"floor":9.0,"key":"Meat on the Bone"},{"floor":12.0,"key":"Orichalcum"},{"floor":23.0,"key":"Dead Branch"},{"floor":26.0,"key":"Regal Pillow"},{"floor":29.0,"key":"Turnip"},{"floor":38.0,"key":"Du-Vu Doll"},{"floor":39.0,"key":"Molten Egg 2"},{"floor":40.0,"key":"Oddly Smooth Stone"},{"floor":42.0,"key":"Anchor"},{"floor":43.0,"key":"Omamori"},{"floor":44.0,"key":"Old Coin"},{"floor":47.0,"key":"White Beast Statue"}],"event_choices":[{"damage_healed":0.0,"max_hp_gain":0.0,"max_hp_loss":0.0,"gold_gain":0.0,"event_name":"Lab","player_choice":"Got Potions","floor":2.0,"gold_loss":0.0,"damage_taken":0.0},{"cards_removed":["Strike_G"],"damage_healed":0.0,"max_hp_gain":0.0,"max_hp_loss":0.0,"gold_gain":0.0,"event_name":"Golden Wing","player_choice":"Card Removal","floor":10.0,"gold_loss":0.0,"damage_taken":7.0},{"damage_healed":0.0,"max_hp_gain":0.0,"max_hp_loss":0.0,"gold_gain":0.0,"cards_transformed":["Strike_G","Strike_G"],"event_name":"Drug Dealer","player_choice":"Became Test Subject","floor":21.0,"gold_loss":0.0,"damage_taken":0.0,"cards_obtained":["Grand Finale","Poisoned Stab"]},{"damage_healed":0.0,"max_hp_gain":0.0,"max_hp_loss":0.0,"gold_gain":0.0,"event_name":"Vampires","player_choice":"Ignored","floor":22.0,"gold_loss":0.0,"damage_taken":0.0},{"damage_healed":0.0,"max_hp_gain":0.0,"max_hp_loss":0.0,"gold_gain":0.0,"event_name":"Winding Halls","player_choice":"Embrace Madness","floor":36.0,"gold_loss":0.0,"damage_taken":13.0,"cards_obtained":["Madness","Madness"]},{"cards_removed":["Infinite Blades"],"damage_healed":0.0,"max_hp_gain":0.0,"max_hp_loss":0.0,"gold_gain":0.0,"event_name":"Falling","player_choice":"Removed Power","floor":37.0,"gold_loss":0.0,"damage_taken":0.0},{"damage_healed":0.0,"max_hp_gain":0.0,"max_hp_loss":0.0,"gold_gain":0.0,"event_name":"Mysterious Sphere","player_choice":"Fight","floor":38.0,"gold_loss":0.0,"damage_taken":0.0},{"damage_healed":0.0,"max_hp_gain":0.0,"max_hp_loss":0.0,"gold_gain":0.0,"event_name":"Tomb of Lord Red Mask","player_choice":"Ignored","floor":45.0,"gold_loss":0.0,"damage_taken":0.0}],"is_beta":false,"boss_relics":[{"not_picked":["Empty Cage","Velvet Choker"],"picked":"Tiny House"},{"not_picked":["Runic Pyramid","WristBlade"],"picked":"Sozu"}],"items_purged_floors":[4,24,28],"is_endless":false,"potions_floor_spawned":[3,7,13,14,18,20,23,31,38,42,46,48],"killed_by":"Donu and Deca","ascension_level":20}}