{"host":"m6aaltr68g9tvoay","time":1610606133,"event":{"mods":["AchievementEnabler","BaseMod","Colored Map","Downfall","Minty Spire (QoL Compilation)","StSLib"],"gold_per_floor":[99,115,125,141,141,41,41,56,56,56,56,73,73,84,104,204,204,204,216,235,69,69,69,93,93,119,19,39,39,39,58,71,169,169,169,184,202,221,239,239,239,224,124,141,141,141,51,51,71,71,71,106,30,30,30,30],"floor_reached":55,"language":"ENG","playtime":8018,"items_purged":["bronze:Strike"],"score":814,"play_id":"2c5c45bd-b332-4e05-b7db-db0605a15e56","local_time":"20210113223533","is_ascension_mode":true,"campfire_choices":[{"floor":1.0,"key":"RECALL"},{"data":"bronze:Format","floor":6.0,"key":"SMITH"},{"data":"bronze:Iterate","floor":9.0,"key":"SMITH"},{"data":"bronze:WhirlingStrike","floor":11.0,"key":"SMITH"},{"data":"bronze:TinkerersToolbox","floor":13.0,"key":"SMITH"},{"data":"bronze:FindAndReplace","floor":18.0,"key":"SMITH"},{"data":"bronze:FineTuning","floor":25.0,"key":"SMITH"},{"floor":27.0,"key":"REST"},{"data":"bronze:Frontload","floor":35,"key":"SMITH"},{"floor":40,"key":"REST"},{"data":"bronze:Library","floor":43,"key":"SMITH"},{"floor":46,"key":"REST"},{"floor":54,"key":"REST"}],"circlet_count":0,"master_deck":["bronze:Strike+1","bronze:Defend","bronze:Defend+1","bronze:Defend+1","bronze:Defend+1","bronze:Replicate","bronze:Goto+1","bronze:Format+1","bronze:Frontload+1","bronze:Iterate+1","bronze:WhirlingStrike+1","bronze:BitShift","bronze:TinkerersToolbox+1","bronze:Safeguard","bronze:Boost","bronze:FindAndReplace+1","bronze:Shell","bronze:FineTuning+1","bronze:Flail+1","RitualDagger+1","bronze:FineTuning+1","bronze:FollowUp","bronze:Library+1","bronze:Repair","bronze:ChildClass","bronze:Overload+1","bronze:Format","bronze:Terminator+1","bronze:ItsAFeature"],"relics":["bronze:BronzeCore","downfall:HeartBlessingRed","War Paint","Empty Cage","Meat on the Bone","Vajra","Centennial Puzzle","downfall:HeartBlessingGreen","Nilry\u0027s Codex","Philosopher\u0027s Stone","downfall:HeartBlessingBlue","Eternal Feather"],"acts_visited":["Exordium","TheCity","TheBeyond","TheEnding"],"potions_floor_usage":[33,33,39,44,45,50],"damage_taken":[{"damage":7.0,"enemies":"2 Louse","floor":2.0,"turns":5.0},{"damage":0.0,"enemies":"Cultist","floor":3.0,"turns":5.0},{"damage":0.0,"enemies":"Jaw Worm","floor":4.0,"turns":4.0},{"damage":8.0,"enemies":"Exordium Wildlife","floor":8.0,"turns":3.0},{"damage":0.0,"enemies":"2 Fungi Beasts","floor":12.0,"turns":2.0},{"damage":0.0,"enemies":"Red Slaver","floor":14.0,"turns":1.0},{"damage":1.0,"enemies":"Blue Slaver","floor":15.0,"turns":4.0},{"damage":5.0,"enemies":"downfall:Silent","floor":16.0,"turns":10.0},{"damage":4.0,"enemies":"Shell Parasite","floor":19.0,"turns":6.0},{"damage":0.0,"enemies":"3 Byrds","floor":20.0,"turns":4.0},{"damage":2.0,"enemies":"downfall:FleeingMerchant","floor":21.0,"turns":4.0},{"damage":11.0,"enemies":"Book of Stabbing","floor":26.0,"turns":6.0},{"damage":0.0,"enemies":"Cultist and Chosen","floor":28.0,"turns":3.0},{"damage":18.0,"enemies":"3 Cultists","floor":31.0,"turns":4.0},{"damage":2,"enemies":"Shelled Parasite and Fungi","floor":32,"turns":3},{"damage":20,"enemies":"IC_MUSHROOM_ARCHETYPE","floor":33,"turns":7},{"damage":11,"enemies":"3 Shapes","floor":36,"turns":2},{"damage":12,"enemies":"Orb Walker","floor":37,"turns":2},{"damage":17,"enemies":"4 Shapes","floor":38,"turns":3},{"damage":5,"enemies":"Transient","floor":39,"turns":5},{"damage":0,"enemies":"downfall:FleeingMerchant","floor":42,"turns":4},{"damage":24,"enemies":"Sphere and 2 Shapes","floor":44,"turns":8},{"damage":0,"enemies":"Giant Head","floor":45,"turns":1},{"damage":0,"enemies":"downfall:FleeingMerchant","floor":47,"turns":4},{"damage":17,"enemies":"4 Shapes","floor":49,"turns":8},{"damage":51,"enemies":"WA_ARCHETYPE_DIVINITY","floor":50,"turns":16},{"damage":65,"enemies":"downfall:CharBossMerchant","floor":52,"turns":7},{"damage":92,"enemies":"downfall:NeowBoss","floor":55,"turns":7}],"seed_played":"-4846703335747210952","potions_obtained":[{"floor":2.0,"key":"SkillPotion"},{"floor":3.0,"key":"SkillPotion"},{"floor":12.0,"key":"SmokeBomb"},{"floor":14.0,"key":"Fire Potion"},{"floor":19.0,"key":"DistilledChaos"},{"floor":26.0,"key":"Slimebound:ThreeZeroPotion"},{"floor":29.0,"key":"CultistPotion"},{"floor":32,"key":"AttackPotion"},{"floor":33,"key":"Block Potion"},{"floor":36,"key":"SkillPotion"},{"floor":49,"key":"Slimebound:ThreeZeroPotion"}],"is_trial":false,"path_per_floor":["R","M","M","M","?","R","T","M","R","?","R","M","R","M","M","B",null,"R","M","M","$","?","?","T","R","E","R","M","?","?","M","M","B",null,"R","M","M","M","M","R","T","$","R","M","E","R","$","?","M","B",null,"E","$","R","B"],"character_chosen":"THE_AUTOMATON","items_purchased":["bronze:FineTuning","CultistPotion","bronze:ItsAFeature"],"campfire_rested":4,"item_purchase_floors":[21,21,53],"current_hp_per_floor":[70,63,63,63,63,63,63,55,55,55,55,55,55,55,54,49,70,70,66,66,64,80,80,80,80,69,80,80,80,64,46,44,36,80,80,69,57,52,54,78,78,80,90,70,70,90,90,90,73,41,90,37,37,79,0,0],"gold":30,"neow_bonus":"ONE_RANDOM_RARE_CARD","is_daily":false,"chose_seed":false,"campfire_upgraded":8,"win_rate":0.0,"timestamp":1610606133,"path_taken":["R","M","M","M","?","R","T","?","R","?","R","M","R","M","M","BOSS","R","M","M","$","?","?","T","R","E","R","?","?","?","M","M","BOSS","R","M","M","M","M","R","T","$","R","M","E","R","$","?","M","BOSS","E","$","R","BOSS"],"items_purchased_type":["Card","Potion","Card"],"build_version":"2020-12-22","purchased_purges":1,"victory":false,"max_hp_per_floor":[70,70,70,70,70,70,70,70,70,70,70,70,70,70,70,70,70,70,70,70,70,80,80,80,80,80,80,80,80,80,80,80,80,80,80,80,80,80,80,80,80,80,90,90,90,90,90,90,90,90,90,90,90,90,90,90],"card_choices":[{"not_picked":["bronze:Refactor","bronze:WildBeam"],"picked":"bronze:Frontload","floor":2.0},{"not_picked":["bronze:DarkDash","bronze:Separator"],"picked":"bronze:Iterate","floor":3.0},{"not_picked":["bronze:Branch","bronze:ChildClass"],"picked":"bronze:WhirlingStrike","floor":4.0},{"not_picked":["bronze:BugBarrage","bronze:Shield"],"picked":"bronze:BitShift","floor":8.0},{"not_picked":["bronze:BitShift","bronze:InfiniteBeams"],"picked":"bronze:TinkerersToolbox","floor":12.0},{"not_picked":["bronze:Separator","bronze:WildBeam"],"picked":"bronze:Safeguard","floor":14.0},{"not_picked":["bronze:ItsAFeature","bronze:Shield"],"picked":"bronze:Boost","floor":15.0},{"not_picked":["bronze:Mutator","bronze:Assembly"],"picked":"bronze:FindAndReplace","floor":16.0},{"not_picked":["bronze:Backtrace","bronze:Deprecate"],"picked":"bronze:Shell","floor":19.0},{"not_picked":["bronze:Constructor+1","bronze:Deprecate","bronze:Backtrace"],"picked":"SKIP","floor":20.0},{"not_picked":["bronze:Fortify","bronze:Constructor"],"picked":"bronze:Library","floor":21.0},{"not_picked":["bronze:Backtrace","bronze:Turbo+1"],"picked":"bronze:Flail+1","floor":26.0},{"not_picked":["bronze:ItsAFeature","bronze:BugBarrage","bronze:Constructor"],"picked":"SKIP","floor":28.0},{"not_picked":["bronze:CutThrough","bronze:BuggyMess+1"],"picked":"bronze:FineTuning+1","floor":31},{"not_picked":["bronze:GetLatest","bronze:Allocate"],"picked":"bronze:FollowUp","floor":32},{"not_picked":["bronze:InfiniteLoop","bronze:Virus"],"picked":"bronze:Library","floor":33},{"not_picked":["bronze:DelayedSlice","bronze:Constructor+1","bronze:WhirlingStrike"],"picked":"SKIP","floor":36},{"not_picked":["bronze:OilSpill","bronze:WhirlingStrike","bronze:Turbo+1"],"picked":"SKIP","floor":37},{"not_picked":["bronze:Iterate","bronze:Allocate"],"picked":"bronze:Repair","floor":38},{"not_picked":["bronze:CutThrough+1","bronze:DarkDash+1"],"picked":"bronze:ChildClass","floor":39},{"not_picked":["bronze:FineTuning","bronze:Overheat","bronze:Invalidate+1"],"picked":"SKIP","floor":42},{"not_picked":["bronze:Boost","bronze:OilSpill"],"picked":"bronze:Overload+1","floor":44},{"not_picked":["bronze:BugBarrage","bronze:Invalidate"],"picked":"bronze:Format","floor":47},{"not_picked":["bronze:DarkDash+1","bronze:ChildClass","bronze:Invalidate+1"],"picked":"SKIP","floor":49},{"not_picked":["bronze:Branch","bronze:OilSpill"],"picked":"bronze:Terminator+1","floor":52}],"player_experience":1792427,"relics_obtained":[{"floor":7.0,"key":"War Paint"},{"floor":23.0,"key":"Meat on the Bone"},{"floor":24.0,"key":"Vajra"},{"floor":26.0,"key":"Centennial Puzzle"},{"floor":30.0,"key":"Nilry\u0027s Codex"},{"floor":52,"key":"Eternal Feather"}],"event_choices":[{"damage_healed":0.0,"max_hp_gain":0.0,"max_hp_loss":0.0,"gold_gain":0.0,"event_name":"Wheel of Change","player_choice":"Relic","floor":23.0,"gold_loss":0.0,"damage_taken":0.0}],"is_beta":false,"boss_relics":[{"not_picked":["Fusion Hammer","Coffee Dripper"],"picked":"Empty Cage"},{"not_picked":["Black Star","Astrolabe"],"picked":"Philosopher\u0027s Stone"}],"items_purged_floors":[47],"is_endless":false,"potions_floor_spawned":[2,3,12,14,19,26,32,33,36,45,49],"killed_by":"downfall:NeowBoss","ascension_level":3}}