{"host":"obplhmlw33xb91v8","time":1610624920,"event":{"mods":["BaseMod","Curses Come First","Evolution","Minty Spire (QoL Compilation)","Quick Restart","Relic Stats","Spicy Shops","StSLib","Uncapped","Waifu the Spire","slay the spire mod where everything is the same but ironclad has a cowboy hat"],"gold_per_floor":[117,117,137,87,98,133,149,4,4,16,16,33,33,101,101,201,201,218,19,33,50,50,50],"floor_reached":22,"language":"ENG","playtime":698,"items_purged":[],"score":216,"play_id":"8301e738-53a3-4d21-9334-6264cc4aba23","local_time":"20210114064840","is_ascension_mode":true,"campfire_choices":[{"data":"Creative AI","floor":11,"key":"SMITH"},{"floor":15,"key":"REST"}],"circlet_count":0,"master_deck":["Iron Wave","Iron Wave","Bash","Whirlwind+1","Spot Weakness+1","Clothesline+1","Metallicize","Intimidate","Disarm","Creative AI+1","Terror","Core Surge+1","Entrench","Intimidate","Ball Lightning+1","Ghostly Armor"],"relics":["EVO:Axolotl","Astrolabe","Nunchaku","PrismaticShard","Blue Candle","Paper Frog","Molten Egg 2","Pandora\u0027s Box","PreservedInsect"],"acts_visited":["Exordium","TheCity"],"potions_floor_usage":[7,20,21,21],"damage_taken":[{"damage":9,"enemies":"Jaw Worm","floor":1,"turns":2},{"damage":0,"enemies":"Cultist","floor":3,"turns":3},{"damage":0,"enemies":"Small Slimes","floor":5,"turns":2},{"damage":24,"enemies":"Gremlin Nob","floor":6,"turns":5},{"damage":7,"enemies":"Gremlin Gang","floor":7,"turns":2},{"damage":0,"enemies":"Lots of Slimes","floor":10,"turns":1},{"damage":3,"enemies":"3 Louse","floor":12,"turns":2},{"damage":29,"enemies":"The Guardian","floor":16,"turns":8},{"damage":20,"enemies":"2 Thieves","floor":18,"turns":4},{"damage":19,"enemies":"Spheric Guardian","floor":20,"turns":4},{"damage":48,"enemies":"Centurion and Healer","floor":21,"turns":7},{"damage":14,"enemies":"Sentry and Sphere","floor":22,"turns":3}],"seed_played":"5974395268929195955","potions_obtained":[{"floor":5,"key":"SkillPotion"},{"floor":6,"key":"EntropicBrew"},{"floor":10,"key":"GamblersBrew"},{"floor":12,"key":"DuplicationPotion"}],"is_trial":false,"path_per_floor":["M","?","M","?","M","E","M","$","T","M","R","M","?","T","R","B",null,"M","$","M","M","M"],"character_chosen":"IRONCLAD","items_purchased":["PrismaticShard","PreservedInsect","BloodPotion"],"campfire_rested":1,"item_purchase_floors":[8,19,19],"current_hp_per_floor":[71,71,71,71,71,47,40,40,40,40,40,37,34,34,58,29,80,60,60,57,9,24,24],"gold":50,"neow_bonus":"BOSS_RELIC","is_daily":false,"chose_seed":false,"campfire_upgraded":1,"win_rate":0.0,"timestamp":1610624920,"path_taken":["M","?","?","?","M","E","M","$","T","M","R","M","?","?","R","BOSS","M","?","M","M","?"],"items_purchased_type":["Relic","Relic","Potion"],"build_version":"2020-12-22","purchased_purges":0,"victory":false,"max_hp_per_floor":[80,80,80,80,80,80,80,80,80,80,80,80,80,80,80,80,80,80,80,80,80,80,80],"relic_stats":{"Nunchaku":[3],"counters":[12,43],"Astrolabe":["Whirlwind","Spot Weakness","Clothesline"],"Blue Candle":[0],"Pandora\u0027s Box":["Entrench","Intimidate"],"PreservedInsect":0,"obtain_stats":[{"Nunchaku":6,"Astrolabe":0,"Blue Candle":9,"Molten Egg 2":14,"Pandora\u0027s Box":17,"PreservedInsect":19,"EVO:Axolotl":0,"PrismaticShard":8,"Burning Blood":0,"Paper Frog":13},{"Nunchaku":4,"Astrolabe":0,"Blue Candle":5,"Molten Egg 2":7,"Pandora\u0027s Box":8,"PreservedInsect":9,"EVO:Axolotl":0,"PrismaticShard":5,"Burning Blood":0,"Paper Frog":7},{"Nunchaku":12,"Astrolabe":0,"Blue Candle":14,"Molten Egg 2":17,"Pandora\u0027s Box":25,"PreservedInsect":29,"EVO:Axolotl":0,"PrismaticShard":14,"Burning Blood":0,"Paper Frog":17}]},"card_choices":[{"not_picked":["Headbutt","Rage"],"picked":"Metallicize","floor":1},{"not_picked":["Flex","Cleave"],"picked":"Intimidate","floor":3},{"not_picked":["Warcry","Havoc","Rage"],"picked":"SKIP","floor":5},{"not_picked":["Anger","Flex"],"picked":"Disarm","floor":6},{"not_picked":["Flex","Warcry","Burning Pact"],"picked":"SKIP","floor":7},{"not_picked":["Chill","CutThroughFate"],"picked":"Creative AI","floor":10},{"not_picked":["Defragment","Clash"],"picked":"Terror","floor":12},{"not_picked":["Hyperbeam+1","Brutality"],"picked":"Core Surge+1","floor":16},{"not_picked":["Clash+1","Armaments+1"],"picked":"Ball Lightning+1","floor":18},{"not_picked":["Evaluate","Escape Plan","Iron Wave+1"],"picked":"SKIP","floor":20},{"not_picked":["Trip+1","Dark Embrace+1"],"picked":"Ghostly Armor","floor":21}],"player_experience":176251,"relics_obtained":[{"floor":6,"key":"Nunchaku"},{"floor":9,"key":"Blue Candle"},{"floor":14,"key":"Molten Egg 2"}],"event_choices":[{"cards_removed":["Strike_R"],"damage_healed":0,"gold_gain":0,"player_choice":"Offered Basic","damage_taken":0,"max_hp_gain":0,"max_hp_loss":0,"event_name":"Bonfire Elementals","floor":2,"gold_loss":0},{"cards_removed":["Iron Wave"],"damage_healed":0,"gold_gain":0,"player_choice":"Card Removal","damage_taken":0,"max_hp_gain":0,"max_hp_loss":0,"event_name":"The Cleric","floor":4,"gold_loss":50},{"damage_healed":0,"gold_gain":0,"player_choice":"Success","damage_taken":3,"relics_obtained":["Paper Frog"],"max_hp_gain":0,"max_hp_loss":0,"event_name":"Scrap Ooze","floor":13,"gold_loss":0}],"is_beta":false,"boss_relics":[{"not_picked":["Philosopher\u0027s Stone","Sozu"],"picked":"Pandora\u0027s Box"}],"items_purged_floors":[],"is_endless":false,"potions_floor_spawned":[5,6,10,12],"killed_by":"Sentry and Sphere","ascension_level":3}}