{"host":"msmkw03x1o7nq45i","time":1610655790,"event":{"mods":["AchievementEnabler","BaseMod","Bestiary","Colored Powertips","GifTheSpireLib","Highlight Path","Minty Spire (QoL Compilation)","Random Character Button","StSLib","everything is the same but u backflip on backflip"],"gold_per_floor":[112,124,142,142,160,174,174,174,174,221,233,276,302,347,359,466,478,500,543,555,577,8,34,34,65,65,76,76,87,87,129,129,237,237,265,487,21,71,90,117,126,147,147,167,222,260,200,228,228,228],"floor_reached":51,"language":"ENG","playtime":3890,"items_purged":["Strike_G"],"score":1563,"play_id":"e6ebde21-041e-4c88-98d1-b6572b53fafe","local_time":"20210114222310","is_ascension_mode":true,"campfire_choices":[{"data":"All Out Attack","floor":7,"key":"SMITH"},{"data":"Riddle With Holes","floor":11,"key":"SMITH"},{"data":"Backstab","floor":15,"key":"SMITH"},{"data":"Catalyst","floor":24,"key":"SMITH"},{"data":"Catalyst","floor":28,"key":"SMITH"},{"data":"Crippling Poison","floor":30,"key":"SMITH"},{"data":"Wraith Form v2","floor":32,"key":"SMITH"},{"floor":49,"key":"RECALL"}],"circlet_count":0,"master_deck":["AscendersBane","Strike_G","Strike_G","Strike_G","Defend_G","Defend_G+1","Defend_G","Defend_G","Defend_G","Survivor","Neutralize+1","Riddle With Holes+1","Crippling Poison+1","Escape Plan","All Out Attack+1","Backstab+1","Catalyst+1","PiercingWail+1","Bouncing Flask+1","PiercingWail","Master of Strategy","Escape Plan","Tools of the Trade","Catalyst+1","Backflip","Wraith Form v2+1","Corpse Explosion","Escape Plan","Sadistic Nature","Leg Sweep+1","Secret Technique","Flechettes+1","Cloak And Dagger+1","Burst","Backflip+1"],"relics":["Ring of the Snake","Toy Ornithopter","MawBank","Bag of Marbles","Paper Crane","Happy Flower","Coffee Dripper","Red Mask","Pen Nib","Strawberry","Bronze Scales","WingedGreaves","Unceasing Top","CeramicFish","Fusion Hammer","Membership Card","Incense Burner","MealTicket","Ice Cream","Blood Vial","Darkstone Periapt","Lizard Tail","Bird Faced Urn","PreservedInsect"],"acts_visited":["Exordium","TheCity","TheBeyond"],"potions_floor_usage":[5,10,12,14,16,23,29,31,40,48],"damage_taken":[{"damage":13,"enemies":"Jaw Worm","floor":1,"turns":8},{"damage":0,"enemies":"2 Louse","floor":2,"turns":2},{"damage":4,"enemies":"Cultist","floor":3,"turns":4},{"damage":10,"enemies":"Lots of Slimes","floor":5,"turns":6},{"damage":2,"enemies":"Exordium Wildlife","floor":6,"turns":5},{"damage":0,"enemies":"3 Sentries","floor":10,"turns":4},{"damage":9,"enemies":"Lagavulin","floor":12,"turns":5},{"damage":0,"enemies":"2 Fungi Beasts","floor":13,"turns":1},{"damage":0,"enemies":"Gremlin Nob","floor":14,"turns":3},{"damage":24,"enemies":"Slime Boss","floor":16,"turns":14},{"damage":0,"enemies":"2 Thieves","floor":18,"turns":1},{"damage":0,"enemies":"Masked Bandits","floor":19,"turns":3},{"damage":12,"enemies":"Spheric Guardian","floor":21,"turns":4},{"damage":9,"enemies":"Book of Stabbing","floor":23,"turns":4},{"damage":0,"enemies":"Slavers","floor":25,"turns":4},{"damage":0,"enemies":"Chosen and Byrds","floor":27,"turns":4},{"damage":4,"enemies":"Snecko","floor":29,"turns":4},{"damage":0,"enemies":"Book of Stabbing","floor":31,"turns":4},{"damage":0,"enemies":"Automaton","floor":33,"turns":4},{"damage":0,"enemies":"3 Darklings","floor":35,"turns":1},{"damage":0,"enemies":"Mind Bloom Boss Battle","floor":38,"turns":7},{"damage":0,"enemies":"Orb Walker","floor":39,"turns":2},{"damage":7,"enemies":"Giant Head","floor":40,"turns":7},{"damage":5,"enemies":"3 Darklings","floor":42,"turns":2},{"damage":2,"enemies":"Maw","floor":44,"turns":3},{"damage":0,"enemies":"2 Orb Walkers","floor":45,"turns":1},{"damage":0,"enemies":"Nemesis","floor":46,"turns":3},{"damage":3,"enemies":"Sphere and 2 Shapes","floor":48,"turns":5},{"damage":9,"enemies":"Awakened One","floor":50,"turns":14}],"seed_played":"8668095114317386430","potions_obtained":[{"floor":2,"key":"Regen Potion"},{"floor":5,"key":"Dexterity Potion"},{"floor":6,"key":"AttackPotion"},{"floor":10,"key":"Fruit Juice"},{"floor":12,"key":"Poison Potion"},{"floor":14,"key":"Weak Potion"},{"floor":16,"key":"SteroidPotion"},{"floor":25,"key":"FearPotion"},{"floor":27,"key":"EntropicBrew"},{"floor":29,"key":"LiquidBronze"},{"floor":33,"key":"Dexterity Potion"},{"floor":40,"key":"LiquidBronze"},{"floor":45,"key":"Fruit Juice"},{"floor":48,"key":"AttackPotion"}],"is_trial":false,"path_per_floor":["M","M","M","?","M","M","R","?","T","E","R","E","M","E","R","B",null,"M","?","?","M","$","E","R","E","T","M","R","M","R","E","R","B",null,"M","?","$","?","M","E","?","M","T","M","?","E","?","M","R","B",null],"character_chosen":"THE_SILENT","items_purchased":["Pen Nib","Strawberry","Master of Strategy","Escape Plan","Membership Card","Sadistic Nature","Incense Burner","MealTicket"],"campfire_rested":0,"item_purchase_floors":[22,22,22,22,37,37,37,37],"current_hp_per_floor":[50,50,46,32,41,39,39,32,32,37,37,38,38,43,43,24,62,62,62,62,50,57,53,53,53,53,53,53,54,54,59,59,59,76,76,76,76,76,76,74,64,61,61,61,63,65,65,76,76,75],"gold":228,"neow_bonus":"RANDOM_COMMON_RELIC","is_daily":false,"chose_seed":false,"campfire_upgraded":7,"win_rate":0.0,"timestamp":1610655790,"path_taken":["M","M","M","?","M","M","R","?","T","E","R","E","M","E","R","BOSS","M","?","?","?","$","E","R","E","T","?","R","M","R","E","R","BOSS","M","?","$","?","M","E","?","?","T","M","?","E","?","?","R","BOSS"],"items_purchased_type":["Relic","Relic","Card","Card","Relic","Card","Relic","Relic"],"build_version":"2020-12-22","purchased_purges":1,"victory":true,"max_hp_per_floor":[70,70,70,70,70,70,70,70,70,70,70,75,75,75,75,75,75,75,75,75,75,82,82,82,82,82,82,82,82,82,82,82,82,82,82,82,82,82,82,82,82,82,82,82,82,82,82,87,87,87],"card_choices":[{"not_picked":["Slice","Outmaneuver"],"picked":"Riddle With Holes","floor":1},{"not_picked":["Dodge and Roll","Setup"],"picked":"Crippling Poison","floor":2},{"not_picked":["Bane","Caltrops"],"picked":"Escape Plan","floor":3},{"not_picked":["Outmaneuver","Deflect"],"picked":"All Out Attack","floor":5},{"not_picked":["Poisoned Stab","Prepared"],"picked":"Backstab","floor":6},{"not_picked":["Deadly Poison","Deflect"],"picked":"Catalyst","floor":10},{"not_picked":["Eviscerate","Choke","Backflip"],"picked":"SKIP","floor":12},{"not_picked":["Setup","Terror","Expertise"],"picked":"SKIP","floor":13},{"not_picked":["Quick Slash","Flying Knee","Doppelganger"],"picked":"SKIP","floor":14},{"not_picked":["Distraction","Infinite Blades"],"picked":"PiercingWail+1","floor":18},{"not_picked":["Deadly Poison+1","Quick Slash"],"picked":"Bouncing Flask+1","floor":19},{"not_picked":["Underhanded Strike","Outmaneuver"],"picked":"PiercingWail","floor":21},{"not_picked":["Dash","Caltrops"],"picked":"Tools of the Trade","floor":23},{"not_picked":["A Thousand Cuts","Flying Knee+1"],"picked":"Catalyst","floor":25},{"not_picked":["Caltrops","Prepared","Underhanded Strike"],"picked":"SKIP","floor":27},{"not_picked":["Accuracy+1","Doppelganger"],"picked":"Backflip","floor":29},{"not_picked":["Underhanded Strike","Prepared"],"picked":"Wraith Form v2","floor":31},{"not_picked":["Envenom","Adrenaline"],"picked":"Corpse Explosion","floor":33},{"not_picked":["Backstab","Dagger Spray"],"picked":"Escape Plan","floor":35},{"not_picked":["Terror+1","Backstab"],"picked":"Leg Sweep+1","floor":39},{"not_picked":["Outmaneuver+1","Cloak And Dagger","Corpse Explosion"],"picked":"SKIP","floor":40},{"not_picked":["Madness","Flash of Steel"],"picked":"Secret Technique","floor":41},{"not_picked":["Underhanded Strike+1","Sucker Punch"],"picked":"Flechettes+1","floor":42},{"not_picked":["Reflex+1","Outmaneuver","Flying Knee+1"],"picked":"SKIP","floor":44},{"not_picked":["Deadly Poison","Underhanded Strike+1"],"picked":"Cloak And Dagger+1","floor":45},{"not_picked":["Dash","Sucker Punch+1"],"picked":"Burst","floor":46},{"not_picked":["Flechettes+1","Flying Knee+1"],"picked":"Backflip+1","floor":48}],"player_experience":366473,"relics_obtained":[{"floor":9,"key":"MawBank"},{"floor":10,"key":"Bag of Marbles"},{"floor":12,"key":"Paper Crane"},{"floor":14,"key":"Happy Flower"},{"floor":19,"key":"Red Mask"},{"floor":23,"key":"Bronze Scales"},{"floor":25,"key":"WingedGreaves"},{"floor":26,"key":"Unceasing Top"},{"floor":31,"key":"CeramicFish"},{"floor":38,"key":"Ice Cream"},{"floor":40,"key":"Blood Vial"},{"floor":43,"key":"Darkstone Periapt"},{"floor":45,"key":"Lizard Tail"},{"floor":46,"key":"Bird Faced Urn"}],"event_choices":[{"damage_healed":0,"gold_gain":0,"player_choice":"Entered Light","damage_taken":14,"max_hp_gain":0,"max_hp_loss":0,"event_name":"Shining Light","floor":4,"gold_loss":0,"cards_upgraded":["Neutralize","Defend_G"]},{"cards_removed":["Strike_G"],"damage_healed":0,"gold_gain":0,"player_choice":"Card Removal","damage_taken":7,"max_hp_gain":0,"max_hp_loss":0,"event_name":"Golden Wing","floor":8,"gold_loss":0},{"damage_healed":0,"gold_gain":0,"player_choice":"Fought Bandits","damage_taken":0,"max_hp_gain":0,"max_hp_loss":0,"event_name":"Masked Bandits","floor":19,"gold_loss":0},{"damage_healed":0,"gold_gain":0,"player_choice":"Ignored","damage_taken":0,"max_hp_gain":0,"max_hp_loss":0,"event_name":"N\u0027loth","floor":20,"gold_loss":0},{"damage_healed":0,"gold_gain":222,"player_choice":"Wore Mask","damage_taken":0,"max_hp_gain":0,"max_hp_loss":0,"event_name":"Tomb of Lord Red Mask","floor":36,"gold_loss":0},{"damage_healed":0,"gold_gain":0,"player_choice":"Fight","damage_taken":0,"max_hp_gain":0,"max_hp_loss":0,"event_name":"MindBloom","floor":38,"gold_loss":0},{"damage_healed":0,"gold_gain":0,"player_choice":"Memory 3","damage_taken":10,"max_hp_gain":0,"max_hp_loss":0,"event_name":"SensoryStone","floor":41,"gold_loss":0},{"damage_healed":0,"gold_gain":0,"player_choice":"Fight","damage_taken":0,"max_hp_gain":0,"max_hp_loss":0,"event_name":"Mysterious Sphere","floor":45,"gold_loss":0},{"damage_healed":0,"gold_gain":0,"player_choice":"Paid Gold","damage_taken":0,"relics_obtained":["PreservedInsect"],"max_hp_gain":0,"max_hp_loss":0,"event_name":"WeMeetAgain","floor":47,"gold_loss":60}],"is_beta":false,"boss_relics":[{"not_picked":["Philosopher\u0027s Stone","Calling Bell"],"picked":"Coffee Dripper"},{"not_picked":["Tiny House","Black Star"],"picked":"Fusion Hammer"}],"items_purged_floors":[22],"is_endless":false,"potions_floor_spawned":[2,5,6,10,12,14,16,21,25,27,29,33,40,42,45,48],"ascension_level":11}}