{"host":"jwbw4f4imxd0v0b0","time":1610609693,"event":{"mods":["BaseMod","Colored Map","Highlight Path","Minty Spire (QoL Compilation)","Relic Stats","StSLib"],"gold_per_floor":[366,366,383,65,65,93,41,41,92,111,111,129,129,163,163,262,262,274,274,78,95,194,223,223,255,255,255,255,275,306,324,324,425,425,442,10,22,22,22,22,52,72,122,137,37,55,55,83,83,83],"floor_reached":51,"language":"ENG","playtime":3512,"items_purged":["Strike_G","Strike_G"],"score":1240,"play_id":"ce2c5072-23ae-42c9-bf7e-ff814713e83f","local_time":"20210114013453","is_ascension_mode":true,"campfire_choices":[{"data":"Wraith Form v2","floor":8.0,"key":"SMITH"},{"data":"Bouncing Flask","floor":13.0,"key":"SMITH"},{"data":"Leg Sweep","floor":15.0,"key":"SMITH"},{"data":"Malaise","floor":24,"key":"SMITH"},{"floor":27,"key":"REST"},{"data":"Noxious Fumes","floor":32,"key":"SMITH"},{"data":"Sadistic Nature","floor":40,"key":"SMITH"},{"floor":47,"key":"REST"},{"data":"Night Terror","floor":49,"key":"SMITH"}],"circlet_count":0,"master_deck":["Strike_G","Defend_G","Defend_G","Defend_G","Defend_G","Defend_G","Survivor","Neutralize+1","Blur","Dagger Throw","Poisoned Stab","Acrobatics","Wraith Form v2+1","Escape Plan","Bouncing Flask+1","Leg Sweep+1","Adrenaline","Well Laid Plans","Noxious Fumes+1","PiercingWail","Malaise+1","Dodge and Roll+1","PiercingWail","Night Terror+1","Noxious Fumes","Sadistic Nature+1","Acrobatics+1","Madness+1","Madness+1","Wraith Form v2+1","Catalyst+1"],"relics":["Ring of the Snake","TheAbacus","Pocketwatch","Anchor","Centennial Puzzle","Sozu","TwistedFunnel","Bag of Preparation","Snake Skull","Question Card","PreservedInsect","Empty Cage","Toxic Egg 2","Omamori","Gremlin Horn"],"acts_visited":["Exordium","TheCity","TheBeyond"],"potions_floor_usage":[50],"damage_taken":[{"damage":7.0,"enemies":"Small Slimes","floor":1.0,"turns":5.0},{"damage":4.0,"enemies":"2 Louse","floor":3.0,"turns":5.0},{"damage":15.0,"enemies":"Gremlin Nob","floor":6.0,"turns":5.0},{"damage":0.0,"enemies":"Cultist","floor":10.0,"turns":4.0},{"damage":1.0,"enemies":"Exordium Thugs","floor":12.0,"turns":5.0},{"damage":0.0,"enemies":"Lagavulin","floor":14.0,"turns":5.0},{"damage":8.0,"enemies":"The Guardian","floor":16.0,"turns":10.0},{"damage":4,"enemies":"3 Byrds","floor":18,"turns":7},{"damage":0,"enemies":"Shell Parasite","floor":21,"turns":5},{"damage":13,"enemies":"Gremlin Leader","floor":23,"turns":7},{"damage":9,"enemies":"Slavers","floor":25,"turns":5},{"damage":0,"enemies":"Snake Plant","floor":29,"turns":5},{"damage":0,"enemies":"Gremlin Leader","floor":30,"turns":4},{"damage":0,"enemies":"Centurion and Healer","floor":31,"turns":6},{"damage":12,"enemies":"Collector","floor":33,"turns":9},{"damage":1,"enemies":"Orb Walker","floor":35,"turns":4},{"damage":2,"enemies":"3 Darklings","floor":37,"turns":4},{"damage":6,"enemies":"Reptomancer","floor":41,"turns":5},{"damage":0,"enemies":"Transient","floor":42,"turns":5},{"damage":6,"enemies":"Spire Growth","floor":44,"turns":6},{"damage":0,"enemies":"3 Darklings","floor":46,"turns":5},{"damage":0,"enemies":"Nemesis","floor":48,"turns":4},{"damage":8,"enemies":"Awakened One","floor":50,"turns":11}],"seed_played":"3121509575384293804","potions_obtained":[{"floor":1.0,"key":"Block Potion"},{"floor":6.0,"key":"EntropicBrew"},{"floor":12.0,"key":"Weak Potion"}],"is_trial":false,"path_per_floor":["M","?","M","$","?","E","$","R","T","M","?","M","R","E","R","B",null,"M","?","$","M","?","E","R","E","T","R","?","M","E","M","R","B",null,"M","$","M","?","?","R","E","M","T","M","$","M","R","E","R","B",null],"character_chosen":"THE_SILENT","items_purchased":["TheAbacus","Poisoned Stab","Acrobatics","Energy Potion","TwistedFunnel","PiercingWail","Sadistic Nature","Toxic Egg 2"],"campfire_rested":2,"item_purchase_floors":[4,4,4,7,20,20,36,36],"current_hp_per_floor":[56,56,52,52,57,42,42,42,42,42,42,41,41,41,41,33,59,55,55,55,55,55,42,42,33,33,53,53,53,53,53,53,41,61,60,60,58,49,49,49,43,43,43,37,37,37,57,57,57,49],"gold":83,"neow_bonus":"TWO_FIFTY_GOLD","is_daily":false,"chose_seed":false,"campfire_upgraded":7,"win_rate":0.0,"timestamp":1610609693,"path_taken":["M","?","M","$","?","E","$","R","T","M","?","?","R","E","R","BOSS","M","?","$","M","?","E","R","E","T","R","?","M","E","M","R","BOSS","M","$","M","?","?","R","E","M","T","?","?","M","R","E","R","BOSS"],"items_purchased_type":["Relic","Card","Card","Potion","Relic","Card","Card","Relic"],"build_version":"2020-12-22","purchased_purges":2,"victory":true,"max_hp_per_floor":[63,63,63,63,68,68,68,68,68,68,68,68,68,68,68,68,68,68,68,68,68,68,68,68,68,68,68,68,68,68,68,68,68,68,68,68,68,68,68,68,68,68,68,68,68,68,68,68,68,68],"relic_stats":{"Sozu":3,"Centennial Puzzle":[30],"TheAbacus":[234],"Gremlin Horn":[3,3],"counters":[23,131],"Snake Skull":[204],"PreservedInsect":158,"Bag of Preparation":[26],"Question Card":11,"obtain_stats":[{"TwistedFunnel":20,"Gremlin Horn":48,"Snake Skull":25,"PreservedInsect":28,"Bag of Preparation":23,"Omamori":43,"Question Card":26,"Empty Cage":34,"Sozu":17,"Anchor":9,"Centennial Puzzle":14,"TheAbacus":4,"Toxic Egg 2":36,"Ring of the Snake":0,"Pocketwatch":6},{"TwistedFunnel":8,"Gremlin Horn":22,"Snake Skull":11,"PreservedInsect":11,"Bag of Preparation":10,"Omamori":19,"Question Card":11,"Empty Cage":15,"Sozu":7,"Anchor":3,"Centennial Puzzle":6,"TheAbacus":2,"Toxic Egg 2":16,"Ring of the Snake":0,"Pocketwatch":3},{"TwistedFunnel":46,"Gremlin Horn":120,"Snake Skull":63,"PreservedInsect":63,"Bag of Preparation":58,"Omamori":105,"Question Card":63,"Empty Cage":87,"Sozu":39,"Anchor":15,"Centennial Puzzle":29,"TheAbacus":10,"Toxic Egg 2":91,"Ring of the Snake":0,"Pocketwatch":15}],"Ring of the Snake":[46],"Pocketwatch":[116]},"card_choices":[{"not_picked":["Acrobatics","Tactician"],"picked":"Blur","floor":1.0},{"not_picked":["Flying Knee","Backflip"],"picked":"Dagger Throw","floor":3.0},{"not_picked":["Prepared","Blade Dance"],"picked":"Wraith Form v2","floor":6.0},{"not_picked":["Dagger Throw","Backflip"],"picked":"Escape Plan","floor":10.0},{"not_picked":["Dodge and Roll","Bane"],"picked":"Bouncing Flask","floor":12.0},{"not_picked":["Choke","Reflex"],"picked":"Leg Sweep","floor":14.0},{"not_picked":["Malaise","Grand Finale"],"picked":"Adrenaline","floor":16.0},{"not_picked":["Dagger Spray+1","Acrobatics"],"picked":"Well Laid Plans","floor":18},{"not_picked":["Concentrate","Finisher","Dagger Throw"],"picked":"SKIP","floor":21},{"not_picked":["Slice","Prepared+1"],"picked":"Malaise","floor":23},{"not_picked":["Distraction+1","Storm of Steel"],"picked":"Dodge and Roll+1","floor":25},{"not_picked":["Dagger Spray","Reflex+1","Blade Dance","Deadly Poison"],"picked":"SKIP","floor":29},{"not_picked":["Well Laid Plans+1","Underhanded Strike","Poisoned Stab"],"picked":"PiercingWail","floor":30},{"not_picked":["Deflect+1","Cloak And Dagger","Sucker Punch+1","Quick Slash"],"picked":"SKIP","floor":31},{"not_picked":["Envenom","Grand Finale","Burst"],"picked":"Night Terror","floor":33},{"not_picked":["Sucker Punch","Outmaneuver","Escape Plan+1"],"picked":"Noxious Fumes","floor":35},{"not_picked":["Dodge and Roll+1","Leg Sweep+1","Quick Slash"],"picked":"Acrobatics+1","floor":37},{"not_picked":["Footwork","Dash+1","Prepared+1"],"picked":"Catalyst+1","floor":41},{"not_picked":["Sucker Punch+1","Poisoned Stab+1","Predator","Flying Knee+1"],"picked":"SKIP","floor":42},{"not_picked":["Concentrate+1","Heel Hook+1","Quick Slash","Cloak And Dagger+1"],"picked":"SKIP","floor":44},{"not_picked":["All Out Attack+1","Dodge and Roll+1","Flying Knee+1","Predator"],"picked":"SKIP","floor":46},{"not_picked":["Choke","Slice","Flying Knee+1","Setup+1"],"picked":"SKIP","floor":48}],"player_experience":1051166,"relics_obtained":[{"floor":6.0,"key":"Pocketwatch"},{"floor":9.0,"key":"Anchor"},{"floor":14.0,"key":"Centennial Puzzle"},{"floor":23,"key":"Bag of Preparation"},{"floor":25,"key":"Snake Skull"},{"floor":26,"key":"Question Card"},{"floor":43,"key":"Omamori"},{"floor":48,"key":"Gremlin Horn"}],"event_choices":[{"damage_healed":0.0,"max_hp_gain":0.0,"max_hp_loss":0.0,"gold_gain":0.0,"event_name":"Living Wall","player_choice":"Grow","floor":2.0,"gold_loss":0.0,"damage_taken":0.0,"cards_upgraded":["Neutralize"]},{"damage_healed":0.0,"max_hp_gain":5.0,"max_hp_loss":0.0,"gold_gain":0.0,"event_name":"Big Fish","player_choice":"Donut","floor":5.0,"gold_loss":0.0,"damage_taken":0.0},{"cards_removed":["Strike_G"],"damage_healed":0.0,"max_hp_gain":0.0,"max_hp_loss":0.0,"gold_gain":0.0,"event_name":"Bonfire Elementals","player_choice":"Offered Basic","floor":11.0,"gold_loss":0.0,"damage_taken":0.0},{"damage_healed":0,"gold_gain":0,"player_choice":"Read","damage_taken":0,"max_hp_gain":0,"max_hp_loss":0,"event_name":"The Library","floor":19,"gold_loss":0,"cards_obtained":["Noxious Fumes"]},{"damage_healed":0,"gold_gain":99,"player_choice":"Stole From Cult","damage_taken":0,"max_hp_gain":0,"max_hp_loss":0,"event_name":"Nest","floor":22,"gold_loss":0},{"damage_healed":0,"gold_gain":0,"player_choice":"Opened","damage_taken":0,"relics_obtained":["PreservedInsect"],"max_hp_gain":0,"max_hp_loss":0,"event_name":"The Mausoleum","floor":28,"gold_loss":0,"cards_obtained":["Writhe"]},{"damage_healed":0,"gold_gain":0,"player_choice":"Embrace Madness","damage_taken":9,"max_hp_gain":0,"max_hp_loss":0,"event_name":"Winding Halls","floor":38,"gold_loss":0,"cards_obtained":["Madness","Madness"]},{"damage_healed":0,"gold_gain":0,"player_choice":"Copied","damage_taken":0,"max_hp_gain":0,"max_hp_loss":0,"event_name":"Duplicator","floor":39,"gold_loss":0,"cards_obtained":["Wraith Form v2"]}],"is_beta":false,"boss_relics":[{"not_picked":["Busted Crown","Ectoplasm"],"picked":"Sozu"},{"not_picked":["SacredBark","Black Star"],"picked":"Empty Cage"}],"items_purged_floors":[4,45],"is_endless":false,"potions_floor_spawned":[1,6,12,18,23,25,33,37,41,42,46],"ascension_level":9}}