{"host":"znwtfp2fwalt5xpb","time":1610627512,"event":{"mods":["ATMod(°¢èªMod)","BaseMod","Hero for Fun","Infinite Spire","Minty Spire (QoL Compilation)","Quick Restart","Replay The Spire","Spicy Shops","StSLib","¡¾ÒÅÎï¿¨ÅÆ¡¿REMEMod","óô»ðÖ¸ÄÏ"],"gold_per_floor":[116,134,209,209,209,63,83,83,83,115,127,144,156,174,174,278,278,295,195,262,262,279,279,279,295,295,93,110,110,121,141,141,239,239,254,254,254,254,265,115,131,162,185,185,185,235,270,286,51,51,51],"floor_reached":50,"language":"ZHS","playtime":2470,"items_purged":["Entrench","Defend_R","Defend_R","REME_Scribble","Wild Strike"],"score":731,"play_id":"12d1f0b2-f574-4fa3-8039-b619b6b58c30","local_time":"20210114203152","is_ascension_mode":false,"campfire_choices":[{"data":"Perfected Strike","floor":8.0,"key":"SMITH"},{"data":"Pommel Strike","floor":15.0,"key":"SMITH"},{"data":"AT_EmpoweredMortalDraw","floor":23.0,"key":"SMITH"},{"floor":32.0,"key":"DIG"}],"circlet_count":0,"master_deck":["Strike_R","Strike_R","Strike_R","Strike_R","REME_TheLastStrike+1","Perfected Strike+1","ReplayTheSpireMod:Strike From Hell","Pommel Strike+1","ReplayTheSpireMod:Stacked","Anger","AT_EmpoweredMortalDraw+1","ReplayTheSpireMod:Strike From Hell","Twin Strike+1","Twin Strike+1","Clash+1","Perfected Strike+1","REME_Scribble+1","REME_SingleHolding+1","AT_EmpoweredMortalDraw+1","Perfected Strike+1","Life Link"],"relics":["Burning Blood","AT_ATBox","REME_ComplimentaryCards","ReplayTheSpireMod:Ninjato","infinitespire:Beetle Shell","Replay:Grab Bag","Ooze Armor","infinitespire:Cupcake","AT_MortalBlade","Art of War","AT_SilvercatRing","Ancient Tea Set","Quantum Egg","Black Star","Replay:Ringing Soul","Iron Hammer","infinitespire:ShieldingShard","Boot","Singing Bowl","Replay:Multitool"],"acts_visited":["Exordium","TheCity","TheBeyond"],"potions_floor_usage":[],"damage_taken":[{"damage":1.0,"enemies":"2 Louse","floor":1.0,"turns":2.0},{"damage":6.0,"enemies":"Jaw Worm","floor":2.0,"turns":4.0},{"damage":0.0,"enemies":"Small Slimes","floor":7.0,"turns":2.0},{"damage":10.0,"enemies":"Replay:BlueRogue","floor":10.0,"turns":4.0},{"damage":2.0,"enemies":"Blue Slaver","floor":11.0,"turns":2.0},{"damage":11.0,"enemies":"Lots of Slimes","floor":12.0,"turns":4.0},{"damage":11.0,"enemies":"Exordium Thugs","floor":13.0,"turns":4.0},{"damage":2.0,"enemies":"Looter","floor":14.0,"turns":2.0},{"damage":41.0,"enemies":"Hexaghost","floor":16.0,"turns":9.0},{"damage":0.0,"enemies":"Spheric Guardian","floor":18.0,"turns":1.0},{"damage":5.0,"enemies":"Chosen","floor":22.0,"turns":2.0},{"damage":8.0,"enemies":"Snake Plant","floor":25.0,"turns":2.0},{"damage":2.0,"enemies":"Shelled Parasite and Fungi","floor":28.0,"turns":2.0},{"damage":0.0,"enemies":"Sentry and Sphere","floor":30.0,"turns":1.0},{"damage":0.0,"enemies":"Chosen and Byrds","floor":31.0,"turns":2.0},{"damage":15.0,"enemies":"Automaton","floor":33.0,"turns":4.0},{"damage":3.0,"enemies":"Orb Walker","floor":35.0,"turns":2.0},{"damage":0.0,"enemies":"3 Darklings","floor":39.0,"turns":2.0},{"damage":0.0,"enemies":"Sphere and 2 Shapes","floor":41.0,"turns":1.0},{"damage":34.0,"enemies":"Giant Head","floor":42.0,"turns":5.0},{"damage":12.0,"enemies":"Writhing Mass","floor":46.0,"turns":2.0},{"damage":33.0,"enemies":"Reptomancer","floor":47.0,"turns":3.0},{"damage":0.0,"enemies":"3 Darklings","floor":48.0,"turns":2.0},{"damage":78,"enemies":"infinitespire:MassOfShapes","floor":50,"turns":4}],"seed_played":"2901266655410912194","potions_obtained":[{"floor":1.0,"key":"Explosive Potion"},{"floor":11.0,"key":"SteroidPotion"},{"floor":12.0,"key":"ColorlessPotion"},{"floor":18.0,"key":"Flashbang"},{"floor":20.0,"key":"Adrenaline Potion"},{"floor":28.0,"key":"Elixir"},{"floor":31.0,"key":"AttackPotion"},{"floor":42.0,"key":"REME_GoldPotion"},{"floor":47.0,"key":"Dexterity Potion"}],"is_trial":false,"path_per_floor":["M","M","?","?","?","R","M","R","T","E","M","M","M","M","R","B",null,"M","$","?","?","M","R","?","M","T","R","M","?","M","M","R","B",null,"M","?","T","T","M","R","M","E","T","?","?","M","E","M","R","B"],"character_chosen":"IRONCLAD","items_purchased":["Perfected Strike","Wild Strike","Ancient Tea Set","Life Link"],"campfire_rested":0,"item_purchase_floors":[6,6,27,49],"current_hp_per_floor":[80,80,69,69,69,69,75,75,75,71,75,70,67,73,73,40,86,86,86,52,52,55,55,55,55,55,55,61,61,67,73,73,69,97,100,100,100,100,100,100,100,78,78,78,81,78,57,65,68,0,0],"gold":51,"neow_bonus":"REMOVE_CARD","is_daily":false,"chose_seed":false,"campfire_upgraded":3,"win_rate":0.0,"timestamp":1610627512,"path_taken":["M","M","?","?","?","R","M","R","T","E","?","?","M","M","R","BOSS","M","$","?","?","?","R","?","M","T","R","?","?","?","M","R","BOSS","M","?","?","?","?","R","M","E","T","?","?","M","E","M","R","BOSS"],"items_purchased_type":["Card","Card","Relic","Card"],"build_version":"2020-12-22","purchased_purges":5,"victory":false,"max_hp_per_floor":[80,80,80,80,80,80,80,80,80,80,80,80,82,84,84,86,86,86,86,86,86,88,88,88,90,90,90,92,92,92,92,92,97,97,100,100,100,100,100,100,100,106,106,101,104,107,113,115,118,121,121],"card_choices":[{"not_picked":["Body Slam","Shrug It Off"],"picked":"Entrench","floor":1.0},{"not_picked":["Thunderclap","Heavy Blade","Anger"],"picked":"SKIP","floor":2.0},{"not_picked":["Heavy Blade","Anger"],"picked":"ReplayTheSpireMod:Strike From Hell","floor":7.0},{"not_picked":["Battle Trance","True Grit"],"picked":"Pommel Strike","floor":10.0},{"not_picked":["Clothesline","Bludgeon","True Grit"],"picked":"SKIP","floor":11.0},{"not_picked":["Replay:Undeath\u0027s Touch","Havoc"],"picked":"REME_Scribble","floor":12.0},{"not_picked":["Clothesline","Warcry"],"picked":"ReplayTheSpireMod:Stacked","floor":13.0},{"not_picked":["Hemogenesis","Ghostly Armor"],"picked":"Anger","floor":14.0},{"not_picked":["REME_ACTH","Corruption"],"picked":"Demon Form","floor":16.0},{"not_picked":["True Grit+1","Replay:Undeath\u0027s Touch"],"picked":"ReplayTheSpireMod:Strike From Hell","floor":18.0},{"not_picked":["Cleave","Thunderclap"],"picked":"Twin Strike+1","floor":20.0},{"not_picked":["Warcry+1","Headbutt"],"picked":"Twin Strike","floor":22.0},{"not_picked":["Combust","Ghostly Armor","ReplayTheSpireMod:Stacked"],"picked":"SKIP","floor":25.0},{"not_picked":["ReplayTheSpireMod:Stacked","Searing Blow"],"picked":"Clash+1","floor":28.0},{"not_picked":["Iron Wave","Fire Breathing"],"picked":"Perfected Strike","floor":30.0},{"not_picked":["Second Wind","Fire Breathing"],"picked":"REME_Scribble+1","floor":31.0},{"not_picked":["Clothesline+1","Anger","Flex+1"],"picked":"SKIP","floor":35.0},{"not_picked":["Headbutt","Body Slam+1","Heavy Blade"],"picked":"SKIP","floor":39.0},{"not_picked":["Clothesline","Burning Pact+1","True Grit"],"picked":"SKIP","floor":41.0},{"not_picked":["Hemogenesis","Uppercut+1"],"picked":"REME_SingleHolding","floor":42.0},{"not_picked":["Headbutt","Dropkick","Anger"],"picked":"SKIP","floor":46.0},{"not_picked":["Replay:Undeath\u0027s Touch","Ghostly Armor"],"picked":"Perfected Strike+1","floor":47.0},{"not_picked":["Uppercut","Defy Death+1","Rupture"],"picked":"Singing Bowl","floor":48.0}],"player_experience":247938,"relics_obtained":[{"floor":9.0,"key":"ReplayTheSpireMod:Ninjato"},{"floor":10.0,"key":"infinitespire:Beetle Shell"},{"floor":20.0,"key":"Art of War"},{"floor":26.0,"key":"AT_SilvercatRing"},{"floor":32.0,"key":"Quantum Egg"},{"floor":38.0,"key":"Replay:Ringing Soul"},{"floor":42.0,"key":"Iron Hammer"},{"floor":42.0,"key":"infinitespire:ShieldingShard"},{"floor":43.0,"key":"Boot"},{"floor":47.0,"key":"Singing Bowl"},{"floor":47.0,"key":"Replay:Multitool"}],"event_choices":[{"damage_healed":0.0,"max_hp_gain":0.0,"max_hp_loss":0.0,"gold_gain":75.0,"event_name":"World of Goop","player_choice":"Gather Gold","floor":3.0,"gold_loss":0.0,"damage_taken":11.0},{"damage_healed":0.0,"max_hp_gain":0.0,"max_hp_loss":0.0,"gold_gain":0.0,"event_name":"Match and Keep!","player_choice":"0 cards matched","floor":21.0,"gold_loss":0.0,"damage_taken":0.0,"cards_obtained":[]},{"damage_healed":0.0,"max_hp_gain":0.0,"max_hp_loss":0.0,"gold_gain":0.0,"cards_transformed":["Defend_R"],"event_name":"Transmorgrifier","player_choice":"Transformed","floor":24.0,"gold_loss":0.0,"damage_taken":0.0,"cards_obtained":["Sever Soul"]},{"cards_removed":["Sever Soul"],"damage_healed":0.0,"max_hp_gain":0.0,"max_hp_loss":0.0,"gold_gain":0.0,"event_name":"Purifier","player_choice":"Purged","floor":29.0,"gold_loss":0.0,"damage_taken":0.0},{"cards_removed":["Demon Form"],"damage_healed":0.0,"max_hp_gain":0.0,"max_hp_loss":0.0,"gold_gain":0.0,"event_name":"Falling","player_choice":"Removed Power","floor":36.0,"gold_loss":0.0,"damage_taken":0.0},{"damage_healed":0.0,"max_hp_gain":0.0,"max_hp_loss":5.0,"gold_gain":0.0,"event_name":"Winding Halls","player_choice":"Max HP","floor":44.0,"gold_loss":0.0,"damage_taken":0.0},{"damage_healed":0.0,"max_hp_gain":0.0,"max_hp_loss":0.0,"gold_gain":0.0,"event_name":"Duplicator","player_choice":"Copied","floor":45.0,"gold_loss":0.0,"damage_taken":0.0,"cards_obtained":["AT_EmpoweredMortalDraw"]}],"is_beta":false,"boss_relics":[{"not_picked":["Runic Cube","SacredBark"],"picked":"Replay:Grab Bag"},{"not_picked":["Philosopher\u0027s Stone","Sozu"],"picked":"Ooze Armor"},{"not_picked":["Cursed Key","Runic Dome"],"picked":"infinitespire:Cupcake"},{"not_picked":["Mark of Pain","REME_DuelDisc"],"picked":"AT_MortalBlade"},{"not_picked":["Replay:Drink Me","Replay:Bronze Core"],"picked":"Black Star"}],"items_purged_floors":[6,19,27,40,49],"is_endless":false,"potions_floor_spawned":[1,11,12,18,28,31,35,42,47],"killed_by":"infinitespire:MassOfShapes","ascension_level":0}}