{"host":"ecaj4hn004xnnrw9","time":1610632155,"event":{"mods":["AchievementEnabler","BaseMod","Better Third Choice","Hermit","Hubris","Infinite Spire","Jorbs\u0027s Wanderer Trilogy","Minty Spire (QoL Compilation)","Quick Restart","Shop Mod","StSLib","The Construct","The Jungle","The Runesmith"],"gold_per_floor":[114,189,201,201,201,233,248,280,280,298,20,36,46,12,12,108,108,122,133,133,43,58,92,112,112,112],"floor_reached":25,"language":"ENG","playtime":1074,"items_purged":["construct:Strike_Gold"],"score":260,"play_id":"f7b95ac0-7011-4355-b7e3-21837a12df08","local_time":"20210114134915","is_ascension_mode":false,"campfire_choices":[{"floor":15,"key":"REST"}],"circlet_count":0,"master_deck":["construct:Strike_Gold","construct:Strike_Gold","construct:Strike_Gold","construct:Strike_Gold","construct:Defend_Gold","construct:Defend_Gold","construct:Defend_Gold+1","construct:Defend_Gold","construct:Defend_Gold","construct:AttackMode","construct:DefenseMode","construct:SweepLaser","Blasphemy","construct:Hazardproof","construct:PowerUp","construct:PowerUp","construct:PowerUp","construct:BatteryCore","construct:SyphonStrike+1","construct:SweepLaser"],"relics":["construct:Cogwheel","NeowsBlessing","hubris:Towel","hubris:SlimyHat","MealTicket","Dream Catcher","StrikeDummy","Membership Card","hubris:VirtuousBlindfold","Darkstone Periapt"],"acts_visited":["Exordium","TheCity"],"potions_floor_usage":[8,8,16,18,23,23,25],"damage_taken":[{"damage":0,"enemies":"Small Slimes","floor":1,"turns":1},{"damage":0,"enemies":"2 Louse","floor":3,"turns":1},{"damage":0,"enemies":"3 Sentries","floor":6,"turns":2},{"damage":4,"enemies":"Jaw Worm","floor":7,"turns":2},{"damage":35,"enemies":"Gremlin Nob","floor":8,"turns":5},{"damage":6,"enemies":"Red Slaver","floor":10,"turns":4},{"damage":0,"enemies":"Blue Slaver","floor":12,"turns":5},{"damage":16,"enemies":"Gremlin Gang","floor":13,"turns":5},{"damage":31,"enemies":"The Guardian","floor":16,"turns":12},{"damage":3,"enemies":"3 Byrds","floor":18,"turns":6},{"damage":5,"enemies":"Shell Parasite","floor":19,"turns":7},{"damage":27,"enemies":"Snake Plant","floor":22,"turns":5},{"damage":20,"enemies":"Gremlin Leader","floor":23,"turns":6},{"damage":5,"enemies":"Chosen and Byrds","floor":24,"turns":8},{"damage":12,"enemies":"Book of Stabbing","floor":25,"turns":2}],"seed_played":"-8579460767142630226","potions_obtained":[{"floor":1,"key":"Weak Potion"},{"floor":3,"key":"Regen Potion"},{"floor":16,"key":"SneckoOil"},{"floor":18,"key":"FearPotion"},{"floor":24,"key":"Weak Potion"}],"is_trial":false,"path_per_floor":["M","?","M","?","?","E","M","E","T","M","$","M","M","$","R","B",null,"M","M","?","?","M","E","M","E"],"character_chosen":"THE_CONSTRUCT_MOD","items_purchased":["Membership Card","CultistPotion","DistilledChaos","construct:PowerUp"],"campfire_rested":1,"item_purchase_floors":[11,11,11,14],"current_hp_per_floor":[85,74,74,74,44,44,40,19,19,13,28,28,12,27,52,21,85,82,77,61,61,34,14,9,0,0],"gold":112,"neow_bonus":"THREE_ENEMY_KILL","is_daily":false,"chose_seed":false,"campfire_upgraded":0,"win_rate":0.0,"timestamp":1610632155,"path_taken":["M","?","M","?","?","E","?","E","T","M","$","M","M","?","R","BOSS","M","?","?","?","?","E","M","E"],"items_purchased_type":["Relic","Potion","Potion","Card"],"build_version":"2020-12-22","purchased_purges":1,"victory":false,"max_hp_per_floor":[85,85,85,85,85,85,85,85,85,85,85,85,85,85,85,85,85,85,85,90,90,90,90,90,90,90],"card_choices":[{"not_picked":["construct:Backup","construct:ShiftStrike"],"picked":"construct:HeavyBolt","floor":1},{"not_picked":["construct:SaveState","construct:Isolate"],"picked":"construct:SweepLaser","floor":3},{"not_picked":["construct:SaveState","construct:HastyRepair","construct:Chainstrike"],"picked":"SKIP","floor":6},{"not_picked":["construct:Reinforce","construct:Analyze","construct:SyphonStrike"],"picked":"SKIP","floor":7},{"not_picked":["construct:ModeShift","construct:Stasis"],"picked":"construct:Hazardproof","floor":8},{"not_picked":["construct:LongRangeLance","construct:GuardCore"],"picked":"construct:PowerUp","floor":10},{"not_picked":["construct:Boost","construct:ModeShift","construct:OneWayMirror"],"picked":"SKIP","floor":12},{"not_picked":["construct:SaveState","construct:SuppressiveFire","construct:SyphonStrike"],"picked":"SKIP","floor":13},{"not_picked":["construct:ReactiveShield","construct:ClusterMines"],"picked":"construct:PowerUp","floor":15},{"not_picked":["construct:Multistage","construct:GatlingGun"],"picked":"construct:BatteryCore","floor":16},{"not_picked":["construct:VentSteam","construct:Anticipate"],"picked":"construct:SyphonStrike+1","floor":18},{"not_picked":["construct:ChargeShot","construct:ShiftStrike+1"],"picked":"construct:SweepLaser","floor":19},{"not_picked":["construct:ModeShift","construct:Accumulate+1","construct:Construct_Overclock+1"],"picked":"SKIP","floor":22},{"not_picked":["construct:Versatility+1","construct:Boost","construct:Missile"],"picked":"SKIP","floor":23},{"not_picked":["construct:Anticipate","construct:Tumble","construct:Missile+1"],"picked":"SKIP","floor":24}],"player_experience":312269,"relics_obtained":[{"floor":6,"key":"MealTicket"},{"floor":8,"key":"Dream Catcher"},{"floor":9,"key":"StrikeDummy"},{"floor":23,"key":"Darkstone Periapt"}],"event_choices":[{"damage_healed":0,"gold_gain":75,"player_choice":"Gold","damage_taken":11,"max_hp_gain":0,"max_hp_loss":0,"event_name":"betterThird:BetterGoop","floor":2,"gold_loss":0},{"damage_healed":0,"gold_gain":0,"player_choice":"Shed Blood","damage_taken":21,"max_hp_gain":5,"max_hp_loss":0,"event_name":"Forgotten Altar","floor":20,"gold_loss":0},{"cards_removed":["construct:HeavyBolt"],"damage_healed":0,"gold_gain":0,"player_choice":"Upgrade and Remove","damage_taken":0,"max_hp_gain":0,"max_hp_loss":0,"event_name":"Designer","floor":21,"gold_loss":90,"cards_upgraded":["construct:Defend_Gold"]}],"is_beta":false,"boss_relics":[{"not_picked":["Sozu","Astrolabe"],"picked":"hubris:VirtuousBlindfold"}],"items_purged_floors":[11],"is_endless":false,"potions_floor_spawned":[1,3,8,16,18,24],"killed_by":"Book of Stabbing","ascension_level":0}}