{"host":"5f3w3xqo483bhjcu","time":1610632980,"event":{"mods":["Act Like it!","BaseMod","KinomotoSakuraMod(ƒæ÷Æ±æ”£)","Koishi","Marisa£®ÏF”Í°°ƒß¿Ì…≥£©","Minty Spire (QoL Compilation)","Reimu£®≤©¿ˆ¡È√Œ£©","Remilia£®¿Ÿ√◊¿Ú—«£©","StSLib","The Servant 0.9.4","Waifu the Spire","WarShipGirlsR/’ΩΩ¢…Ÿ≈ÆR mod","Yakumo Yukari mod","Youmu£®ªÍ∆«—˝√Œ£©","Yuyuko","[IsaacMod]“‘»ˆº‚À˛","°æ“≈ŒÔø®≈∆°øREMEMod"],"gold_per_floor":[367,367,385,79,79,79,113,113,113,136,172,197,240,240,240,335,335,351,351,104,123,38,78,81,81,81],"floor_reached":25,"language":"ZHS","playtime":633,"items_purged":["Normality","Strike_R","Envy_TH"],"score":550,"play_id":"a5a1478e-735e-4a07-853f-8f3a848d4c5d","local_time":"20210114220300","is_ascension_mode":true,"campfire_choices":[{"data":"REME_HeartOfCthun","floor":6,"key":"SMITH"},{"data":"Perfected Strike","floor":8,"key":"SMITH"},{"data":"Whirlwind","floor":15,"key":"SMITH"}],"circlet_count":0,"master_deck":["AscendersBane","Strike_R","Strike_R","Strike_R+1","Defend_R","Defend_R","Defend_R","Bash","REME_HeartOfCthun+1","Finesse","Perfected Strike+1","Perfected Strike+1","Whirlwind+1","Seeing Red","Shrug It Off","REME_ACTH","Perfected Strike"],"relics":["Burning Blood","REME_ComplimentaryCards","HushsDoor","DeathBook","Golden Idol","Akabeko","TuHaoJin","AntiCross","Sundial","Whetstone","Paper Frog","RedLine:ReiMu","Chaos","Cauldron","AntiCross"],"acts_visited":["TheCity"],"potions_floor_usage":[],"damage_taken":[{"damage":2,"enemies":"Jaw Worm","floor":1,"turns":3},{"damage":5,"enemies":"Small Slimes","floor":3,"turns":2},{"damage":8,"enemies":"3 Sentries","floor":7,"turns":4},{"damage":0,"enemies":"Cultist","floor":10,"turns":2},{"damage":33,"enemies":"Lagavulin","floor":11,"turns":4},{"damage":3,"enemies":"Large Slime","floor":12,"turns":3},{"damage":13,"enemies":"3 Sentries","floor":13,"turns":3},{"damage":5,"enemies":"Slime Boss","floor":16,"turns":5},{"damage":11,"enemies":"2 Thieves","floor":18,"turns":2},{"damage":12,"enemies":"Chosen","floor":21,"turns":3},{"damage":0,"enemies":"Gremlin Leader","floor":23,"turns":3},{"damage":57,"enemies":"Snake Plant","floor":24,"turns":4},{"damage":7,"enemies":"Snecko","floor":25,"turns":1}],"seed_played":"-3598536156416686595","potions_obtained":[{"floor":7,"key":"Swift Potion"},{"floor":11,"key":"FearPotion"}],"is_trial":false,"path_per_floor":["M","?","M","$","?","R","E","R","T","M","E","M","E","T","R","B",null,"M","?","$","M","?","E","M","M"],"character_chosen":"IRONCLAD","items_purchased":["Akabeko","Finesse","Chaos"],"campfire_rested":0,"item_purchase_floors":[4,4,20],"current_hp_per_floor":[72,46,47,47,52,52,50,50,50,56,29,32,25,25,25,26,63,58,58,58,52,52,58,7,0,0],"gold":81,"neow_bonus":"TWO_FIFTY_GOLD","is_daily":false,"chose_seed":false,"campfire_upgraded":3,"win_rate":0.0,"timestamp":1610632980,"path_taken":["M","?","?","$","?","R","E","R","T","M","E","M","E","?","R","BOSS","M","?","$","M","?","E","M","?"],"items_purchased_type":["Relic","Card","Card"],"build_version":"2020-12-22","purchased_purges":3,"victory":false,"max_hp_per_floor":[75,75,75,75,80,80,80,80,80,80,80,80,80,80,80,80,75,75,75,75,75,75,75,75,75,75],"card_choices":[{"not_picked":["Iron Wave","Fire Breathing","Reckless Charge"],"picked":"SKIP","floor":1},{"not_picked":["Dropkick","Anger","Burning Pact"],"picked":"SKIP","floor":3},{"not_picked":["Sword Boomerang","Rupture"],"picked":"Perfected Strike","floor":7},{"not_picked":["Havoc","Power Through"],"picked":"Perfected Strike","floor":10},{"not_picked":["Twin Strike","Perfected Strike"],"picked":"Whirlwind","floor":11},{"not_picked":["Dropkick","Twin Strike"],"picked":"Seeing Red","floor":12},{"not_picked":["Blood for Blood","Havoc"],"picked":"Shrug It Off","floor":13},{"not_picked":["Exhume","Offering"],"picked":"REME_ACTH","floor":16},{"not_picked":["Headbutt","Twin Strike","Combust"],"picked":"SKIP","floor":18},{"not_picked":["Bloodletting","Headbutt"],"picked":"Perfected Strike","floor":21},{"not_picked":["Flex","Uppercut+1","Seeing Red"],"picked":"SKIP","floor":23},{"not_picked":["Sword Boomerang","Flame Barrier","Entrench"],"picked":"SKIP","floor":24}],"player_experience":391928,"relics_obtained":[{"floor":7,"key":"TuHaoJin"},{"floor":9,"key":"AntiCross"},{"floor":11,"key":"Sundial"},{"floor":13,"key":"Whetstone"},{"floor":14,"key":"Paper Frog"},{"floor":23,"key":"Diplopia"}],"event_choices":[{"damage_healed":0,"gold_gain":0,"player_choice":"Take Damage","damage_taken":26,"relics_obtained":["Golden Idol"],"max_hp_gain":0,"max_hp_loss":0,"event_name":"Golden Idol","floor":2,"gold_loss":0},{"damage_healed":0,"gold_gain":0,"player_choice":"Donut","damage_taken":0,"max_hp_gain":5,"max_hp_loss":0,"event_name":"Big Fish","floor":5,"gold_loss":0},{"damage_healed":0,"gold_gain":0,"player_choice":"Obtained Relic","damage_taken":0,"relics_obtained":["Cauldron"],"max_hp_gain":0,"max_hp_loss":0,"event_name":"Addict","floor":22,"gold_loss":85}],"is_beta":false,"boss_relics":[{"not_picked":["REME_DuelDisc","Ectoplasm"],"picked":"RedLine:ReiMu"},{"not_picked":[]}],"items_purged_floors":[4,17,20],"is_endless":false,"potions_floor_spawned":[7,11,12,13],"killed_by":"Snecko","ascension_level":15}}