{"host":"uonldg9uriwfhjjx","time":1610661506,"event":{"mods":["AchievementEnabler","BaseMod","Minty Spire (QoL Compilation)","Relic Stats","StSLib","The Cursed"],"gold_per_floor":[12,12,12,31,31,31,62,62,108,58,73,73,88,124,124,252,252,272,18,0,0,0,0,44,64,64,99,112,131,131,151,151,277,340,355,162,495,495,514,514,544,544,544,599,616,644,656,6,6,6],"floor_reached":51,"language":"ENG","playtime":2986,"items_purged":["TheCursedMod:Strike_TheCursed"],"score":991,"play_id":"971587ab-6de4-4a66-8b06-d2e8526c91b2","local_time":"20210114165826","is_ascension_mode":true,"campfire_choices":[{"data":"TheCursedMod:CleanUpWorkshop","floor":6,"key":"SMITH"},{"data":"TheCursedMod:EmpowerCircles","floor":8,"key":"SMITH"},{"data":"TheCursedMod:CircleOfFlame","floor":12,"key":"SMITH"},{"data":"TheCursedMod:DemonicPact","floor":15,"key":"SMITH"},{"data":"TheCursedMod:ForbiddenAlchemy","floor":23,"key":"SMITH"},{"data":"TheCursedMod:SpitefulPray","floor":32,"key":"SMITH"},{"data":"TheCursedMod:CollectTribute","floor":40,"key":"SMITH"},{"data":"TheCursedMod:ReleasedKnowledge","floor":42,"key":"SMITH"},{"data":"Chrysalis","floor":49,"key":"SMITH"}],"circlet_count":0,"master_deck":["TheCursedMod:Strike_TheCursed","TheCursedMod:Strike_TheCursed","TheCursedMod:CursedWand","TheCursedMod:CleanUpWorkshop+1","TheCursedMod:Dregs","TheCursedMod:CircleOfFlame+1","TheCursedMod:EmpowerCircles+1","TheCursedMod:CircleOfCorruption","TheCursedMod:CursedBlade","TheCursedMod:RapidMovement","TheCursedMod:RapidMovement","TheCursedMod:HellsGateOpen","TheCursedMod:DemonicPact+1","TheCursedMod:AntiAging","CurseOfTheBell","TheCursedMod:RavingStaff","TheCursedMod:ForbiddenAlchemy+1","Bandage Up","TheCursedMod:TacticalStrike","TheCursedMod:SpitefulPray+1","TheCursedMod:Wield","TheCursedMod:StunningStrike+1","TheCursedMod:ReleasedKnowledge+1","TheCursedMod:LuckyCharm+1","TheCursedMod:WearCloak","TheCursedMod:CollectTribute+1","TheCursedMod:SpitefulPlan","TheCursedMod:SpitefulPlan","TheCursedMod:SmokeScreen","TheCursedMod:ManaBullet+1","TheCursedMod:CircleOfFocus+1","TheCursedMod:ReleasedStrength+1","TheCursedMod:CursedSpellbook","TheCursedMod:SpitefulStrike","Chrysalis+1","Blind"],"relics":["TheCursedMod:BlackMagic101","Tiny Chest","Blood Vial","Pear","Calling Bell","Vajra","StrikeDummy","Gambling Chip","Du-Vu Doll","TungstenRod","FossilizedHelix","Bottled Flame","Tiny House","Toy Ornithopter","Ginger","Letter Opener","Unceasing Top","Bird Faced Urn","Happy Flower","Frozen Eye"],"acts_visited":["Exordium","TheCity","TheBeyond"],"potions_floor_usage":[16,24,24,24,27,27,30,30,33,35,35,35,35,41,50,50,50,50,50,50,50,50,50],"damage_taken":[{"damage":6,"enemies":"Jaw Worm","floor":1,"turns":5},{"damage":0,"enemies":"Small Slimes","floor":4,"turns":2},{"damage":9,"enemies":"3 Sentries","floor":7,"turns":6},{"damage":0,"enemies":"2 Louse","floor":11,"turns":2},{"damage":0,"enemies":"Exordium Thugs","floor":13,"turns":4},{"damage":10,"enemies":"Gremlin Nob","floor":14,"turns":4},{"damage":14,"enemies":"Hexaghost","floor":16,"turns":11},{"damage":19,"enemies":"Shell Parasite","floor":18,"turns":8},{"damage":35,"enemies":"Gremlin Leader","floor":24,"turns":7},{"damage":0,"enemies":"Spheric Guardian","floor":25,"turns":3},{"damage":1,"enemies":"Slavers","floor":27,"turns":3},{"damage":0,"enemies":"Snecko","floor":28,"turns":4},{"damage":0,"enemies":"Cultist and Chosen","floor":29,"turns":4},{"damage":0,"enemies":"Shelled Parasite and Fungi","floor":30,"turns":2},{"damage":0,"enemies":"Centurion and Healer","floor":31,"turns":5},{"damage":51,"enemies":"Automaton","floor":33,"turns":13},{"damage":23,"enemies":"3 Darklings","floor":35,"turns":4},{"damage":0,"enemies":"Orb Walker","floor":39,"turns":3},{"damage":0,"enemies":"Reptomancer","floor":41,"turns":5},{"damage":35,"enemies":"2 Orb Walkers","floor":44,"turns":5},{"damage":4,"enemies":"4 Shapes","floor":45,"turns":4},{"damage":0,"enemies":"Giant Head","floor":46,"turns":6},{"damage":5,"enemies":"3 Darklings","floor":47,"turns":5},{"damage":45,"enemies":"Time Eater","floor":50,"turns":8}],"seed_played":"9050447487331657709","potions_obtained":[{"floor":1,"key":"Weak Potion"},{"floor":11,"key":"Block Potion"},{"floor":25,"key":"Fire Potion"},{"floor":27,"key":"Fruit Juice"},{"floor":28,"key":"SmokeBomb"},{"floor":31,"key":"SteroidPotion"},{"floor":33,"key":"SpeedPotion"},{"floor":39,"key":"BlessingOfTheForge"}],"is_trial":false,"path_per_floor":["M","$","?","M","?","R","E","R","T","?","M","R","M","E","R","B",null,"M","$","?","?","T","R","E","M","T","E","M","M","M","M","R","B",null,"M","$","?","T","M","R","E","R","T","?","M","E","M","$","R","B",null],"character_chosen":"THE_CURSED","items_purchased":["TheCursedMod:ForbiddenAlchemy","Bandage Up","TheCursedMod:TacticalStrike","TheCursedMod:SpitefulPlan","TheCursedMod:SmokeScreen","Happy Flower","TheCursedMod:CursedSpellbook","Frozen Eye","TheCursedMod:SpitefulStrike","Chrysalis","Blind"],"campfire_rested":0,"item_purchase_floors":[19,19,19,36,36,48,48,48,48,48,48],"current_hp_per_floor":[69,69,69,69,69,69,60,60,60,60,62,62,64,66,66,54,79,62,62,62,62,62,62,33,41,41,51,59,67,73,81,81,36,99,76,76,76,76,82,82,93,93,93,66,66,74,83,83,83,104],"gold":6,"neow_bonus":"TRANSFORM_TWO_CARDS","is_daily":false,"chose_seed":false,"campfire_upgraded":9,"win_rate":0.0,"timestamp":1610661506,"path_taken":["M","$","?","M","?","R","E","R","T","?","M","R","M","E","R","BOSS","M","$","?","?","?","R","E","?","T","E","M","?","M","M","R","BOSS","M","$","?","?","M","R","E","R","T","?","M","E","M","$","R","BOSS"],"items_purchased_type":["Card","Card","Card","Card","Card","Relic","Card","Relic","Card","Card","Card"],"build_version":"2020-12-22","purchased_purges":1,"victory":true,"max_hp_per_floor":[75,75,75,75,69,69,69,69,69,69,69,69,69,79,79,79,79,81,81,81,81,81,81,81,83,83,88,90,92,92,94,94,94,99,99,99,99,99,99,99,99,99,99,101,103,105,105,105,105,107],"relic_stats":{"Blood Vial":38,"Happy Flower":[2],"counters":[24,123],"Gambling Chip":[38],"Bird Faced Urn":[22],"Tiny Chest":2,"Ginger":[2],"Letter Opener":[60],"obtain_stats":[{"TheCursedMod:BlackMagic101":0,"Pear":14,"Tiny House":34,"Happy Flower":48,"Golden Idol":5,"Vajra":17,"Ginger":41,"Letter Opener":43,"Blood Vial":9,"Calling Bell":17,"Du-Vu Doll":22,"Frozen Eye":48,"Bottled Flame":27,"Gambling Chip":17,"Bird Faced Urn":46,"Tiny Chest":7,"StrikeDummy":17,"TungstenRod":24,"FossilizedHelix":26,"Toy Ornithopter":38,"Unceasing Top":44},{"TheCursedMod:BlackMagic101":0,"Pear":6,"Tiny House":16,"Happy Flower":23,"Golden Idol":2,"Vajra":7,"Ginger":19,"Letter Opener":19,"Blood Vial":3,"Calling Bell":7,"Du-Vu Doll":8,"Frozen Eye":23,"Bottled Flame":11,"Gambling Chip":7,"Bird Faced Urn":22,"Tiny Chest":3,"StrikeDummy":7,"TungstenRod":9,"FossilizedHelix":10,"Toy Ornithopter":17,"Unceasing Top":20},{"TheCursedMod:BlackMagic101":0,"Pear":23,"Tiny House":83,"Happy Flower":115,"Golden Idol":7,"Vajra":34,"Ginger":95,"Letter Opener":95,"Blood Vial":13,"Calling Bell":34,"Du-Vu Doll":42,"Frozen Eye":115,"Bottled Flame":55,"Gambling Chip":34,"Bird Faced Urn":110,"Tiny Chest":13,"StrikeDummy":34,"TungstenRod":49,"FossilizedHelix":52,"Toy Ornithopter":87,"Unceasing Top":100}],"TungstenRod":32,"Toy Ornithopter":49,"Unceasing Top":[0]},"card_choices":[{"not_picked":["TheCursedMod:SaltUponWound","TheCursedMod:StingEye"],"picked":"TheCursedMod:CircleOfCorruption","floor":1},{"not_picked":["TheCursedMod:SmokeScreen","TheCursedMod:Torture"],"picked":"TheCursedMod:RapidMovement","floor":4},{"not_picked":["TheCursedMod:FleshFromBone","TheCursedMod:VitalStrike"],"picked":"TheCursedMod:RapidMovement","floor":7},{"not_picked":["TheCursedMod:AshesToAshes","TheCursedMod:Mangle","TheCursedMod:ManaBullet"],"picked":"SKIP","floor":11},{"not_picked":["TheCursedMod:WearCloak","TheCursedMod:SoulCrush"],"picked":"TheCursedMod:HellsGateOpen","floor":13},{"not_picked":["TheCursedMod:CircleOfFlame","TheCursedMod:Stigma"],"picked":"TheCursedMod:DemonicPact","floor":14},{"not_picked":["TheCursedMod:UltimatePain","TheCursedMod:ShockAndAwe"],"picked":"TheCursedMod:AntiAging","floor":16},{"not_picked":["TheCursedMod:RapidMovement+1","TheCursedMod:SmokeScreen"],"picked":"TheCursedMod:RavingStaff","floor":18},{"not_picked":["TheCursedMod:Neurasthenia","TheCursedMod:RapidMovement"],"picked":"TheCursedMod:SpitefulPray","floor":24},{"not_picked":["TheCursedMod:RavingStaff","TheCursedMod:CursedBlade"],"picked":"TheCursedMod:Wield","floor":25},{"not_picked":["TheCursedMod:CircleOfWindfury","TheCursedMod:Evocation"],"picked":"TheCursedMod:StunningStrike","floor":27},{"not_picked":["TheCursedMod:EmpowerCircles+1","TheCursedMod:Stigma"],"picked":"TheCursedMod:ReleasedKnowledge","floor":28},{"not_picked":["TheCursedMod:SpitefulPlan","TheCursedMod:CursedShiv"],"picked":"TheCursedMod:LuckyCharm+1","floor":29},{"not_picked":["TheCursedMod:AbyssShockwave","TheCursedMod:CursedShiv"],"picked":"TheCursedMod:WearCloak","floor":31},{"not_picked":["TheCursedMod:CircleOfAbyss","TheCursedMod:Neurasthenia"],"picked":"TheCursedMod:CollectTribute","floor":33},{"not_picked":["TheCursedMod:CursedStaff","TheCursedMod:Stigma"],"picked":"TheCursedMod:SpitefulPlan","floor":35},{"not_picked":["TheCursedMod:BlessingInDisguise+1","TheCursedMod:FleshFromBone+1"],"picked":"TheCursedMod:ManaBullet+1","floor":39},{"not_picked":["TheCursedMod:ManaBullet","TheCursedMod:SoulCrush+1"],"picked":"TheCursedMod:CircleOfFocus+1","floor":41},{"not_picked":["TheCursedMod:WearCloak+1","TheCursedMod:SurpriseAttack+1"],"picked":"TheCursedMod:ReleasedStrength+1","floor":44},{"not_picked":["TheCursedMod:CursedShiv","TheCursedMod:CursedBlade+1","TheCursedMod:CircleOfWindfury+1"],"picked":"SKIP","floor":45},{"not_picked":["TheCursedMod:Torture","TheCursedMod:CursedMace+1","TheCursedMod:StunningStrike"],"picked":"SKIP","floor":46},{"not_picked":["TheCursedMod:ReleasedKnowledge+1","TheCursedMod:BloodBarrier+1","TheCursedMod:BlessingInDisguise"],"picked":"SKIP","floor":47}],"player_experience":796679,"relics_obtained":[{"floor":7,"key":"Tiny Chest"},{"floor":9,"key":"Blood Vial"},{"floor":14,"key":"Pear"},{"floor":17,"key":"Vajra"},{"floor":17,"key":"StrikeDummy"},{"floor":17,"key":"Gambling Chip"},{"floor":22,"key":"Du-Vu Doll"},{"floor":24,"key":"TungstenRod"},{"floor":26,"key":"FossilizedHelix"},{"floor":27,"key":"Bottled Flame"},{"floor":38,"key":"Toy Ornithopter"},{"floor":41,"key":"Ginger"},{"floor":43,"key":"Letter Opener"},{"floor":44,"key":"Unceasing Top"},{"floor":46,"key":"Bird Faced Urn"}],"event_choices":[{"damage_healed":0,"gold_gain":0,"cards_transformed":["TheCursedMod:Defend_TheCursed"],"player_choice":"Change","damage_taken":0,"max_hp_gain":0,"max_hp_loss":0,"event_name":"Living Wall","floor":3,"gold_loss":0,"cards_obtained":["TheCursedMod:CursedBlade"]},{"damage_healed":0,"gold_gain":0,"player_choice":"Lose Max HP","damage_taken":0,"relics_obtained":["Golden Idol"],"max_hp_gain":0,"max_hp_loss":6,"event_name":"Golden Idol","floor":5,"gold_loss":0},{"cards_removed":["TheCursedMod:Defend_TheCursed"],"damage_healed":0,"gold_gain":0,"player_choice":"Card Removal","damage_taken":0,"max_hp_gain":0,"max_hp_loss":0,"event_name":"The Cleric","floor":10,"gold_loss":50},{"damage_healed":0,"gold_gain":0,"player_choice":"Paid Fearfully","damage_taken":0,"max_hp_gain":0,"max_hp_loss":0,"event_name":"Masked Bandits","floor":20,"gold_loss":18},{"cards_removed":["TheCursedMod:Defend_TheCursed"],"damage_healed":0,"gold_gain":0,"player_choice":"Purged","damage_taken":0,"max_hp_gain":0,"max_hp_loss":0,"event_name":"Purifier","floor":21,"gold_loss":0},{"damage_healed":0,"gold_gain":333,"player_choice":"Gave Idol","damage_taken":0,"max_hp_gain":0,"max_hp_loss":0,"event_name":"The Moai Head","floor":37,"relics_lost":["Golden Idol"],"gold_loss":0},{"damage_healed":0,"gold_gain":0,"player_choice":"Fight","damage_taken":0,"max_hp_gain":0,"max_hp_loss":0,"event_name":"Mysterious Sphere","floor":44,"gold_loss":0}],"is_beta":false,"boss_relics":[{"not_picked":["Philosopher\u0027s Stone","TheCursedMod:OminousMark"],"picked":"Calling Bell"},{"not_picked":["Velvet Choker","Snecko Eye"],"picked":"Tiny House"}],"items_purged_floors":[36],"is_endless":false,"potions_floor_spawned":[1,11,25,27,28,31,33,39],"ascension_level":3}}