{"host":"hrp2gnzf6w2vk8p2","time":1610642586,"event":{"mods":["AchievementEnabler","Act Like it!","Ascension Reborn","BaseMod","Better Third Choice","BetterRewards","Colored Powertips","Conspire","DeckTracker","Gensokyo","Hallownest","Hermit","Highlight Path","Hubris","Infinite Spire","Jorbs\u0027s Wanderer Trilogy","Marisa????????","Minty Spire (QoL Compilation)","Replay The Spire","StSLib","The Animator","The Bug Knight","The Construct","The Cursed","The Disciple","The Hierophant","The Jungle","The Mystic","The Necromancer","The Runesmith","The Servant 0.9.4"],"gold_per_floor":[115,115,128,128,145,145,145,173,223,242,261,261,294,305,305,401,401,419,431,447,447,722,757,596,612,612,612,612,662,662,689,700,720,720,816,816,828,828,839,856,628,628,628],"floor_reached":42,"language":"ENG","playtime":5251,"items_purged":["Pain","Regret","animator:Curse_Greed"],"score":480,"play_id":"7635565f-bb4a-410e-a9c9-47336525cf8c","local_time":"20210114174306","is_ascension_mode":true,"campfire_choices":[{"data":"Seeing Red","floor":6,"key":"SMITH"},{"floor":12,"key":"REST"},{"floor":30,"key":"REST"}],"circlet_count":0,"master_deck":["Strike_R","Strike_R","Strike_R","Strike_R","Strike_R","Defend_R","Defend_R","Defend_R","Defend_R","Bash","ReplayTheSpireMod:Stacked","Run Through","Seeing Red+1","Bludgeon","Life Link","Perfected Strike","Ghostly Armor+1","Body Slam","CommonCold","Barricade","Fire Breathing+1","Perfected Strike","Anger","Pain","ReplayTheSpireMod:Corrosion Curse","hubris:SharpeningStone","hubris:SharpeningStone","Combust+1","ReplayTheSpireMod:Muscle Training","Whirlwind","ReplayTheSpireMod:Muscle Training","Thunderclap","Shrug It Off","Writhe","Impervious","Anger","Iron Wave","Body Slam+1","Headbutt+1","ReplayTheSpireMod:Trickstab","Secret Technique"],"relics":["Sozu","hubris:Towel","ReplayTheSpireMod:Ring of Collecting","Ring of Misfortune","WarpedTongs","Counterbalance","Ring of Greed","Blue Doll","Membership Card","Nunchaku","hubris:FunFungus","Ooze Armor","Chameleon Ring","Bird Faced Urn","Ring of Searing","Replay:Bottled Steam","Ring of Panic","Runesmith:AutoHammer","Black Star","Lantern"],"acts_visited":["Exordium","Exordium","TheBeyond"],"potions_floor_usage":[],"damage_taken":[{"damage":0,"enemies":"Cultist","floor":1,"turns":3},{"damage":0,"enemies":"Jaw Worm","floor":3,"turns":3},{"damage":0,"enemies":"2 Louse","floor":5,"turns":2},{"damage":39,"enemies":"Gremlin Nob","floor":8,"turns":6},{"damage":8,"enemies":"conspire:2 RoseBushes","floor":10,"turns":3},{"damage":12,"enemies":"Lots of Slimes","floor":11,"turns":4},{"damage":0,"enemies":"HollowMod:MossKnight","floor":13,"turns":4},{"damage":4,"enemies":"2 Fungi Beasts","floor":14,"turns":3},{"damage":29,"enemies":"The Guardian","floor":16,"turns":8},{"damage":5,"enemies":"theJungle:GiantWrat","floor":18,"turns":5},{"damage":5,"enemies":"theJungle:5_Spyders","floor":19,"turns":7},{"damage":6,"enemies":"theJungle:JungleHuntersEncounter","floor":20,"turns":6},{"damage":28,"enemies":"theJungle:2_Phrogs","floor":23,"turns":8},{"damage":26,"enemies":"theJungle:2_Flameangoes","floor":25,"turns":6},{"damage":19,"enemies":"theJungle:Snecko_Cultist_And_Trap","floor":32,"turns":3},{"damage":16,"enemies":"theJungle:2_Snecko_Cultists","floor":33,"turns":3},{"damage":55,"enemies":"theJungle:TotemBoss","floor":35,"turns":6},{"damage":38,"enemies":"Orb Walker","floor":37,"turns":5},{"damage":15,"enemies":"3 Shapes","floor":39,"turns":6},{"damage":16,"enemies":"3 Darklings","floor":40,"turns":4},{"damage":86,"enemies":"Nightmare","floor":42,"turns":6}],"seed_played":"-181411421350501814","potions_obtained":[],"is_trial":false,"path_per_floor":["M","?","M","?","M","R","?","E","T","M","M","R","E","M","R","B",null,"M","M","M","AVR","?","E","$","M","PTL","PTL","T","?","R","T","M","M","R","B",null,"M","?","M","M","$","NM"],"character_chosen":"IRONCLAD","items_purchased":["hubris:SharpeningStone","Combust+1","ReplayTheSpireMod:Muscle Training","Whirlwind","ReplayTheSpireMod:Trickstab","Lantern","Secret Technique"],"campfire_rested":2,"item_purchase_floors":[24,24,24,24,41,41,41],"current_hp_per_floor":[80,80,80,80,80,80,80,41,41,33,21,45,45,43,67,44,80,79,78,77,77,77,62,62,52,52,52,52,41,65,65,52,42,66,22,80,56,56,63,61,61,0,0],"gold":628,"neow_bonus":"BOSS_RELIC","is_daily":false,"chose_seed":false,"campfire_upgraded":1,"win_rate":0.0,"timestamp":1610642586,"path_taken":["M","?","M","?","M","R","?","E","T","M","M","R","E","M","R","BOSS","M","M","?","AVR","?","E","$","?","PTL","PTL","T","?","R","?","M","M","R","BOSS","M","?","M","?","?","NM"],"items_purchased_type":["Card","Card","Card","Card","Card","Relic","Card"],"build_version":"2020-12-22","purchased_purges":3,"victory":false,"max_hp_per_floor":[80,80,80,80,80,80,80,80,80,80,80,80,80,80,80,80,80,80,80,80,80,80,80,80,80,80,80,80,80,80,80,80,80,80,80,80,80,80,80,80,80,80,80],"card_choices":[{"not_picked":["Bloodletting","Twin Strike"],"picked":"ReplayTheSpireMod:Stacked","floor":1},{"not_picked":["Pummel","Second Wind"],"picked":"Run Through","floor":3},{"not_picked":["Thunderclap","Headbutt"],"picked":"Seeing Red","floor":5},{"not_picked":["Anger","Clash"],"picked":"Bludgeon","floor":8},{"not_picked":["Armaments","Shrug It Off"],"picked":"Life Link","floor":10},{"not_picked":["conspire:ExplosiveBarrier","Anger"],"picked":"Perfected Strike","floor":11},{"not_picked":["ReplayTheSpireMod:Strike From Hell","Feel No Pain"],"picked":"Ghostly Armor","floor":13},{"not_picked":["Anger","ReplayTheSpireMod:Muscle Training"],"picked":"Body Slam","floor":14},{"not_picked":["Hemogenesis","Offering"],"picked":"Barricade","floor":16},{"not_picked":["Run Through","Flex"],"picked":"Fire Breathing","floor":18},{"not_picked":["Fire Breathing","Uppercut+1"],"picked":"Perfected Strike","floor":19},{"not_picked":["Thunderclap","Pommel Strike"],"picked":"Anger","floor":20},{"not_picked":["Flex","Dropkick"],"picked":"ReplayTheSpireMod:Corrosion Curse","floor":23},{"not_picked":["Body Slam+1","Thunderclap"],"picked":"ReplayTheSpireMod:Muscle Training","floor":25},{"not_picked":["Warcry","Shrug It Off"],"picked":"Thunderclap","floor":32},{"not_picked":["infinitespire:OneForAll+1","hubris:SharpeningStone"],"picked":"Shrug It Off","floor":33},{"not_picked":["Double Tap","Barricade"],"picked":"Impervious","floor":35},{"not_picked":["Twin Strike","conspire:Charge"],"picked":"Anger","floor":37},{"not_picked":["Life Link","Massacre"],"picked":"Body Slam+1","floor":39},{"not_picked":["Armaments","Reaper"],"picked":"Headbutt+1","floor":40}],"player_experience":1866,"relics_obtained":[{"floor":4,"key":"ReplayTheSpireMod:Ring of Collecting"},{"floor":4,"key":"Ring of Misfortune"},{"floor":8,"key":"Counterbalance"},{"floor":9,"key":"Ring of Greed"},{"floor":9,"key":"Blue Doll"},{"floor":9,"key":"Membership Card"},{"floor":9,"key":"Nunchaku"},{"floor":13,"key":"hubris:FunFungus"},{"floor":23,"key":"Bird Faced Urn"},{"floor":28,"key":"Ring of Searing"},{"floor":28,"key":"Replay:Bottled Steam"},{"floor":31,"key":"Ring of Panic"},{"floor":31,"key":"Runesmith:AutoHammer"}],"event_choices":[{"damage_healed":0,"gold_gain":0,"player_choice":"Rummage","damage_taken":0,"relics_obtained":["WarpedTongs"],"max_hp_gain":0,"max_hp_loss":0,"event_name":"Accursed Blacksmith","floor":7,"gold_loss":0,"cards_obtained":["Pain"]},{"damage_healed":0,"gold_gain":275,"player_choice":"Desecrate","damage_taken":0,"max_hp_gain":0,"max_hp_loss":0,"event_name":"Golden Shrine","floor":22,"gold_loss":0,"cards_obtained":["Regret"]},{"cards_removed":["Amnesia"],"damage_healed":0,"gold_gain":0,"player_choice":"Took Card","damage_taken":0,"max_hp_gain":0,"max_hp_loss":0,"event_name":"NoteForYourself","floor":38,"gold_loss":0,"cards_obtained":["Iron Wave"]}],"is_beta":false,"boss_relics":[{"not_picked":["infinitespire:Burning Sword","Cursed Key"],"picked":"Ooze Armor"},{"not_picked":["hubris:TerracottaHorce","Honey Jar"],"picked":"Black Star"}],"items_purged_floors":[21,24,41],"is_endless":false,"potions_floor_spawned":[1,8,13,16,19,20,25,32,33,35,37],"killed_by":"Nightmare","ascension_level":0}}