{"host":"a5lz0e76zb3fcwkm","time":1610628714,"event":{"mods":["AchievementEnabler","BaseMod","Colored Map","Colored Powertips","Minty Spire (QoL Compilation)","StSLib","SuperFastMode"],"gold_per_floor":[118,118,131,144,104,104,139,139,139,154,183,203,203,221,221,300,300,316,241,241,260,270,270,287,287,313,346,357,357,377,394,394,467,467,477,493,493,493,493],"floor_reached":38,"language":"KOR","playtime":1062,"items_purged":["Strike_R"],"score":820,"play_id":"3b1bbaf5-196b-442e-8959-0d696a7c5e6f","local_time":"20210114215154","is_ascension_mode":true,"campfire_choices":[{"data":"Metamorphosis","floor":6,"key":"SMITH"},{"data":"Double Tap","floor":8,"key":"SMITH"},{"floor":13,"key":"REST"},{"data":"True Grit","floor":15,"key":"SMITH"},{"data":"Shockwave","floor":23,"key":"SMITH"},{"floor":25,"key":"REST"},{"floor":32,"key":"REST"}],"circlet_count":0,"master_deck":["AscendersBane","Defend_R","Defend_R","Bash","Metamorphosis+1","Headbutt","Shockwave+1","Double Tap+1","True Grit+1","Impervious","Heavy Blade+1","Inflame+1","Power Through+1","Reaper","Pummel","Flame Barrier","Dropkick","Warcry+1","Dual Wield","Limit Break","Secret Weapon"],"relics":["Burning Blood","Paper Frog","Gremlin Horn","Astrolabe","Smiling Mask","Potion Belt","Mark of Pain"],"acts_visited":["Exordium","TheCity","TheBeyond"],"potions_floor_usage":[7,7,12,18,21,27,33,33,33,33],"damage_taken":[{"damage":16,"enemies":"Jaw Worm","floor":1,"turns":5},{"damage":5,"enemies":"Small Slimes","floor":3,"turns":3},{"damage":8,"enemies":"Cultist","floor":4,"turns":4},{"damage":10,"enemies":"Lagavulin","floor":7,"turns":5},{"damage":12,"enemies":"Large Slime","floor":10,"turns":4},{"damage":15,"enemies":"3 Sentries","floor":11,"turns":3},{"damage":10,"enemies":"Red Slaver","floor":12,"turns":4},{"damage":2,"enemies":"Exordium Wildlife","floor":14,"turns":3},{"damage":19,"enemies":"Slime Boss","floor":16,"turns":5},{"damage":14,"enemies":"Shell Parasite","floor":18,"turns":5},{"damage":13,"enemies":"2 Thieves","floor":21,"turns":4},{"damage":15,"enemies":"Centurion and Healer","floor":22,"turns":4},{"damage":44,"enemies":"Snecko","floor":24,"turns":6},{"damage":37,"enemies":"Gremlin Leader","floor":27,"turns":5},{"damage":12,"enemies":"3 Cultists","floor":28,"turns":4},{"damage":11,"enemies":"Cultist and Chosen","floor":30,"turns":4},{"damage":32,"enemies":"Centurion and Healer","floor":31,"turns":6},{"damage":16,"enemies":"Collector","floor":33,"turns":5},{"damage":43,"enemies":"3 Darklings","floor":35,"turns":4},{"damage":38,"enemies":"3 Shapes","floor":36,"turns":7},{"damage":12,"enemies":"Writhing Mass","floor":38,"turns":2}],"seed_played":"9041837995492605503","potions_obtained":[{"floor":4,"key":"Dexterity Potion"},{"floor":5,"key":"Energy Potion"},{"floor":5,"key":"SteroidPotion"},{"floor":10,"key":"Swift Potion"},{"floor":11,"key":"Fire Potion"},{"floor":12,"key":"Weak Potion"},{"floor":18,"key":"Regen Potion"},{"floor":27,"key":"Ancient Potion"},{"floor":29,"key":"ColorlessPotion"},{"floor":29,"key":"ColorlessPotion"},{"floor":30,"key":"PowerPotion"},{"floor":33,"key":"Strength Potion"}],"is_trial":false,"path_per_floor":["M","?","M","M","?","R","E","R","T","M","E","M","R","M","R","B",null,"M","$","?","M","M","R","M","R","T","E","M","?","M","M","R","B",null,"M","M","?","M"],"character_chosen":"IRONCLAD","items_purchased":[],"campfire_rested":3,"item_purchase_floors":[],"current_hp_per_floor":[40,33,34,32,32,32,28,28,28,22,13,9,31,35,35,22,62,54,54,54,59,62,62,29,51,51,32,26,26,39,21,43,33,65,39,7,7,0,0],"gold":493,"neow_bonus":"RANDOM_COLORLESS_2","is_daily":false,"chose_seed":false,"campfire_upgraded":4,"win_rate":0.0,"timestamp":1610628714,"path_taken":["M","?","M","M","?","R","E","R","T","M","E","M","R","M","R","BOSS","M","$","?","M","M","R","M","R","T","E","M","?","M","?","R","BOSS","M","M","?","M"],"items_purchased_type":[],"build_version":"2020-12-22","purchased_purges":1,"victory":false,"max_hp_per_floor":[75,75,75,75,75,75,75,75,75,75,75,75,75,75,75,75,75,75,75,75,75,75,75,75,75,75,75,75,75,75,75,75,75,75,75,75,75,75,75],"card_choices":[{"not_picked":["Secret Weapon","Mayhem"],"picked":"Metamorphosis","floor":0},{"not_picked":["Disarm","Havoc","Headbutt"],"picked":"SKIP","floor":1},{"not_picked":["Disarm","Havoc"],"picked":"Headbutt","floor":1},{"not_picked":["Clothesline","Dark Embrace"],"picked":"Shockwave","floor":3},{"not_picked":["Armaments","Body Slam","True Grit"],"picked":"SKIP","floor":4},{"not_picked":["Evolve","Whirlwind"],"picked":"Double Tap","floor":7},{"not_picked":["Headbutt","Anger","Wild Strike"],"picked":"SKIP","floor":10},{"not_picked":["Iron Wave","Body Slam","Anger"],"picked":"SKIP","floor":11},{"not_picked":["Havoc","Berserk","Spot Weakness"],"picked":"SKIP","floor":12},{"not_picked":["Heavy Blade","Anger"],"picked":"True Grit","floor":14},{"not_picked":["Feed","Bludgeon"],"picked":"Impervious","floor":16},{"not_picked":["Perfected Strike","Anger","Iron Wave"],"picked":"SKIP","floor":18},{"not_picked":["True Grit","Headbutt"],"picked":"Flame Barrier","floor":21},{"not_picked":["Uppercut","Entrench"],"picked":"Dropkick","floor":22},{"not_picked":["Twin Strike","Perfected Strike","Flame Barrier+1"],"picked":"SKIP","floor":24},{"not_picked":["Whirlwind","Infernal Blade"],"picked":"Warcry+1","floor":27},{"not_picked":["Uppercut","Iron Wave","Whirlwind"],"picked":"SKIP","floor":28},{"not_picked":["Body Slam","Iron Wave"],"picked":"Dual Wield","floor":30},{"not_picked":["Evolve","Sword Boomerang+1","Warcry"],"picked":"SKIP","floor":31},{"not_picked":["Feed","Juggernaut"],"picked":"Limit Break","floor":33},{"not_picked":["Power Through+1","Combust","Sever Soul"],"picked":"SKIP","floor":35},{"not_picked":["Armaments+1","Clash+1","Cleave"],"picked":"SKIP","floor":36},{"not_picked":["PanicButton","Mind Blast"],"picked":"Secret Weapon","floor":37}],"player_experience":1726673,"relics_obtained":[{"floor":7,"key":"Paper Frog"},{"floor":11,"key":"Gremlin Horn"},{"floor":26,"key":"Smiling Mask"},{"floor":27,"key":"Potion Belt"}],"event_choices":[{"cards_removed":["Strike_R"],"damage_healed":0,"gold_gain":0,"player_choice":"Card Removal","damage_taken":7,"max_hp_gain":0,"max_hp_loss":0,"event_name":"Golden Wing","floor":2,"gold_loss":0},{"damage_healed":0,"gold_gain":0,"player_choice":"Bought 3 Potions","damage_taken":0,"max_hp_gain":0,"max_hp_loss":0,"event_name":"The Woman in Blue","floor":5,"gold_loss":0},{"damage_healed":0,"gold_gain":0,"cards_transformed":["Defend_R","Defend_R"],"player_choice":"Became Test Subject","damage_taken":0,"max_hp_gain":0,"max_hp_loss":0,"event_name":"Drug Dealer","floor":20,"gold_loss":0,"cards_obtained":["Reaper","Pummel"]},{"damage_healed":0,"gold_gain":0,"player_choice":"Got Potions","damage_taken":0,"max_hp_gain":0,"max_hp_loss":0,"event_name":"Lab","floor":29,"gold_loss":0},{"damage_healed":0,"gold_gain":0,"player_choice":"Memory 1","damage_taken":0,"max_hp_gain":0,"max_hp_loss":0,"event_name":"SensoryStone","floor":37,"gold_loss":0}],"is_beta":false,"boss_relics":[{"not_picked":["Empty Cage","Runic Dome"],"picked":"Astrolabe"},{"not_picked":["Velvet Choker","Runic Cube"],"picked":"Mark of Pain"}],"items_purged_floors":[19],"is_endless":false,"potions_floor_spawned":[4,10,11,12,18,27,30,33],"killed_by":"Writhing Mass","ascension_level":20}}