{"host":"y193d0agu1dp5x1y","time":1610603288,"event":{"mods":["AchievementEnabler","BaseMod","Googly Eyes","Minty Spire (QoL Compilation)"],"gold_per_floor":[111,286,286,305,183,210,160,160,185,185,39,39,66,80,80,182,182,202,189,189,35,35,35,49,49,49,49,148,148,183,58,58,154,154,168,168,90,109,459,487,487,286,286,138,151,162,162,162,162,162,162],"floor_reached":50,"language":"ENG","playtime":2526,"items_purged":["Doubt","Pain","Strike_B","Thunder Strike"],"score":590,"play_id":"259b504f-f73c-4254-bd19-690c36bc5086","local_time":"20210113234808","is_ascension_mode":false,"campfire_choices":[{"data":"Zap","floor":10,"key":"SMITH"},{"data":"Redo","floor":12,"key":"SMITH"},{"data":"Hello World","floor":15,"key":"SMITH"},{"data":"Scrape","floor":23,"key":"SMITH"},{"floor":25,"key":"REST"},{"data":"Streamline","floor":27,"key":"SMITH"},{"data":"Creative AI","floor":29,"key":"SMITH"},{"data":"Conserve Battery","floor":32,"key":"SMITH"},{"floor":41,"key":"REST"},{"floor":47,"key":"REST"},{"floor":49,"key":"REST"}],"circlet_count":0,"master_deck":["Strike_B","Strike_B","Strike_B","Defend_B","Defend_B","Defend_B","Defend_B","Zap+1","Go for the Eyes","Gash","Conserve Battery+1","Redo+1","Scrape+1","Hello World+1","Creative AI+1","Conserve Battery+1","White Noise+1","Redo+1","FTL","Go for the Eyes","Double Energy+1","Hello World+1","Steam","Parasite","Gash+1","Hologram+1","Gash","Beam Cell+1"],"relics":["Cracked Core","NeowsBlessing","Art of War","WarpedTongs","Pen Nib","TungstenRod","SlaversCollar","Enchiridion","Lantern","PreservedInsect","Sundial","MealTicket","SacredBark","Old Coin","Turnip","Prayer Wheel","Bag of Preparation"],"acts_visited":["Exordium","TheCity","TheBeyond"],"potions_floor_usage":[18],"damage_taken":[{"damage":0,"enemies":"Jaw Worm","floor":1,"turns":1},{"damage":0,"enemies":"2 Louse","floor":4,"turns":1},{"damage":0,"enemies":"Gremlin Nob","floor":6,"turns":1},{"damage":15,"enemies":"3 Sentries","floor":13,"turns":8},{"damage":0,"enemies":"Cultist","floor":14,"turns":2},{"damage":0,"enemies":"Slime Boss","floor":16,"turns":7},{"damage":3,"enemies":"3 Byrds","floor":18,"turns":4},{"damage":11,"enemies":"2 Thieves","floor":19,"turns":4},{"damage":1,"enemies":"3 Cultists","floor":24,"turns":5},{"damage":9,"enemies":"Slavers","floor":30,"turns":5},{"damage":69,"enemies":"Automaton","floor":33,"turns":10},{"damage":30,"enemies":"3 Darklings","floor":35,"turns":6},{"damage":8,"enemies":"3 Shapes","floor":38,"turns":3},{"damage":0,"enemies":"Mind Bloom Boss Battle","floor":39,"turns":6},{"damage":47,"enemies":"Nemesis","floor":40,"turns":7},{"damage":14,"enemies":"Writhing Mass","floor":45,"turns":6},{"damage":17,"enemies":"Maw","floor":46,"turns":8},{"damage":92,"enemies":"Time Eater","floor":50,"turns":6}],"seed_played":"-8518818471405265975","potions_obtained":[{"floor":13,"key":"Fire Potion"},{"floor":14,"key":"SmokeBomb"},{"floor":19,"key":"LiquidMemories"},{"floor":24,"key":"SpeedPotion"},{"floor":30,"key":"LiquidBronze"}],"is_trial":false,"path_per_floor":["M","?","?","M","$","E","?","?","T","R","$","R","E","M","R","B",null,"M","M","?","$","?","R","M","R","T","R","?","R","E","$","R","B",null,"M","?","$","M","?","E","R","$","T","$","M","M","R","?","R","B"],"character_chosen":"DEFECT","items_purchased":["Gash","Redo","Lantern","FTL","Steam","Bag of Preparation"],"campfire_rested":4,"item_purchase_floors":[5,11,21,37,42,44],"current_hp_per_floor":[75,75,80,80,80,80,80,80,80,80,80,80,65,65,65,65,80,77,66,54,54,54,54,53,77,77,77,77,77,68,80,80,11,80,50,50,65,57,57,10,34,49,49,64,50,33,57,57,80,0,0],"gold":162,"neow_bonus":"THREE_ENEMY_KILL","is_daily":false,"chose_seed":false,"campfire_upgraded":7,"win_rate":0.0,"timestamp":1610603288,"path_taken":["M","?","?","M","$","E","?","?","T","R","$","R","E","?","R","BOSS","M","M","?","$","?","R","M","R","T","R","?","R","E","$","R","BOSS","M","?","$","M","?","E","R","$","T","?","?","M","R","?","R","BOSS"],"items_purchased_type":["Card","Card","Relic","Card","Card","Relic"],"build_version":"2020-12-22","purchased_purges":4,"victory":false,"max_hp_per_floor":[75,75,80,80,80,80,80,80,80,80,80,80,80,80,80,80,80,80,80,80,80,80,80,80,80,80,80,80,80,80,80,80,80,80,80,80,80,80,80,80,80,80,80,80,80,80,80,80,80,80,80],"card_choices":[{"not_picked":["Compile Driver","Sunder"],"picked":"Go for the Eyes","floor":1},{"not_picked":["Stack","Aggregate","Storm"],"picked":"SKIP","floor":4},{"not_picked":["Coolheaded","All For One"],"picked":"Conserve Battery","floor":6},{"not_picked":["Doom and Gloom","Storm"],"picked":"Scrape","floor":13},{"not_picked":["Rebound","Static Discharge"],"picked":"Hello World","floor":14},{"not_picked":["Biased Cognition","Machine Learning"],"picked":"Creative AI","floor":16},{"not_picked":["Static Discharge","Leap+1"],"picked":"Conserve Battery+1","floor":18},{"not_picked":["Chill+1","Force Field+1"],"picked":"White Noise+1","floor":19},{"not_picked":["Conserve Battery","Compile Driver+1"],"picked":"Streamline","floor":24},{"not_picked":["Storm+1","Turbo"],"picked":"Redo+1","floor":30},{"not_picked":["Machine Learning","Rainbow"],"picked":"Thunder Strike","floor":33},{"not_picked":["Cold Snap","Redo","Rebound+1"],"picked":"SKIP","floor":35},{"not_picked":["Steam+1","Chaos+1"],"picked":"Go for the Eyes","floor":38},{"not_picked":["Blizzard+1","Barrage+1"],"picked":"Double Energy+1","floor":39},{"not_picked":["Streamline","Fission"],"picked":"Hello World+1","floor":40},{"not_picked":["Darkness","Reprogram"],"picked":"Gash+1","floor":45},{"not_picked":["Steam Power+1","White Noise"],"picked":"Hologram+1","floor":45},{"not_picked":["Rip and Tear+1","Stack"],"picked":"Gash","floor":46},{"not_picked":["Coolheaded+1","Fusion+1"],"picked":"Beam Cell+1","floor":46}],"player_experience":77748,"relics_obtained":[{"floor":6,"key":"Art of War"},{"floor":9,"key":"Pen Nib"},{"floor":13,"key":"TungstenRod"},{"floor":20,"key":"Enchiridion"},{"floor":26,"key":"Sundial"},{"floor":30,"key":"MealTicket"},{"floor":39,"key":"Old Coin"},{"floor":40,"key":"Turnip"},{"floor":43,"key":"Prayer Wheel"}],"event_choices":[{"damage_healed":0,"gold_gain":175,"player_choice":"AGREE","damage_taken":0,"max_hp_gain":0,"max_hp_loss":0,"event_name":"Liars Game","floor":2,"gold_loss":0,"cards_obtained":["Doubt"]},{"damage_healed":0,"gold_gain":0,"player_choice":"Donut","damage_taken":0,"max_hp_gain":5,"max_hp_loss":0,"event_name":"Big Fish","floor":3,"gold_loss":0},{"cards_removed":["Dualcast"],"damage_healed":0,"gold_gain":0,"player_choice":"Card Removal","damage_taken":0,"max_hp_gain":0,"max_hp_loss":0,"event_name":"The Cleric","floor":7,"gold_loss":50},{"damage_healed":0,"gold_gain":0,"player_choice":"Rummage","damage_taken":0,"relics_obtained":["WarpedTongs"],"max_hp_gain":0,"max_hp_loss":0,"event_name":"Accursed Blacksmith","floor":8,"gold_loss":0,"cards_obtained":["Pain"]},{"damage_healed":0,"gold_gain":0,"player_choice":"Obtained Book","damage_taken":16,"max_hp_gain":0,"max_hp_loss":0,"event_name":"Cursed Tome","floor":20,"gold_loss":0},{"damage_healed":0,"gold_gain":0,"player_choice":"Opened","damage_taken":0,"relics_obtained":["PreservedInsect"],"max_hp_gain":0,"max_hp_loss":0,"event_name":"The Mausoleum","floor":22,"gold_loss":0},{"damage_healed":0,"gold_gain":99,"player_choice":"Stole From Cult","damage_taken":0,"max_hp_gain":0,"max_hp_loss":0,"event_name":"Nest","floor":28,"gold_loss":0},{"cards_removed":["Streamline"],"damage_healed":0,"gold_gain":0,"player_choice":"Removed Attack","damage_taken":0,"max_hp_gain":0,"max_hp_loss":0,"event_name":"Falling","floor":36,"gold_loss":0},{"damage_healed":0,"gold_gain":0,"player_choice":"Fight","damage_taken":0,"max_hp_gain":0,"max_hp_loss":0,"event_name":"MindBloom","floor":39,"gold_loss":0},{"damage_healed":0,"gold_gain":0,"player_choice":"Ignored","damage_taken":0,"max_hp_gain":0,"max_hp_loss":0,"event_name":"Mysterious Sphere","floor":48,"gold_loss":0}],"is_beta":false,"boss_relics":[{"not_picked":["Ectoplasm","Inserter"],"picked":"SlaversCollar"},{"not_picked":["Fusion Hammer","Black Star"],"picked":"SacredBark"}],"items_purged_floors":[5,11,31,42],"is_endless":false,"potions_floor_spawned":[13,14,19,24,30,35,38,40],"killed_by":"Time Eater","ascension_level":0}}