{"host":"ljavmhyz2e552xgo","time":1610651206,"event":{"mods":["BaseMod","Better Third Choice","Downfall","Friendly Minions","Minty Spire (QoL Compilation)","Permanent Neow","Spicy Shops","StSLib"],"gold_per_floor":[99,110,110,128,142,153,153,169,180,105,137,150,600,616,634,634,634,634],"floor_reached":16,"language":"ENG","playtime":814,"items_purged":[],"score":133,"play_id":"21eaa593-7c3d-44a0-959d-d97bc8bdf9ae","local_time":"20210114130646","is_ascension_mode":false,"campfire_choices":[{"data":"hexamod:Float","floor":1.0,"key":"SMITH"},{"data":"hexamod:RetreatToShadows","floor":10.0,"key":"SMITH"}],"circlet_count":0,"master_deck":["hexamod:Strike","hexamod:Strike","hexamod:Strike","hexamod:Strike","hexamod:Defend","hexamod:Defend","hexamod:Defend","hexamod:Defend","hexamod:Sear+1","hexamod:Float+1","hexamod:AdvancingGuard","hexamod:ThermalTransfer","hexamod:ShieldOfDarkness","hexamod:RetreatToShadows+1","hexamod:NightmareStrike","hexamod:NightmareGuise","hexamod:Hexaguard","hexamod:ChargedBarrage","Slimebound:Icky","Slimebound:Icky","Slimebound:Icky","hexamod:ExtraCrispy","hexamod:SpectersWail"],"relics":["hexamod:SpiritBrand","downfall:HeartBlessingBlue","MealTicket"],"acts_visited":["Exordium"],"potions_floor_usage":[],"damage_taken":[{"damage":0.0,"enemies":"Cultist","floor":2.0,"turns":3.0},{"damage":0.0,"enemies":"2 Louse","floor":4.0,"turns":3.0},{"damage":0.0,"enemies":"Small Slimes","floor":5.0,"turns":3.0},{"damage":2.0,"enemies":"Blue Slaver","floor":6.0,"turns":3.0},{"damage":5.0,"enemies":"Gremlin Gang","floor":8.0,"turns":6.0},{"damage":1.0,"enemies":"3 Louse","floor":9.0,"turns":4.0},{"damage":3.0,"enemies":"Gremlin Nob","floor":11.0,"turns":4.0},{"damage":5.0,"enemies":"Large Slime","floor":12.0,"turns":5.0},{"damage":0,"enemies":"2 Fungi Beasts","floor":14,"turns":3},{"damage":1,"enemies":"Exordium Wildlife","floor":15,"turns":5},{"damage":0,"enemies":"downfall:Ironclad","floor":16,"turns":1}],"seed_played":"-4696667771151914159","potions_obtained":[{"floor":4.0,"key":"Explosive Potion"},{"floor":5.0,"key":"sneckomod:MuddlingPotion"},{"floor":11.0,"key":"LiquidBronze"},{"floor":15,"key":"hexamod:DoubleChargePotion"}],"is_trial":false,"path_per_floor":["R","M","?","M","M","M","T","M","M","R","E","M","?","M","M","B"],"character_chosen":"THE_SPIRIT","items_purchased":[],"campfire_rested":0,"item_purchase_floors":[],"current_hp_per_floor":[70,70,70,70,70,68,68,63,62,72,69,64,64,64,63,63,63,63],"gold":634,"neow_bonus":"THREE_CARDS","is_daily":false,"chose_seed":false,"campfire_upgraded":2,"win_rate":0.0,"timestamp":1610651206,"path_taken":["R","M","?","M","?","M","T","M","M","R","E","M","?","M","M","BOSS"],"items_purchased_type":[],"build_version":"2020-12-22","purchased_purges":0,"victory":false,"max_hp_per_floor":[70,70,70,70,70,70,70,70,70,80,80,80,80,80,80,80,80,80],"card_choices":[{"not_picked":["hexamod:GhostLash","hexamod:RainOfEmbers"],"picked":"hexamod:AdvancingGuard","floor":0.0},{"not_picked":["hexamod:AdvancingGuard","hexamod:GhostShield"],"picked":"hexamod:ThermalTransfer","floor":2.0},{"not_picked":["hexamod:RainOfEmbers","hexamod:RecurringNightmare"],"picked":"hexamod:ShieldOfDarkness","floor":4.0},{"not_picked":["hexamod:FastForward","hexamod:GhostOfSpirePresent"],"picked":"hexamod:RetreatToShadows","floor":5.0},{"not_picked":["hexamod:RainOfEmbers","hexamod:StepThrough"],"picked":"hexamod:NightmareStrike","floor":6.0},{"not_picked":["hexamod:PowerFromBeyond","hexamod:Again"],"picked":"hexamod:NightmareGuise","floor":8.0},{"not_picked":["hexamod:TurnItUp","hexamod:RainOfEmbers"],"picked":"hexamod:Hexaguard","floor":9.0},{"not_picked":["hexamod:StepThrough","hexamod:NecessarySacrifice"],"picked":"hexamod:ChargedBarrage","floor":11.0},{"not_picked":["hexamod:ShieldOfDarkness","hexamod:GhostShield","hexamod:GhostLash"],"picked":"SKIP","floor":12.0},{"not_picked":["hexamod:GhostShield","hexamod:NightmareStrike"],"picked":"hexamod:ExtraCrispy","floor":14},{"not_picked":["hexamod:ShieldOfDarkness","hexamod:InspiringFlames"],"picked":"hexamod:SpectersWail","floor":15}],"player_experience":1478284,"relics_obtained":[{"floor":11.0,"key":"MealTicket"}],"event_choices":[{"damage_healed":0.0,"max_hp_gain":0.0,"max_hp_loss":0.0,"gold_gain":0.0,"event_name":"Upgrade Shrine","player_choice":"Upgraded","floor":3.0,"gold_loss":0.0,"damage_taken":0.0,"cards_upgraded":["hexamod:Sear"]}],"is_beta":false,"boss_relics":[],"items_purged_floors":[],"is_endless":false,"potions_floor_spawned":[4,5,11,12,15],"killed_by":"downfall:Ironclad","ascension_level":0}}