{"host":"dw8ij7emqco3quom","time":1610661944,"event":{"mods":["BaseMod","Minty Spire (QoL Compilation)"],"gold_per_floor":[212,224,224,236,259,271,309,321,333,345,369,381,64,97,97,194,194,194,208,208,208,208],"floor_reached":21,"language":"FRA","playtime":2819,"items_purged":["Strike_R"],"score":243,"play_id":"562d4bad-81d0-48d3-be85-1c421f229c46","local_time":"20210114230544","is_ascension_mode":true,"campfire_choices":[{"data":"Uppercut","floor":6,"key":"SMITH"},{"data":"Bash","floor":8,"key":"SMITH"},{"floor":10,"key":"REST"},{"floor":12,"key":"RECALL"},{"floor":15,"key":"REST"}],"circlet_count":0,"master_deck":["Strike_R","Strike_R","Strike_R","Strike_R","Defend_R","Defend_R","Defend_R","Defend_R","Bash+1","Headbutt","Uppercut+1","Inflame+1","Berserk+1","Pommel Strike+1","Inflame+1"],"relics":["Burning Blood","MawBank","Singing Bowl","Mercury Hourglass","Frozen Egg 2","Question Card","Pantograph","SlaversCollar"],"acts_visited":["Exordium","TheCity"],"potions_floor_usage":[16,18,19],"damage_taken":[{"damage":6,"enemies":"Cultist","floor":1,"turns":3},{"damage":7,"enemies":"Jaw Worm","floor":2,"turns":3},{"damage":4,"enemies":"2 Louse","floor":5,"turns":3},{"damage":28,"enemies":"Gremlin Nob","floor":7,"turns":4},{"damage":15,"enemies":"Lots of Slimes","floor":11,"turns":3},{"damage":35,"enemies":"3 Sentries","floor":14,"turns":6},{"damage":64,"enemies":"Hexaghost","floor":16,"turns":10},{"damage":0,"enemies":"2 Thieves","floor":18,"turns":1},{"damage":47,"enemies":"3 Byrds","floor":19,"turns":6},{"damage":38,"enemies":"Snake Plant","floor":21,"turns":2}],"seed_played":"6841795863166913573","potions_obtained":[{"floor":2,"key":"ElixirPotion"},{"floor":11,"key":"SmokeBomb"},{"floor":16,"key":"Weak Potion"}],"is_trial":false,"path_per_floor":["M","M","?","T","M","R","E","R","T","R","M","R","$","E","R","B",null,"M","M","?","M"],"character_chosen":"IRONCLAD","items_purchased":["Question Card"],"campfire_rested":2,"item_purchase_floors":[13],"current_hp_per_floor":[72,71,68,68,70,70,50,50,50,74,65,65,65,38,63,26,70,76,35,35,0,0],"gold":208,"neow_bonus":"HUNDRED_GOLD","is_daily":false,"chose_seed":false,"campfire_upgraded":2,"win_rate":0.0,"timestamp":1610661944,"path_taken":["M","M","?","?","?","R","E","R","T","R","M","R","$","E","R","BOSS","M","M","?","M"],"items_purchased_type":["Relic"],"build_version":"2020-12-22","purchased_purges":1,"victory":false,"max_hp_per_floor":[80,80,80,80,80,80,82,82,82,82,82,82,82,84,84,84,84,84,84,84,84,84],"card_choices":[{"not_picked":["Sword Boomerang","Heavy Blade"],"picked":"Headbutt","floor":1},{"not_picked":["Heavy Blade","Whirlwind","Carnage"],"picked":"SKIP","floor":2},{"not_picked":["Pommel Strike","Flex"],"picked":"Uppercut","floor":5},{"not_picked":["Infernal Blade","Sword Boomerang","Evolve"],"picked":"Singing Bowl","floor":7},{"not_picked":["Uppercut","Clothesline"],"picked":"Inflame+1","floor":11},{"not_picked":["Juggernaut+1","Cleave","Thunderclap","Headbutt"],"picked":"Singing Bowl","floor":14},{"not_picked":["Reaper","Limit Break","Corruption+1"],"picked":"Berserk+1","floor":16},{"not_picked":["Flex","Pummel","Whirlwind"],"picked":"Pommel Strike+1","floor":19}],"player_experience":654920,"relics_obtained":[{"floor":4,"key":"Singing Bowl"},{"floor":7,"key":"Mercury Hourglass"},{"floor":9,"key":"Frozen Egg 2"},{"floor":14,"key":"Pantograph"}],"event_choices":[{"damage_healed":0,"gold_gain":0,"player_choice":"Success","damage_taken":3,"relics_obtained":["MawBank"],"max_hp_gain":0,"max_hp_loss":0,"event_name":"Scrap Ooze","floor":3,"gold_loss":0},{"damage_healed":0,"gold_gain":0,"player_choice":"Copied","damage_taken":0,"max_hp_gain":0,"max_hp_loss":0,"event_name":"Duplicator","floor":20,"gold_loss":0,"cards_obtained":["Inflame"]}],"is_beta":false,"boss_relics":[{"not_picked":["Snecko Eye","Black Star"],"picked":"SlaversCollar"}],"items_purged_floors":[13],"is_endless":false,"potions_floor_spawned":[2,11,16,18],"killed_by":"Snake Plant","ascension_level":6}}