{"host":"y3h3n3f7seyagppx","time":1610584929,"event":{"mods":["AlwaysNeverKeys","BaseMod","Better Vampires","Colored Powertips","DeckTracker","Emptier Cage","Minty Spire (QoL Compilation)","Permanent Neow","Quick Restart","Rare Cards Sparkle","Relic Sorter","Relic Stats","StSLib","Transform Curses"],"gold_per_floor":[115,115,127,144,144,144,173,6,6,38,52,70,70,70,70,70,70],"floor_reached":16,"language":"ENG","playtime":1213,"items_purged":[],"score":220,"play_id":"e5632352-aa79-42d3-8462-167453af0cd1","local_time":"20210113194209","is_ascension_mode":true,"campfire_choices":[{"data":"Perfected Strike","floor":6.0,"key":"SMITH"},{"data":"Armaments","floor":13.0,"key":"SMITH"},{"data":"Combust","floor":15.0,"key":"SMITH"}],"circlet_count":0,"master_deck":["AscendersBane","Strike_R","Strike_R","Strike_R","Strike_R","Defend_R","Defend_R","Defend_R","Defend_R","Bash","Dark Shackles","Twin Strike","Perfected Strike+1","Shrug It Off","Armaments+1","Combust+1"],"relics":["Burning Blood","Blue Candle","Happy Flower","Mummified Hand","Darkstone Periapt","Golden Idol"],"acts_visited":["Exordium"],"potions_floor_usage":[16,16],"damage_taken":[{"damage":2.0,"enemies":"Jaw Worm","floor":1.0,"turns":4.0},{"damage":8.0,"enemies":"Small Slimes","floor":3.0,"turns":4.0},{"damage":0.0,"enemies":"Cultist","floor":4.0,"turns":3.0},{"damage":8.0,"enemies":"Gremlin Nob","floor":7.0,"turns":3.0},{"damage":35.0,"enemies":"Lagavulin","floor":10.0,"turns":8.0},{"damage":0.0,"enemies":"Large Slime","floor":11.0,"turns":5.0},{"damage":0.0,"enemies":"2 Fungi Beasts","floor":12.0,"turns":4.0},{"damage":42,"enemies":"Hexaghost","floor":16,"turns":9}],"seed_played":"-4681595301185861864","potions_obtained":[{"floor":4.0,"key":"Fire Potion"},{"floor":7.0,"key":"BlessingOfTheForge"},{"floor":10.0,"key":"Explosive Potion"}],"is_trial":false,"path_per_floor":["M","?","M","M","?","R","E","$","T","E","M","M","R","?","R","B"],"character_chosen":"IRONCLAD","items_purchased":["Happy Flower"],"campfire_rested":0,"item_purchase_floors":[8],"current_hp_per_floor":[72,65,63,69,58,58,56,56,56,27,33,39,39,39,39,0,0],"gold":70,"neow_bonus":"RANDOM_COLORLESS","is_daily":false,"chose_seed":false,"campfire_upgraded":3,"win_rate":0.0,"timestamp":1610584929,"path_taken":["M","?","M","M","?","R","E","$","T","E","M","?","R","?","R","BOSS"],"items_purchased_type":["Relic"],"build_version":"2020-12-22","purchased_purges":0,"victory":false,"max_hp_per_floor":[75,75,75,75,75,75,75,75,75,75,75,75,75,68,68,68,68],"relic_stats":{"Darkstone Periapt":0,"Happy Flower":[8],"counters":[8,40],"Mummified Hand":[1],"Golden Idol":0,"Blue Candle":[0],"obtain_stats":[{"Darkstone Periapt":10,"Happy Flower":8,"Mummified Hand":9,"Golden Idol":14,"Blue Candle":7,"Burning Blood":0},{"Darkstone Periapt":5,"Happy Flower":4,"Mummified Hand":4,"Golden Idol":7,"Blue Candle":4,"Burning Blood":0},{"Darkstone Periapt":22,"Happy Flower":14,"Mummified Hand":14,"Golden Idol":31,"Blue Candle":14,"Burning Blood":0}],"Burning Blood":42},"card_choices":[{"not_picked":["Finesse","Madness"],"picked":"Dark Shackles","floor":0.0},{"not_picked":["Clash","Flex"],"picked":"Twin Strike","floor":1.0},{"not_picked":["Infernal Blade","Thunderclap"],"picked":"Perfected Strike","floor":3.0},{"not_picked":["Infernal Blade","Heavy Blade"],"picked":"Shrug It Off","floor":4.0},{"not_picked":["Rupture","Hemokinesis","Thunderclap"],"picked":"SKIP","floor":7.0},{"not_picked":["True Grit","Burning Pact"],"picked":"Armaments","floor":10.0},{"not_picked":["True Grit","Rupture"],"picked":"Combust","floor":11.0},{"not_picked":["Sword Boomerang","Headbutt","Armaments"],"picked":"SKIP","floor":12.0}],"player_experience":20846330,"relics_obtained":[{"floor":7.0,"key":"Blue Candle"},{"floor":9.0,"key":"Mummified Hand"},{"floor":10.0,"key":"Darkstone Periapt"}],"event_choices":[{"cards_removed":["Strike_R"],"damage_healed":0.0,"max_hp_gain":0.0,"max_hp_loss":0.0,"gold_gain":0.0,"event_name":"Golden Wing","player_choice":"Card Removal","floor":2.0,"gold_loss":0.0,"damage_taken":7.0},{"damage_healed":0.0,"max_hp_gain":0.0,"max_hp_loss":0.0,"gold_gain":0.0,"event_name":"Wheel of Change","player_choice":"Damaged","floor":5.0,"gold_loss":0.0,"damage_taken":11.0},{"damage_healed":0.0,"max_hp_gain":0.0,"max_hp_loss":7.0,"gold_gain":0.0,"event_name":"Golden Idol","player_choice":"Lose Max HP","floor":14.0,"gold_loss":0.0,"damage_taken":0.0,"relics_obtained":["Golden Idol"]}],"is_beta":false,"boss_relics":[],"items_purged_floors":[],"is_endless":false,"potions_floor_spawned":[4,7,10],"killed_by":"Hexaghost","ascension_level":20}}