{"host":"55yei7x27djrlaep","time":1610650019,"event":{"mods":["Act Like it!","BaseMod","Better Altar","Better Match","Better Note","Better Sensory Stone","Better Skull","Better Third Choice","BetterRewards","Colored Map","Evolution","Friendly Minions","GifTheSpireLib","Halation","Hubris","Minty Spire (QoL Compilation)","Pale of the Ancients","Replay The Spire","StSLib","The Bladedancer","The Hierophant","The Runesmith","The Trickster","TheBandit"],"gold_per_floor":[113,133,133,147,171,171,205,224,273,448,448,475,489,489,489,601,601,620,545,545,564,585,585,626,672,697,759,122,122,170,218,218,341,341,381,381,281,281,324,380,380,411,459,520,520,588,620,675,675,705,705,705,0,56,127,127],"floor_reached":55,"language":"ENG","playtime":3073,"items_purged":["Doubt","theTrickster:Strike_Brown"],"score":1008,"play_id":"6d3644b7-f5eb-44c4-8460-5d695f85357a","local_time":"20210114214659","is_ascension_mode":true,"campfire_choices":[{"data":"theTrickster:UpThePace","floor":6,"key":"SMITH"},{"data":"theTrickster:RampingUpStrike","floor":11,"key":"SMITH"},{"floor":23,"key":"REST"},{"data":"theTrickster:Efficiency","floor":29,"key":"SMITH"},{"floor":41,"key":"RECALL"},{"data":"theTrickster:KillThemAll","floor":45,"key":"SMITH"},{"data":"theTrickster:Strike_Brown","floor":49,"key":"PURGE"},{"data":"theTrickster:Feint","floor":52,"key":"SMITH"}],"circlet_count":0,"master_deck":["theTrickster:Strike_Brown","theTrickster:Strike_Brown","theTrickster:Strike_Brown","theTrickster:Defend_Brown","theTrickster:Defend_Brown","theTrickster:Defend_Brown","theTrickster:Defend_Brown","theTrickster:Defend_Brown","theTrickster:BackStep","theTrickster:DebilitatingShot","theTrickster:MentalStrength","theTrickster:UpThePace+1","theTrickster:Practice","theTrickster:RecklessShot","hubris:DuctTapeCard+2","theTrickster:KillThemAll+1","theTrickster:BulletRain","theTrickster:Frenzy+1","theTrickster:NickAndSkid","theTrickster:DivingSlice+1","theTrickster:Efficiency+1","theTrickster:KeepCool","theTrickster:Feint+1","theTrickster:KeepCool+1","theTrickster:MistForm+1","theTrickster:SmokeOfConfusion+1","theTrickster:Salvage+1","theTrickster:BulletRain+1","theTrickster:SwiftAsTheWind","theTrickster:Repetition+1"],"relics":["theTrickster:OpticalIllusionRelic","EVO:Axolotl","NeowsBlessing","Ornamental Fan","hubris:OldNail","Eternal Feather","Simple Rune","hubris:DuctTape","Nunchaku","halation:IllGainedPizza","Black Star","Smiling Mask","Pet Ghost","Replay:Bandana","Prayer Wheel","Pen Nib","hubris:TenFootPole","Replay:Bottled Snecko","Vajra","Medical Kit","Replay:Rubber Ducky","theTrickster:DesertRoseRelic","hubris:TerracottaHorce","halation:EternalFortune","halation:KoshaPiece","Turnip","halation:LettersToHer","hubris:SlimyHat","Thread and Needle","Gremlin Horn","halation:AfternoonTea","halation:Sosunser","Replay:Baseball","ReplayTheSpireMod:Shallot","Replay:Towering Pillar of Hats","Bottled Lightning"],"acts_visited":["Exordium","TheCity","TheBeyond","TheEnding"],"potions_floor_usage":[12,13,25,27,31,44,54,54,54],"damage_taken":[{"damage":0,"enemies":"Cultist","floor":1,"turns":1},{"damage":0,"enemies":"Jaw Worm","floor":2,"turns":1},{"damage":0,"enemies":"Small Slimes","floor":4,"turns":1},{"damage":24,"enemies":"Gremlin Nob","floor":7,"turns":5},{"damage":6,"enemies":"Looter","floor":8,"turns":3},{"damage":3,"enemies":"3 Sentries","floor":12,"turns":6},{"damage":5,"enemies":"Exordium Thugs","floor":13,"turns":4},{"damage":18,"enemies":"Hexaghost","floor":16,"turns":9},{"damage":6,"enemies":"Shell Parasite","floor":18,"turns":3},{"damage":6,"enemies":"Chosen","floor":21,"turns":4},{"damage":12,"enemies":"Snecko","floor":22,"turns":6},{"damage":18,"enemies":"Replay:Snechameleon","floor":24,"turns":4},{"damage":0,"enemies":"Centurion and Healer","floor":25,"turns":4},{"damage":2,"enemies":"Book of Stabbing","floor":27,"turns":5},{"damage":1,"enemies":"Sentry and Sphere","floor":30,"turns":4},{"damage":29,"enemies":"Gremlin Leader","floor":31,"turns":4},{"damage":19,"enemies":"Champ","floor":33,"turns":9},{"damage":0,"enemies":"3 Shapes","floor":35,"turns":3},{"damage":12,"enemies":"3 Darklings","floor":39,"turns":4},{"damage":0,"enemies":"Giant Head","floor":40,"turns":6},{"damage":0,"enemies":"Writhing Mass","floor":42,"turns":2},{"damage":0,"enemies":"R_Hoarder","floor":44,"turns":3},{"damage":9,"enemies":"2 Orb Walkers","floor":46,"turns":2},{"damage":0,"enemies":"Sphere and 2 Shapes","floor":47,"turns":3},{"damage":0,"enemies":"Giant Head","floor":48,"turns":4},{"damage":2,"enemies":"Awakened One","floor":50,"turns":4},{"damage":15,"enemies":"Shield and Spear","floor":54,"turns":3},{"damage":67,"enemies":"The Heart","floor":55,"turns":5}],"seed_played":"494748731085911708","potions_obtained":[{"floor":4,"key":"Fire Potion"},{"floor":7,"key":"Energy Potion"},{"floor":8,"key":"Energy Potion"},{"floor":16,"key":"Elixir"},{"floor":18,"key":"Strength Potion"},{"floor":22,"key":"SmokeBomb"},{"floor":30,"key":"Explosive Potion"},{"floor":35,"key":"SpeedPotion"},{"floor":40,"key":"Elixir"},{"floor":42,"key":"LiquidMemories"}],"is_trial":false,"path_per_floor":["M","M","T","M","T","R","E","M","T","?","R","E","M","?","R_BF","B",null,"M","?","?","M","M","R","E","M","T","E","$","R","M","E","R_BF","B",null,"M","?","NS","?","M","E","R","M","T","E","R","?","M","E","R_BF","B",null,"R","$","E","B"],"character_chosen":"THE_TRICKSTER","items_purchased":["Vajra","Medical Kit","theTrickster:Efficiency","theTrickster:KeepCool","halation:Sosunser","Replay:Baseball","ReplayTheSpireMod:Shallot","Block Potion","Block Potion"],"campfire_rested":1,"item_purchase_floors":[28,28,28,28,53,53,53,53,53],"current_hp_per_floor":[75,75,75,75,75,75,51,45,45,45,54,51,46,15,46,28,75,69,69,22,16,4,38,20,20,20,18,18,33,32,3,40,21,62,62,65,65,65,53,53,68,68,68,68,78,69,69,69,78,76,78,78,78,63,0,0],"gold":127,"neow_bonus":"THREE_ENEMY_KILL","is_daily":false,"chose_seed":false,"campfire_upgraded":5,"win_rate":0.0,"timestamp":1610650019,"path_taken":["M","M","?","M","?","R","E","M","T","?","R","E","M","?","R_BF","BOSS","M","?","?","?","M","R","E","M","T","E","$","R","M","E","R_BF","BOSS","M","?","NS","?","M","E","R","M","T","E","R","?","M","E","R_BF","BOSS","R","$","E","BOSS"],"items_purchased_type":["Relic","Relic","Card","Card","Relic","Relic","Relic","Potion","Potion"],"build_version":"2020-12-22","purchased_purges":2,"victory":false,"max_hp_per_floor":[75,75,75,75,75,75,75,75,75,75,75,75,75,75,75,75,75,75,75,75,75,75,75,75,75,75,75,75,75,75,75,75,75,75,75,78,78,78,78,78,78,78,78,78,78,78,78,78,78,78,78,78,78,78,78,78],"card_choices":[{"not_picked":["theTrickster:Parry","theTrickster:Salvage"],"picked":"theTrickster:DebilitatingShot","floor":1},{"not_picked":["theTrickster:Volley","theTrickster:DebilitatingShot"],"picked":"theTrickster:MentalStrength","floor":2},{"not_picked":["theTrickster:KillThemAll","theTrickster:SharpBlade"],"picked":"theTrickster:UpThePace","floor":4},{"not_picked":["theTrickster:MentalStrength","theTrickster:BetterSafe"],"picked":"theTrickster:Practice","floor":7},{"not_picked":["theTrickster:CautiousManeuver","theTrickster:ImpulsiveDefend"],"picked":"theTrickster:RampingUpStrike","floor":8},{"not_picked":["theTrickster:PlayingWithFire","theTrickster:Firecrackers"],"picked":"theTrickster:RecklessShot","floor":12},{"not_picked":["theTrickster:StudiedSnipe","theTrickster:OminousSmile"],"picked":"theTrickster:KillThemAll","floor":13},{"not_picked":["theTrickster:ForbiddenMedicine","theTrickster:BlurTheLines"],"picked":"theTrickster:BulletRain","floor":16},{"not_picked":["theTrickster:KillThemAll","theTrickster:CreateAnOpening","theTrickster:Parry"],"picked":"SKIP","floor":18},{"not_picked":["theTrickster:RampingUpDefend","theTrickster:TrickyDefend"],"picked":"theTrickster:Frenzy+1","floor":21},{"not_picked":["theTrickster:SmokeOfConfusion","theTrickster:RecklessShot","theTrickster:StudiedSnipe+1"],"picked":"SKIP","floor":22},{"not_picked":["theTrickster:SharpBlade+1","theTrickster:DejaVu"],"picked":"theTrickster:NickAndSkid","floor":24},{"not_picked":["theTrickster:TacticalStrike","theTrickster:IntrepidRush"],"picked":"theTrickster:DivingSlice","floor":25},{"not_picked":["theTrickster:StudiedSnipe+1","theTrickster:SmokeOfConfusion","theTrickster:CapriciousThrust"],"picked":"SKIP","floor":25},{"not_picked":["theTrickster:DivingSlice","theTrickster:SmokeAndMirrors"],"picked":"theTrickster:CautiousManeuver+1","floor":27},{"not_picked":["theTrickster:SmokeOfConfusion+1","theTrickster:Impale"],"picked":"theTrickster:Feint","floor":30},{"not_picked":["theTrickster:CautiousManeuver","theTrickster:SharpBlade+1","theTrickster:DebilitatingShot"],"picked":"SKIP","floor":30},{"not_picked":["theTrickster:SmokeAndMirrors+1","theTrickster:StopTheBleeding"],"picked":"theTrickster:KeepCool","floor":31},{"not_picked":["theTrickster:ForbiddenMedicine","theTrickster:Anticipation"],"picked":"theTrickster:MistForm","floor":33},{"not_picked":["theTrickster:Handicraft","theTrickster:BetterSafe"],"picked":"theTrickster:SmokeOfConfusion+1","floor":35},{"not_picked":["theTrickster:BetterSafe","theTrickster:DejaVu+1","theTrickster:OminousSmile+1"],"picked":"SKIP","floor":35},{"not_picked":["theTrickster:BetterSafe","theTrickster:DejaVu+1"],"picked":"theTrickster:OminousSmile+1","floor":35},{"not_picked":["theTrickster:BladeSurge","theTrickster:CreateAnOpening+1"],"picked":"theTrickster:Salvage+1","floor":39},{"not_picked":["theTrickster:Parry+1","theTrickster:CapriciousThrust+1","theTrickster:Frenzy"],"picked":"SKIP","floor":39},{"not_picked":["theTrickster:KeepCool","theTrickster:EyeForEye+1","theTrickster:TrickyStrike+1"],"picked":"SKIP","floor":40},{"not_picked":["theTrickster:IntrepidRush+1","theTrickster:CreateAnOpening","theTrickster:NickAndSkid"],"picked":"SKIP","floor":42},{"not_picked":["theTrickster:ThickVest","theTrickster:PlayingWithFire+1","theTrickster:HotSteel"],"picked":"SKIP","floor":42},{"not_picked":["theTrickster:DejaVu","theTrickster:StopTheBleeding+1"],"picked":"theTrickster:BulletRain","floor":44},{"not_picked":["theTrickster:SharpBlade","theTrickster:CautiousManeuver","theTrickster:BladeSurge+1"],"picked":"SKIP","floor":47},{"not_picked":["theTrickster:Audacity","theTrickster:CapriciousThrust+1","theTrickster:NickAndSkid"],"picked":"SKIP","floor":47},{"not_picked":["theTrickster:NickAndSkid","theTrickster:Parry"],"picked":"theTrickster:SwiftAsTheWind","floor":48},{"not_picked":["theTrickster:DebilitatingShot","theTrickster:OminousSmile"],"picked":"theTrickster:Repetition+1","floor":54}],"player_experience":425653,"relics_obtained":[{"floor":3,"key":"Ornamental Fan"},{"floor":5,"key":"hubris:OldNail"},{"floor":7,"key":"Eternal Feather"},{"floor":9,"key":"Simple Rune"},{"floor":12,"key":"hubris:DuctTape"},{"floor":24,"key":"Replay:Bandana"},{"floor":24,"key":"Prayer Wheel"},{"floor":26,"key":"Pen Nib"},{"floor":27,"key":"hubris:TenFootPole"},{"floor":27,"key":"Replay:Bottled Snecko"},{"floor":31,"key":"Replay:Rubber Ducky"},{"floor":31,"key":"theTrickster:DesertRoseRelic"},{"floor":40,"key":"halation:KoshaPiece"},{"floor":40,"key":"Turnip"},{"floor":44,"key":"halation:LettersToHer"},{"floor":44,"key":"hubris:SlimyHat"},{"floor":46,"key":"Thread and Needle"},{"floor":48,"key":"Gremlin Horn"},{"floor":48,"key":"halation:AfternoonTea"},{"floor":54,"key":"Replay:Towering Pillar of Hats"},{"floor":54,"key":"Bottled Lightning"}],"event_choices":[{"damage_healed":0,"gold_gain":175,"player_choice":"AGREE","damage_taken":273,"max_hp_gain":0,"max_hp_loss":0,"event_name":"betterThird:BetterSerpent","floor":10,"gold_loss":0},{"damage_healed":0,"gold_gain":0,"player_choice":"RE RE ","damage_taken":35,"relics_obtained":["Nunchaku","halation:IllGainedPizza"],"max_hp_gain":0,"max_hp_loss":0,"event_name":"betterSkull:BetterSkull","floor":14,"gold_loss":0,"cards_upgraded":[]},{"damage_healed":0,"gold_gain":0,"player_choice":"2","damage_taken":0,"max_hp_gain":0,"max_hp_loss":0,"event_name":"betterMatch:BetterMatch","floor":19,"gold_loss":0,"cards_obtained":[]},{"damage_healed":0,"gold_gain":0,"player_choice":"RE RE UP ","damage_taken":53,"relics_obtained":["Smiling Mask","Pet Ghost"],"max_hp_gain":0,"max_hp_loss":0,"event_name":"betterSkull:BetterSkull","floor":20,"gold_loss":0,"cards_upgraded":["theTrickster:Strike_Brown"]},{"damage_healed":0,"gold_gain":0,"player_choice":"Ignored","damage_taken":0,"max_hp_gain":0,"max_hp_loss":0,"event_name":"Tomb of Lord Red Mask","floor":38,"gold_loss":0},{"damage_healed":0,"gold_gain":0,"player_choice":"Fight","damage_taken":0,"max_hp_gain":0,"max_hp_loss":0,"event_name":"Mysterious Sphere","floor":46,"gold_loss":0}],"is_beta":false,"boss_relics":[{"not_picked":["Velvet Choker","ReplayTheSpireMod:DimensionalGlitch"],"picked":"Black Star"},{"not_picked":["Replay:Bronze Core","Tiny House"],"picked":"hubris:TerracottaHorce"}],"items_purged_floors":[28,53],"is_endless":false,"potions_floor_spawned":[4,7,8,16,18,22,30,35,40,42],"killed_by":"The Heart","ascension_level":2}}