{"host":"ss2ocoam53r2lno0","time":1610583061,"event":{"mods":["Act Like it!","BaseMod","ChefMod","Clockwork Mod","Colored Powertips","Curses Come First","Displayed Cursed Tome","Downfall","Evolution","Googly Eyes","Hallownest","Highlight Path","Minty Spire (QoL Compilation)","Poor People Problems","Rare Cards Sparkle","Robot Space Explorer","Shade Mod","Shop Mod","Spicy Shops","StSLib","The Marked"],"gold_per_floor":[109,284,284,300,312,341,341,370,395,429,2,34,34,58,58,163,163,145,157,157,77,77,77,77,77,103,115,153,165,165],"floor_reached":29,"language":"ENG","playtime":2067,"items_purged":["Clockwork:Shield"],"score":399,"play_id":"b46ece32-d50e-4c58-b567-5326c3f983c7","local_time":"20210114011101","is_ascension_mode":true,"campfire_choices":[{"data":"Clockwork:AssemblyLine","floor":7,"key":"SMITH"},{"floor":13,"key":"REST"},{"data":"Clockwork:Pluck","floor":15,"key":"SMITH"},{"data":"Clockwork:CraftMomentumEngine","floor":23,"key":"SMITH"},{"data":"Clockwork:AssemblyLine","floor":25,"key":"SMITH"},{"data":"Clockwork:Pluck","floor":27,"key":"SMITH"}],"circlet_count":0,"master_deck":["Clockwork:Pluck+1","Clockwork:Pluck+1","Clockwork:Pluck","Clockwork:Pluck","Clockwork:Shield","Clockwork:Shield","Clockwork:Tinker","Clockwork:WarmUp","Clockwork:AssemblyLine+1","Clockwork:CogShield","Clockwork:SystemHardening","Clockwork:AssemblyLine+1","Clockwork:RevUp","Clockwork:CraftQuicksilverHourglass","Clockwork:CraftMomentumEngine+1","Clockwork:AssemblyLine+1"],"relics":["Clockwork:MomentumEngine","EVO:Axolotl","Guardian:PocketSentry","Gremlin Horn","PreservedInsect","Clockwork:GoldenCog","Happy Flower","Clockwork:Varja","Matryoshka","Odd Mushroom","SlaversCollar","MerchantsRug","MawBank","Regal Pillow","Meat on the Bone"],"acts_visited":["Exordium","TheCity"],"potions_floor_usage":[10,10,16],"damage_taken":[{"damage":0,"enemies":"Cultist","floor":1,"turns":4},{"damage":0,"enemies":"2 Louse","floor":4,"turns":4},{"damage":6,"enemies":"Jaw Worm","floor":5,"turns":5},{"damage":18,"enemies":"Lagavulin","floor":6,"turns":8},{"damage":11,"enemies":"3 Sentries","floor":8,"turns":7},{"damage":16,"enemies":"Gremlin Nob","floor":10,"turns":4},{"damage":14,"enemies":"Lagavulin","floor":12,"turns":6},{"damage":0,"enemies":"The Mushroom Lair","floor":14,"turns":4},{"damage":0,"enemies":"Slime Boss","floor":16,"turns":8},{"damage":8,"enemies":"2 Thieves","floor":18,"turns":5},{"damage":12,"enemies":"Shell Parasite","floor":19,"turns":5},{"damage":9,"enemies":"Slavers","floor":28,"turns":5},{"damage":56,"enemies":"Chosen and Byrds","floor":29,"turns":7}],"seed_played":"-7220138827777315224","potions_obtained":[{"floor":1,"key":"ColorlessPotion"},{"floor":4,"key":"SpeedPotion"},{"floor":5,"key":"BlessingOfTheForge"},{"floor":19,"key":"BlessingOfTheForge"}],"is_trial":false,"path_per_floor":["M","?","?","M","M","E","R","E","T","E","$","E","R","?","R","B",null,"M","M","?","$","?","R","$","R","T","R","E","M"],"character_chosen":"CLOCKWORK","items_purchased":["DollysMirror","Strange Spoon","Clockwork:RevUp","MerchantsRug"],"campfire_rested":1,"item_purchase_floors":[11,11,11,21],"current_hp_per_floor":[85,85,78,78,72,54,54,43,43,27,27,13,38,38,38,38,85,77,65,65,65,65,65,65,65,65,65,56,0,0],"gold":165,"neow_bonus":"THREE_CARDS","is_daily":false,"chose_seed":false,"campfire_upgraded":5,"win_rate":0.0,"timestamp":1610583061,"path_taken":["M","?","?","M","M","E","R","E","T","E","$","E","R","?","R","BOSS","M","M","?","$","?","R","$","R","T","R","E","M"],"items_purchased_type":["Relic","Relic","Card","Relic"],"build_version":"2020-12-22","purchased_purges":1,"victory":false,"max_hp_per_floor":[85,85,85,85,85,85,85,85,85,85,85,85,85,85,85,85,85,85,85,85,85,85,85,85,85,85,85,85,85,85],"card_choices":[{"not_picked":["Clockwork:ReserveSystems","Clockwork:RevUp"],"picked":"Clockwork:AssemblyLine","floor":0},{"not_picked":["Clockwork:ForgeStrike","Clockwork:Efficiency","Clockwork:OccamsRazor"],"picked":"SKIP","floor":1},{"not_picked":["Clockwork:ReserveSystems","Clockwork:PerfectedStrike"],"picked":"Clockwork:CogShield","floor":4},{"not_picked":["Clockwork:SpurOn","Clockwork:Minimalism","Clockwork:SystemScan"],"picked":"SKIP","floor":5},{"not_picked":["Clockwork:RitualDaggerMk0","Clockwork:OccamsRazor"],"picked":"Clockwork:CraftVarja","floor":6},{"not_picked":["Clockwork:FalseStart","Clockwork:Minimalism","Clockwork:RitualDaggerMk0"],"picked":"SKIP","floor":8},{"not_picked":["Clockwork:AdaptiveShield","Clockwork:ForgeStrike"],"picked":"Clockwork:SystemHardening","floor":10},{"not_picked":["Clockwork:MechanicalMass","Clockwork:Friction"],"picked":"Clockwork:CraftQuicksilverHourglass","floor":12},{"not_picked":["Clockwork:WindupStrike","Clockwork:AeonShield"],"picked":"Clockwork:CraftMomentumEngine","floor":16},{"not_picked":["Clockwork:AdaptiveShield","Clockwork:SearingStrike","Clockwork:Minimalism"],"picked":"SKIP","floor":18},{"not_picked":["Clockwork:Improve","Clockwork:CogBarrier"],"picked":"Clockwork:AssemblyLine","floor":19},{"not_picked":["Clockwork:TestingEnvironment","Clockwork:Downsize","Clockwork:SearingStrike"],"picked":"SKIP","floor":28}],"player_experience":685914,"relics_obtained":[{"floor":6,"key":"Guardian:PocketSentry"},{"floor":8,"key":"Gremlin Horn"},{"floor":9,"key":"PreservedInsect"},{"floor":10,"key":"Happy Flower"},{"floor":12,"key":"Matryoshka"},{"floor":14,"key":"Odd Mushroom"},{"floor":26,"key":"MawBank"},{"floor":26,"key":"Regal Pillow"},{"floor":28,"key":"Meat on the Bone"}],"event_choices":[{"damage_healed":0,"gold_gain":175,"player_choice":"AGREE","damage_taken":0,"max_hp_gain":0,"max_hp_loss":0,"event_name":"Liars Game","floor":2,"gold_loss":0,"cards_obtained":["Doubt"]},{"cards_removed":["Doubt"],"damage_healed":0,"gold_gain":0,"player_choice":"Card Removal","damage_taken":7,"max_hp_gain":0,"max_hp_loss":0,"event_name":"Golden Wing","floor":3,"gold_loss":0},{"damage_healed":0,"gold_gain":0,"player_choice":"Fought Mushrooms","damage_taken":0,"max_hp_gain":0,"max_hp_loss":0,"event_name":"Mushrooms","floor":14,"gold_loss":0},{"damage_healed":0,"gold_gain":0,"player_choice":"Ignored","damage_taken":0,"max_hp_gain":0,"max_hp_loss":0,"event_name":"Ghosts","floor":20,"gold_loss":0},{"cards_removed":["Clockwork:Shield"],"damage_healed":0,"gold_gain":0,"player_choice":"Elegance","damage_taken":0,"max_hp_gain":0,"max_hp_loss":0,"event_name":"Back to Basics","floor":22,"gold_loss":0}],"is_beta":false,"boss_relics":[{"not_picked":["Tiny House","Fusion Hammer"],"picked":"SlaversCollar"}],"items_purged_floors":[11],"is_endless":false,"potions_floor_spawned":[1,4,5,19],"killed_by":"Chosen and Byrds","ascension_level":2}}