{"host":"Timothy","time":1610597237,"event":{"mods":["AchievementEnabler","BaseMod","Bestiary","Highlight Path","Minty Spire (QoL Compilation)","Quick Restart","Slay-I"],"gold_per_floor":[114,129,144,159,64,94,109,124,149,149,164,164,92,107,107,207,207,222,237,252,267,17,17,32,32,57,57,72,72,72,102,102,202,202,217,232,247,262,277,277,307,307,357,372,387,412,40,40,40,40],"floor_reached":51,"language":"ENG","playtime":3306,"items_purged":[],"score":957,"play_id":"785b2a53-90be-4d38-954e-ee5465b67f0b","local_time":"20210113200717","daily_mods":["Insanity","Uncertain Future","Binary"],"is_ascension_mode":false,"campfire_choices":[{"data":"Leg Sweep","floor":12.0,"key":"SMITH"},{"data":"Well Laid Plans","floor":15.0,"key":"SMITH"},{"data":"Terror","floor":23.0,"key":"SMITH"},{"data":"Crippling Poison","floor":27.0,"key":"SMITH"},{"floor":32.0,"key":"REST"},{"floor":40.0,"key":"REST"},{"floor":42.0,"key":"REST"},{"data":"Accuracy","floor":49.0,"key":"SMITH"}],"circlet_count":0,"master_deck":["Dash","Sucker Punch","Accuracy+1","Distraction","Deadly Poison","Terror+1","Poisoned Stab","Distraction","Backstab","Blade Dance","Dagger Throw","Dodge and Roll","Concentrate","Crippling Poison+1","Acrobatics","Distraction","Dash","Skewer","Expertise","Deflect","Heel Hook","Deadly Poison","Deflect","Acrobatics","PiercingWail","Dodge and Roll","Distraction","Dodge and Roll","Cloak And Dagger","Outmaneuver","Leg Sweep+1","Bane","Prepared","Catalyst","Blade Dance","Flying Knee","Acrobatics","Prepared","All Out Attack","Backflip","Reflex","Predator","Dagger Spray","Catalyst","Tactician","Eviscerate","PiercingWail","Well Laid Plans+1","Deadly Poison","PiercingWail","Acrobatics","Dark Shackles","PiercingWail","Dagger Throw","Adrenaline","Calculated Gamble","Infinite Blades","Calculated Gamble","Deadly Poison+1","Unload","Blade Dance+1","Ghostly","Ghostly","Ghostly","Ghostly","Ghostly","Infinite Blades","Pain","Storm of Steel","CurseOfTheBell","Quick Slash+1","Cloak And Dagger+1","Well Laid Plans+1","Poisoned Stab","Leg Sweep+1","Escape Plan","Escape Plan"],"relics":["Ring of the Snake","Regal Pillow","Oddly Smooth Stone","Smiling Mask","Sozu","Bottled Lightning","Ancient Tea Set","MutagenicStrength","WarpedTongs","Strawberry","Calling Bell","Bag of Preparation","Letter Opener","Gambling Chip","Snake Skull","Lantern","Potion Belt","TungstenRod"],"acts_visited":["Exordium","TheCity","TheBeyond"],"potions_floor_usage":[],"damage_taken":[{"damage":0.0,"enemies":"Cultist","floor":1.0,"turns":3.0},{"damage":2.0,"enemies":"2 Louse","floor":2.0,"turns":2.0},{"damage":0.0,"enemies":"Small Slimes","floor":3.0,"turns":2.0},{"damage":0.0,"enemies":"Blue Slaver","floor":4.0,"turns":4.0},{"damage":0.0,"enemies":"Lagavulin","floor":6.0,"turns":3.0},{"damage":0.0,"enemies":"3 Louse","floor":7.0,"turns":2.0},{"damage":4.0,"enemies":"Gremlin Gang","floor":8.0,"turns":3.0},{"damage":11.0,"enemies":"Red Slaver","floor":11.0,"turns":4.0},{"damage":4.0,"enemies":"Blue Slaver","floor":14.0,"turns":2.0},{"damage":21.0,"enemies":"Slime Boss","floor":16.0,"turns":5.0},{"damage":5.0,"enemies":"Chosen","floor":18.0,"turns":3.0},{"damage":0.0,"enemies":"2 Thieves","floor":19.0,"turns":3.0},{"damage":9.0,"enemies":"Centurion and Healer","floor":20.0,"turns":5.0},{"damage":0.0,"enemies":"Snake Plant","floor":21.0,"turns":3.0},{"damage":19.0,"enemies":"Sentry and Sphere","floor":24.0,"turns":7.0},{"damage":0.0,"enemies":"Snecko","floor":28.0,"turns":3.0},{"damage":25.0,"enemies":"Slavers","floor":31.0,"turns":3.0},{"damage":11.0,"enemies":"Champ","floor":33.0,"turns":9.0},{"damage":6.0,"enemies":"3 Darklings","floor":35.0,"turns":3.0},{"damage":11.0,"enemies":"3 Shapes","floor":36.0,"turns":4.0},{"damage":13.0,"enemies":"Jaw Worm Horde","floor":37.0,"turns":4.0},{"damage":1.0,"enemies":"Spire Growth","floor":38.0,"turns":3.0},{"damage":1.0,"enemies":"Transient","floor":39.0,"turns":5.0},{"damage":2.0,"enemies":"Reptomancer","floor":41.0,"turns":5.0},{"damage":0.0,"enemies":"Sphere and 2 Shapes","floor":44.0,"turns":6.0},{"damage":0.0,"enemies":"Jaw Worm Horde","floor":45.0,"turns":4.0},{"damage":0,"enemies":"Donu and Deca","floor":50,"turns":9}],"seed_played":"-4891952413640654339","potions_obtained":[{"floor":1.0,"key":"Dexterity Potion"},{"floor":2.0,"key":"SteroidPotion"},{"floor":4.0,"key":"Poison Potion"},{"floor":7.0,"key":"SmokeBomb"},{"floor":11.0,"key":"SkillPotion"}],"is_trial":false,"path_per_floor":["M","M","M","M","$","E","M","M","T","?","M","R","$","M","R","B",null,"M","M","M","M","$","R","M","?","T","R","M","?","?","E","R","B",null,"M","M","M","M","M","R","E","R","T","M","M","T","$","?","R","B",null],"character_chosen":"THE_SILENT","items_purchased":["Dark Shackles","Infinite Blades","Bottled Lightning","TungstenRod","Escape Plan"],"campfire_rested":3,"item_purchase_floors":[5,13,22,47,47],"current_hp_per_floor":[70,68,68,68,68,68,68,64,64,52,41,41,41,37,37,16,70,65,65,56,56,56,56,37,35,35,35,35,35,35,17,42,31,42,36,25,12,11,10,37,35,42,42,42,42,42,42,42,42,42],"gold":40,"neow_bonus":"","is_daily":true,"chose_seed":false,"campfire_upgraded":5,"win_rate":0.0,"timestamp":1610597237,"path_taken":["M","M","M","?","?","E","M","M","T","?","M","R","$","M","R","BOSS","M","M","M","M","$","R","M","?","T","R","M","?","?","E","R","BOSS","M","M","?","M","M","R","E","R","T","M","M","?","$","?","R","BOSS"],"items_purchased_type":["Card","Card","Relic","Relic","Card"],"build_version":"2020-12-18","purchased_purges":0,"victory":true,"max_hp_per_floor":[70,70,70,70,70,70,70,70,70,70,70,70,70,70,70,70,70,70,70,70,70,70,70,70,35,35,35,35,35,35,42,42,42,42,42,42,42,42,42,42,42,42,42,42,42,42,42,42,42,42],"card_choices":[{"not_picked":["Blade Dance","Dodge and Roll"],"picked":"SKIP","floor":1.0},{"not_picked":["Sucker Punch"],"picked":"PiercingWail","floor":2.0},{"not_picked":["Underhanded Strike"],"picked":"Acrobatics","floor":3.0},{"not_picked":["Flying Knee","Blade Dance"],"picked":"SKIP","floor":4.0},{"not_picked":["Finisher"],"picked":"PiercingWail","floor":6.0},{"not_picked":["Crippling Poison"],"picked":"Dagger Throw","floor":7.0},{"not_picked":["Prepared"],"picked":"Adrenaline","floor":8.0},{"not_picked":["Cloak And Dagger"],"picked":"Calculated Gamble","floor":11.0},{"not_picked":["Prepared"],"picked":"Calculated Gamble","floor":14.0},{"not_picked":["Sucker Punch+1"],"picked":"Deadly Poison+1","floor":18.0},{"not_picked":["Outmaneuver"],"picked":"Unload","floor":19.0},{"not_picked":["Sucker Punch","Prepared"],"picked":"SKIP","floor":20.0},{"not_picked":["Dodge and Roll","Deflect"],"picked":"SKIP","floor":21.0},{"not_picked":["Flying Knee"],"picked":"Blade Dance+1","floor":24.0},{"not_picked":["Flying Knee"],"picked":"Infinite Blades","floor":28.0},{"not_picked":["Dagger Throw","Prepared"],"picked":"SKIP","floor":31.0},{"not_picked":["Doppelganger"],"picked":"Storm of Steel","floor":33.0},{"not_picked":["Backstab+1"],"picked":"Quick Slash+1","floor":35.0},{"not_picked":["Dodge and Roll","Masterful Stab+1"],"picked":"SKIP","floor":36.0},{"not_picked":["Calculated Gamble"],"picked":"Cloak And Dagger+1","floor":37.0},{"not_picked":["Caltrops","Flying Knee"],"picked":"SKIP","floor":38.0},{"not_picked":["Quick Slash"],"picked":"Well Laid Plans+1","floor":39.0},{"not_picked":["Tactician"],"picked":"Poisoned Stab","floor":41.0},{"not_picked":["Deflect+1"],"picked":"Leg Sweep+1","floor":44.0},{"not_picked":["Crippling Poison"],"picked":"Escape Plan","floor":45.0}],"player_experience":815262,"relics_obtained":[{"floor":6.0,"key":"Regal Pillow"},{"floor":9.0,"key":"Oddly Smooth Stone"},{"floor":26.0,"key":"Ancient Tea Set"},{"floor":31.0,"key":"Strawberry"},{"floor":34.0,"key":"Bag of Preparation"},{"floor":34.0,"key":"Letter Opener"},{"floor":34.0,"key":"Gambling Chip"},{"floor":41.0,"key":"Snake Skull"},{"floor":43.0,"key":"Lantern"},{"floor":46.0,"key":"Potion Belt"}],"event_choices":[{"damage_healed":0.0,"max_hp_gain":0.0,"max_hp_loss":0.0,"gold_gain":0.0,"event_name":"Scrap Ooze","player_choice":"Success","floor":10.0,"gold_loss":0.0,"damage_taken":12.0,"relics_obtained":["Smiling Mask"]},{"damage_healed":0.0,"max_hp_gain":0.0,"max_hp_loss":35.0,"gold_gain":0.0,"event_name":"Ghosts","player_choice":"Became a Ghost","floor":25.0,"gold_loss":0.0,"damage_taken":0.0,"cards_obtained":["Ghostly","Ghostly","Ghostly","Ghostly","Ghostly"]},{"damage_healed":0.0,"max_hp_gain":0.0,"max_hp_loss":0.0,"gold_gain":0.0,"event_name":"Drug Dealer","player_choice":"Inject Mutagens","floor":29.0,"gold_loss":0.0,"damage_taken":0.0,"relics_obtained":["MutagenicStrength"]},{"damage_healed":0.0,"max_hp_gain":0.0,"max_hp_loss":0.0,"gold_gain":0.0,"event_name":"Accursed Blacksmith","player_choice":"Rummage","floor":30.0,"gold_loss":0.0,"damage_taken":0.0,"relics_obtained":["WarpedTongs"],"cards_obtained":["Pain"]},{"cards_removed":["Slice"],"damage_healed":0.0,"max_hp_gain":0.0,"max_hp_loss":0.0,"gold_gain":0.0,"event_name":"Falling","player_choice":"Removed Attack","floor":48.0,"gold_loss":0.0,"damage_taken":0.0}],"is_beta":true,"boss_relics":[{"not_picked":["SacredBark","Ectoplasm"],"picked":"Sozu"},{"not_picked":["Empty Cage","SlaversCollar"],"picked":"Calling Bell"}],"items_purged_floors":[],"is_endless":false,"potions_floor_spawned":[1,2,4,7,11,16,20,21,31,33,35,36,39,45],"ascension_level":0}}