{"host":"oehe2dxjvdgux73m","time":1610639121,"event":{"mods":["AchievementEnabler","BaseMod","Colored Map","Colored Powertips","DeckTracker","Keyboard Shortcuts","Minty Spire (QoL Compilation)","Permanent Neow","Quick Restart","StSLib","SuperFastMode"],"gold_per_floor":[365,365,385,395,169,169,169,188,188,188,203,203,220,254,254,332,332,344,23,23,23,43,43,43,71,71,71,90,90,90,101,101,174,174,186,198,198,217,235,269,131,131,205,225,237,119,167,185,185,185,185],"floor_reached":50,"language":"KOR","playtime":2086,"items_purged":["Decay","Strike_G","Envenom"],"score":882,"play_id":"425dd215-9998-44b6-b372-09c2fa4b7adf","local_time":"20210115004521","is_ascension_mode":true,"campfire_choices":[{"floor":6.0,"key":"REST"},{"floor":10.0,"key":"REST"},{"data":"Accuracy","floor":12.0,"key":"SMITH"},{"floor":15.0,"key":"REST"},{"data":"Prepared","floor":23.0,"key":"SMITH"},{"floor":27.0,"key":"REST"},{"floor":29.0,"key":"REST"},{"floor":32.0,"key":"REST"},{"data":"Wraith Form v2","floor":42.0,"key":"SMITH"},{"data":"Tactician","floor":49.0,"key":"SMITH"}],"circlet_count":0,"master_deck":["AscendersBane","Survivor","Neutralize+1","Backflip","Tactician","Blade Dance+1","Blade Dance","Acrobatics","Accuracy+1","PiercingWail","PiercingWail","Prepared+1","Well Laid Plans","Escape Plan","Blade Dance+1","Escape Plan","Reflex","Phantasmal Killer","Tools of the Trade","Leg Sweep","Wraith Form v2+1","Slice","Eviscerate","Bullet Time","Phantasmal Killer","Accuracy+1","Tactician+1"],"relics":["Ring of the Snake","Dream Catcher","Centennial Puzzle","The Courier","HoveringKite","War Paint","Ginger","HornCleat","Pandora\u0027s Box","Bronze Scales","Meat on the Bone","DollysMirror","FossilizedHelix"],"acts_visited":["Exordium","TheCity","TheBeyond"],"potions_floor_usage":[50],"damage_taken":[{"damage":6.0,"enemies":"Small Slimes","floor":1.0,"turns":4.0},{"damage":7.0,"enemies":"Cultist","floor":3.0,"turns":5.0},{"damage":10.0,"enemies":"Jaw Worm","floor":4.0,"turns":6.0},{"damage":26.0,"enemies":"Gremlin Gang","floor":8.0,"turns":7.0},{"damage":2.0,"enemies":"Red Slaver","floor":11.0,"turns":4.0},{"damage":0.0,"enemies":"Looter","floor":13.0,"turns":4.0},{"damage":19.0,"enemies":"3 Sentries","floor":14.0,"turns":7.0},{"damage":22.0,"enemies":"Slime Boss","floor":16.0,"turns":7.0},{"damage":1.0,"enemies":"Shell Parasite","floor":18.0,"turns":7.0},{"damage":2.0,"enemies":"2 Thieves","floor":22.0,"turns":3.0},{"damage":42.0,"enemies":"Book of Stabbing","floor":25.0,"turns":7.0},{"damage":6.0,"enemies":"Centurion and Healer","floor":28.0,"turns":3.0},{"damage":12.0,"enemies":"Chosen and Byrds","floor":31.0,"turns":4.0},{"damage":3.0,"enemies":"Automaton","floor":33.0,"turns":6.0},{"damage":0.0,"enemies":"Orb Walker","floor":35.0,"turns":4.0},{"damage":11.0,"enemies":"3 Shapes","floor":36.0,"turns":6.0},{"damage":10.0,"enemies":"Writhing Mass","floor":38.0,"turns":4.0},{"damage":13.0,"enemies":"Sphere and 2 Shapes","floor":39.0,"turns":5.0},{"damage":0.0,"enemies":"Reptomancer","floor":40.0,"turns":6.0},{"damage":25.0,"enemies":"4 Shapes","floor":44.0,"turns":6.0},{"damage":0.0,"enemies":"Spire Growth","floor":45.0,"turns":4.0},{"damage":3.0,"enemies":"2 Orb Walkers","floor":47.0,"turns":6.0},{"damage":3.0,"enemies":"3 Darklings","floor":48.0,"turns":5.0},{"damage":46,"enemies":"Time Eater","floor":50,"turns":6}],"seed_played":"4215579420752029661","potions_obtained":[{"floor":1.0,"key":"Poison Potion"},{"floor":4.0,"key":"LiquidBronze"},{"floor":7.0,"key":"FearPotion"},{"floor":11.0,"key":"Poison Potion"},{"floor":16.0,"key":"Weak Potion"},{"floor":25.0,"key":"Strength Potion"},{"floor":31.0,"key":"Swift Potion"},{"floor":33.0,"key":"Energy Potion"},{"floor":39.0,"key":"Fire Potion"}],"is_trial":false,"path_per_floor":["M","?","M","M","$","R","?","M","T","R","M","R","M","E","R","B",null,"M","$","?","?","M","R","$","E","T","R","M","R","$","M","R","B",null,"M","M","?","M","M","E","$","R","T","M","M","$","?","M","R","B"],"character_chosen":"THE_SILENT","items_purchased":["Dream Catcher","Well Laid Plans","Escape Plan","War Paint","Swift Potion","DollysMirror"],"campfire_rested":6,"item_purchase_floors":[5,19,19,19,41,46],"current_hp_per_floor":[53,53,46,36,36,55,55,29,29,48,46,46,46,27,46,24,56,55,55,55,55,53,53,53,11,11,30,24,43,43,31,50,47,61,61,50,76,66,53,53,53,53,53,40,40,40,49,46,46,0,0],"gold":185,"neow_bonus":"TWO_FIFTY_GOLD","is_daily":false,"chose_seed":false,"campfire_upgraded":4,"win_rate":0.0,"timestamp":1610639121,"path_taken":["M","?","?","M","$","R","?","M","T","R","?","R","M","E","R","BOSS","M","$","?","?","?","R","$","E","T","R","M","R","?","M","R","BOSS","M","M","?","M","?","E","$","R","T","M","M","$","?","M","R","BOSS"],"items_purchased_type":["Relic","Card","Card","Relic","Potion","Relic"],"build_version":"2020-12-22","purchased_purges":3,"victory":false,"max_hp_per_floor":[66,66,66,66,66,66,66,66,66,66,66,66,66,66,66,66,66,66,66,66,66,66,66,66,66,66,66,66,66,66,66,66,66,66,66,66,76,76,76,76,76,76,76,76,76,76,76,76,76,76,76],"card_choices":[{"not_picked":["PiercingWail","Dagger Throw"],"picked":"Backflip","floor":1.0},{"not_picked":["Skewer","Deflect"],"picked":"Tactician","floor":3.0},{"not_picked":["Poisoned Stab","Outmaneuver"],"picked":"Blade Dance","floor":4.0},{"not_picked":["Acrobatics","Backflip"],"picked":"Blade Dance","floor":6.0},{"not_picked":["Underhanded Strike","Dagger Throw"],"picked":"Acrobatics","floor":8.0},{"not_picked":["Cloak And Dagger","Slice"],"picked":"Accuracy","floor":10.0},{"not_picked":["Dodge and Roll","Predator"],"picked":"PiercingWail","floor":11.0},{"not_picked":["Underhanded Strike","Burst","Flying Knee"],"picked":"SKIP","floor":13.0},{"not_picked":["Caltrops","Leg Sweep","Flying Knee"],"picked":"SKIP","floor":14.0},{"not_picked":["All Out Attack","Acrobatics"],"picked":"PiercingWail","floor":15.0},{"not_picked":["Underhanded Strike","Outmaneuver+1"],"picked":"Prepared","floor":18.0},{"not_picked":["Leg Sweep+1","Bane","Underhanded Strike"],"picked":"SKIP","floor":22.0},{"not_picked":["Flying Knee","Deflect","Tactician"],"picked":"SKIP","floor":25.0},{"not_picked":["Underhanded Strike","Dagger Throw"],"picked":"Blade Dance+1","floor":27.0},{"not_picked":["Unload","Caltrops"],"picked":"Escape Plan","floor":28.0},{"not_picked":["Sucker Punch","Terror"],"picked":"Reflex","floor":29.0},{"not_picked":["Dagger Spray","Dodge and Roll","Cloak And Dagger"],"picked":"SKIP","floor":31.0},{"not_picked":["Tools of the Trade","Burst"],"picked":"Phantasmal Killer","floor":33.0},{"not_picked":["Deflect","Poisoned Stab"],"picked":"Accuracy+1","floor":35.0},{"not_picked":["Blade Dance","PiercingWail","Flying Knee"],"picked":"SKIP","floor":36.0},{"not_picked":["Flying Knee+1","Dagger Throw+1","Cloak And Dagger"],"picked":"SKIP","floor":38.0},{"not_picked":["Deflect+1","Prepared","Bouncing Flask+1"],"picked":"SKIP","floor":39.0},{"not_picked":["Envenom","Distraction+1","Choke+1"],"picked":"SKIP","floor":40.0},{"not_picked":["PiercingWail","Slice","Accuracy"],"picked":"SKIP","floor":44.0},{"not_picked":["Flying Knee","Quick Slash+1","Bouncing Flask+1"],"picked":"SKIP","floor":45.0},{"not_picked":["Skewer+1","Blur","Prepared+1"],"picked":"SKIP","floor":48.0}],"player_experience":197028,"relics_obtained":[{"floor":9.0,"key":"Centennial Puzzle"},{"floor":14.0,"key":"The Courier"},{"floor":25.0,"key":"Ginger"},{"floor":26.0,"key":"HornCleat"},{"floor":40.0,"key":"Bronze Scales"},{"floor":43.0,"key":"Meat on the Bone"},{"floor":47.0,"key":"FossilizedHelix"}],"event_choices":[{"damage_healed":0.0,"max_hp_gain":0.0,"max_hp_loss":0.0,"gold_gain":0.0,"event_name":"Accursed Blacksmith","player_choice":"Forge","floor":2.0,"gold_loss":0.0,"damage_taken":0.0,"cards_upgraded":["Neutralize"]},{"damage_healed":0.0,"max_hp_gain":0.0,"max_hp_loss":0.0,"gold_gain":0.0,"event_name":"Lab","player_choice":"Got Potions","floor":7.0,"gold_loss":0.0,"damage_taken":0.0},{"damage_healed":0.0,"max_hp_gain":0.0,"max_hp_loss":0.0,"gold_gain":0.0,"event_name":"Ghosts","player_choice":"Ignored","floor":20.0,"gold_loss":0.0,"damage_taken":0.0},{"damage_healed":0.0,"max_hp_gain":0.0,"max_hp_loss":0.0,"gold_gain":0.0,"event_name":"Vampires","player_choice":"Ignored","floor":21.0,"gold_loss":0.0,"damage_taken":0.0},{"cards_removed":["Tools of the Trade"],"damage_healed":16.0,"max_hp_gain":10.0,"max_hp_loss":0.0,"gold_gain":0.0,"event_name":"Bonfire Elementals","player_choice":"Offered Rare","floor":37.0,"gold_loss":0.0,"damage_taken":0.0},{"damage_healed":0.0,"max_hp_gain":0.0,"max_hp_loss":0.0,"gold_gain":0.0,"event_name":"Mysterious Sphere","player_choice":"Fight","floor":47.0,"gold_loss":0.0,"damage_taken":0.0}],"is_beta":false,"boss_relics":[{"not_picked":["Ectoplasm","Fusion Hammer"],"picked":"HoveringKite"},{"not_picked":["Snecko Eye","Philosopher\u0027s Stone"],"picked":"Pandora\u0027s Box"}],"items_purged_floors":[5,19,41],"is_endless":false,"potions_floor_spawned":[1,4,11,16,25,31,33,39,40,47,48],"killed_by":"Time Eater","ascension_level":14}}