{"host":"Rich","time":1610588898,"event":{"mods":["AchievementEnabler","BaseMod","Highlight Path","Minty Spire (QoL Compilation)","Relic Stats"],"gold_per_floor":[117,136,136,153,179,214,214,43,70,13,38,38,38,13,13,13,13],"floor_reached":16,"language":"ENG","playtime":384,"items_purged":[],"score":212,"play_id":"17ed64c2-a963-4b27-8262-cd274667ffa0","local_time":"20210113204818","is_ascension_mode":true,"campfire_choices":[{"floor":7,"key":"REST"},{"data":"CutThroughFate","floor":12,"key":"SMITH"},{"data":"CrushJoints","floor":15,"key":"SMITH"}],"circlet_count":0,"master_deck":["AscendersBane","Strike_P","Strike_P","Strike_P","Defend_P","Defend_P","Defend_P","Defend_P","Eruption","Vigilance","FlurryOfBlows","BowlingBash","SashWhip","CrushJoints+1","ThirdEye","CutThroughFate+1","FlurryOfBlows"],"relics":["PureWater","NeowsBlessing","Pantograph","PreservedInsect","Bag of Marbles","Calipers","Nunchaku"],"acts_visited":["Exordium"],"potions_floor_usage":[6],"damage_taken":[{"damage":0,"enemies":"Cultist","floor":1,"turns":1},{"damage":0,"enemies":"Small Slimes","floor":2,"turns":1},{"damage":0,"enemies":"Jaw Worm","floor":4,"turns":1},{"damage":32,"enemies":"Lagavulin","floor":6,"turns":5},{"damage":25,"enemies":"3 Sentries","floor":11,"turns":12},{"damage":38,"enemies":"Hexaghost","floor":16,"turns":8}],"seed_played":"-24990406501230949","potions_obtained":[{"floor":2,"key":"Weak Potion"},{"floor":4,"key":"BottledMiracle"}],"is_trial":false,"path_per_floor":["M","M","?","M","T","E","R","$","T","$","E","R","?","$","R","B"],"character_chosen":"WATCHER","items_purchased":["PreservedInsect","ThirdEye","FlurryOfBlows"],"campfire_rested":1,"item_purchase_floors":[8,10,14],"current_hp_per_floor":[61,61,54,54,54,22,42,42,42,42,17,17,6,6,6,0,0],"gold":13,"neow_bonus":"THREE_ENEMY_KILL","is_daily":false,"chose_seed":false,"campfire_upgraded":2,"win_rate":0.0,"timestamp":1610588898,"path_taken":["M","?","?","M","?","E","R","$","T","?","E","R","?","$","R","BOSS"],"items_purchased_type":["Relic","Card","Card"],"build_version":"2020-12-18","purchased_purges":0,"victory":false,"max_hp_per_floor":[68,68,68,68,68,68,68,68,68,68,68,68,68,68,68,68,68],"relic_stats":{"Nunchaku":[2],"counters":[6,28],"Pantograph":25,"PreservedInsect":32,"obtain_stats":[{"Nunchaku":13,"Calipers":11,"NeowsBlessing":0,"Pantograph":6,"PreservedInsect":8,"Bag of Marbles":9,"PureWater":0},{"Nunchaku":5,"Calipers":5,"NeowsBlessing":0,"Pantograph":4,"PreservedInsect":4,"Bag of Marbles":4,"PureWater":0},{"Nunchaku":20,"Calipers":20,"NeowsBlessing":0,"Pantograph":8,"PreservedInsect":8,"Bag of Marbles":8,"PureWater":0}]},"card_choices":[{"not_picked":["EmptyFist","FlyingSleeves"],"picked":"FlurryOfBlows","floor":1},{"not_picked":["Weave","SashWhip"],"picked":"BowlingBash","floor":2},{"not_picked":["Study","Weave"],"picked":"SashWhip","floor":4},{"not_picked":["FlyingSleeves","Brilliance"],"picked":"CrushJoints","floor":6},{"not_picked":["LikeWater","FlurryOfBlows"],"picked":"CutThroughFate","floor":11}],"player_experience":1986280,"relics_obtained":[{"floor":6,"key":"Pantograph"},{"floor":9,"key":"Bag of Marbles"},{"floor":11,"key":"Calipers"}],"event_choices":[{"cards_removed":["Strike_P"],"damage_healed":0,"gold_gain":0,"player_choice":"Card Removal","damage_taken":7,"max_hp_gain":0,"max_hp_loss":0,"event_name":"Golden Wing","floor":3,"gold_loss":0},{"damage_healed":0,"gold_gain":0,"player_choice":"Success","damage_taken":11,"relics_obtained":["Nunchaku"],"max_hp_gain":0,"max_hp_loss":0,"event_name":"Scrap Ooze","floor":13,"gold_loss":0}],"is_beta":true,"boss_relics":[],"items_purged_floors":[],"is_endless":false,"potions_floor_spawned":[2,4],"killed_by":"Hexaghost","ascension_level":20}}