{"host":"j4g6ia6asvpyu2b0","time":1610585259,"event":{"mods":["BaseMod","Colored Map","Minty Spire (QoL Compilation)","Permanent Neow","Quick Restart","Relic Stats","StSLib","Unceasing Turn Reminder"],"gold_per_floor":[118,118,193,210,225,225,240,272,272,303,303,318,380,411,411,508,508,526,526,15,31,47,47,79,97,97,97,97],"floor_reached":27,"language":"ENG","playtime":766,"items_purged":[],"score":470,"play_id":"0d87a09c-c2ee-4e45-8f60-722cb9c8ec41","local_time":"20210113174739","is_ascension_mode":true,"campfire_choices":[{"data":"Zap","floor":6,"key":"SMITH"},{"floor":11,"key":"REST"},{"data":"Defragment","floor":15,"key":"SMITH"},{"data":"Storm","floor":23,"key":"SMITH"}],"circlet_count":0,"master_deck":["AscendersBane","Strike_B","Strike_B","Strike_B","Defend_B","Defend_B","Defend_B","Defend_B","Zap+1","Dualcast","Flash of Steel","Ball Lightning","Cold Snap","Ball Lightning","Darkness","Defragment+1","Chill","Glacier","Fission","White Noise","Biased Cognition","Conserve Battery","Echo Form","Hologram","Cold Snap","Ball Lightning","Storm+1","Seek","Leap+1"],"relics":["Cracked Core","Ornamental Fan","Letter Opener","Cables","Strawberry","Smiling Mask","Runic Pyramid","Ice Cream","The Courier","Bronze Scales"],"acts_visited":["Exordium","TheCity"],"potions_floor_usage":[10,13,16,24],"damage_taken":[{"damage":1,"enemies":"2 Louse","floor":1,"turns":3},{"damage":3,"enemies":"Small Slimes","floor":4,"turns":3},{"damage":0,"enemies":"Cultist","floor":5,"turns":3},{"damage":2,"enemies":"2 Fungi Beasts","floor":7,"turns":3},{"damage":10,"enemies":"Gremlin Nob","floor":8,"turns":3},{"damage":23,"enemies":"3 Sentries","floor":10,"turns":5},{"damage":3,"enemies":"Looter","floor":12,"turns":3},{"damage":22,"enemies":"Lagavulin Event","floor":13,"turns":4},{"damage":14,"enemies":"Lagavulin","floor":14,"turns":6},{"damage":0,"enemies":"The Guardian","floor":16,"turns":9},{"damage":16,"enemies":"Shell Parasite","floor":18,"turns":3},{"damage":12,"enemies":"3 Byrds","floor":21,"turns":2},{"damage":0,"enemies":"Cultist and Chosen","floor":22,"turns":7},{"damage":1,"enemies":"Book of Stabbing","floor":24,"turns":4},{"damage":26,"enemies":"Snake Plant","floor":25,"turns":4},{"damage":8,"enemies":"Centurion and Healer","floor":27,"turns":1}],"seed_played":"-9110021355468385461","potions_obtained":[{"floor":1,"key":"SteroidPotion"},{"floor":4,"key":"SpeedPotion"},{"floor":10,"key":"DuplicationPotion"},{"floor":12,"key":"PowerPotion"},{"floor":16,"key":"PowerPotion"},{"floor":22,"key":"Dexterity Potion"}],"is_trial":false,"path_per_floor":["M","?","?","M","M","R","M","E","T","E","R","M","?","E","R","B",null,"M","?","$","M","M","R","E","M","T","M"],"character_chosen":"DEFECT","items_purchased":["Ice Cream","Echo Form","Hologram","Cold Snap"],"campfire_rested":1,"item_purchase_floors":[20,20,20,20],"current_hp_per_floor":[67,60,49,46,46,46,44,34,34,11,33,30,15,1,1,1,62,46,46,46,34,34,34,33,7,7,0,0],"gold":97,"neow_bonus":"RANDOM_COLORLESS","is_daily":false,"chose_seed":false,"campfire_upgraded":3,"win_rate":0.0,"timestamp":1610585259,"path_taken":["M","?","?","M","M","R","M","E","T","E","R","M","?","E","R","BOSS","M","?","$","M","M","R","E","M","T","?"],"items_purchased_type":["Relic","Card","Card","Card"],"build_version":"2020-12-22","purchased_purges":0,"victory":false,"max_hp_per_floor":[75,75,75,75,75,75,75,75,75,75,75,75,82,82,82,82,82,82,82,82,82,82,82,82,82,82,82,82],"relic_stats":{"counters":[16,63],"Ornamental Fan":[40],"Bronze Scales":[3],"Letter Opener":[35],"Smiling Mask":0,"obtain_stats":[{"Ice Cream":20,"Ornamental Fan":8,"Strawberry":13,"Bronze Scales":26,"The Courier":24,"Letter Opener":9,"Cracked Core":0,"Smiling Mask":14,"Cables":10,"Runic Pyramid":17},{"Ice Cream":11,"Ornamental Fan":5,"Strawberry":8,"Bronze Scales":15,"The Courier":14,"Letter Opener":5,"Cracked Core":0,"Smiling Mask":9,"Cables":6,"Runic Pyramid":10},{"Ice Cream":45,"Ornamental Fan":15,"Strawberry":27,"Bronze Scales":62,"The Courier":58,"Letter Opener":15,"Cracked Core":0,"Smiling Mask":33,"Cables":20,"Runic Pyramid":42}],"Cables":[35,14,18,3,0]},"card_choices":[{"not_picked":["Panacea","Dramatic Entrance"],"picked":"Flash of Steel","floor":0},{"not_picked":["Streamline","Turbo"],"picked":"Ball Lightning","floor":1},{"not_picked":["Coolheaded","Consume"],"picked":"Cold Snap","floor":4},{"not_picked":["Sweeping Beam","Conserve Battery"],"picked":"Ball Lightning","floor":5},{"not_picked":["Chaos","Lockon"],"picked":"Darkness","floor":7},{"not_picked":["Cold Snap","Self Repair"],"picked":"Defragment","floor":8},{"not_picked":["Gash","Hologram"],"picked":"Chill","floor":10},{"not_picked":["Compile Driver","Rebound"],"picked":"Glacier","floor":12},{"not_picked":["Rip and Tear","Glacier"],"picked":"Fission","floor":13},{"not_picked":["Beam Cell","Stack"],"picked":"White Noise","floor":14},{"not_picked":["Creative AI","Multi-Cast"],"picked":"Biased Cognition","floor":16},{"not_picked":["Streamline+1","Steam"],"picked":"Conserve Battery","floor":18},{"not_picked":["Genetic Algorithm","Heatsinks"],"picked":"Ball Lightning","floor":21},{"not_picked":["Stack","Redo"],"picked":"Storm","floor":22},{"not_picked":["Ball Lightning+1","Rebound"],"picked":"Seek","floor":24},{"not_picked":["Redo","BootSequence"],"picked":"Leap+1","floor":25}],"player_experience":839662,"relics_obtained":[{"floor":8,"key":"Ornamental Fan"},{"floor":9,"key":"Letter Opener"},{"floor":10,"key":"Cables"},{"floor":13,"key":"Strawberry"},{"floor":14,"key":"Smiling Mask"},{"floor":24,"key":"The Courier"},{"floor":26,"key":"Bronze Scales"}],"event_choices":[{"cards_removed":["Strike_B"],"damage_healed":0,"gold_gain":0,"player_choice":"Card Removal","damage_taken":7,"max_hp_gain":0,"max_hp_loss":0,"event_name":"Golden Wing","floor":2,"gold_loss":0},{"damage_healed":0,"gold_gain":75,"player_choice":"Gather Gold","damage_taken":11,"max_hp_gain":0,"max_hp_loss":0,"event_name":"World of Goop","floor":3,"gold_loss":0},{"damage_healed":0,"gold_gain":0,"player_choice":"Searched \u00271\u0027 times","damage_taken":0,"max_hp_gain":0,"max_hp_loss":0,"event_name":"Dead Adventurer","floor":13,"gold_loss":0},{"damage_healed":0,"gold_gain":0,"player_choice":"Ignored","damage_taken":0,"max_hp_gain":0,"max_hp_loss":0,"event_name":"NoteForYourself","floor":19,"gold_loss":0}],"is_beta":false,"boss_relics":[{"not_picked":["Pandora\u0027s Box","SlaversCollar"],"picked":"Runic Pyramid"}],"items_purged_floors":[],"is_endless":false,"potions_floor_spawned":[1,4,10,12,16,22],"killed_by":"Centurion and Healer","ascension_level":11}}