{"host":"01gbg40krdpein5y","time":1610613725,"event":{"mods":["BaseMod","BetterRewards","Minty Spire (QoL Compilation)","SuperFastMode","Transform Curses"],"gold_per_floor":[118,118,133,208,7,23,42,42,119,131,131,151,2,15,15,114,114,128,47,146,146,2,33,33,53,77,77,77,77,77,88,88,188,188,203,248,248,263,13,38,55,55,55,55,55],"floor_reached":44,"language":"ENG","playtime":2344,"items_purged":["Writhe","Regret"],"score":641,"play_id":"d32264b1-4c0d-40ef-9136-85d6f5fa9662","local_time":"20210114004205","is_ascension_mode":false,"campfire_choices":[{"data":"Capacitor","floor":11,"key":"SMITH"},{"data":"Static Discharge","floor":15,"key":"SMITH"},{"data":"Creative AI","floor":24,"key":"SMITH"},{"data":"Static Discharge","floor":29,"key":"SMITH"},{"floor":32,"key":"REST"},{"floor":42,"key":"REST"}],"circlet_count":0,"master_deck":["Defend_B","Defend_B","Defend_B","Defend_B","Zap","Dualcast","Static Discharge+1","Hello World+1","Capacitor+1","Auto Shields","Ball Lightning","Capacitor","Capacitor","BootSequence","Creative AI+1","Heatsinks","Static Discharge+1","Loop","Bite","Bite","Bite","Bite","Bite","Storm+1","Machine Learning","Thinking Ahead","Lockon+1","Buffer","Tempest+1","BootSequence+1","Regret"],"relics":["Cracked Core","Centennial Puzzle","Bag of Preparation","Bird Faced Urn","Cursed Key","Juzu Bracelet","Darkstone Periapt","SlaversCollar","Membership Card","Strawberry","Pen Nib","Snecko Eye","Prayer Wheel","Pear","Ancient Tea Set","Bronze Scales"],"acts_visited":["Exordium","TheCity","TheBeyond"],"potions_floor_usage":[7,16,16,16,30,33,36,36,44],"damage_taken":[{"damage":0,"enemies":"Small Slimes","floor":1,"turns":3},{"damage":1,"enemies":"Jaw Worm","floor":3,"turns":2},{"damage":0,"enemies":"Cultist","floor":6,"turns":4},{"damage":0,"enemies":"Lots of Slimes","floor":7,"turns":2},{"damage":8,"enemies":"3 Louse","floor":10,"turns":3},{"damage":2,"enemies":"Blue Slaver","floor":12,"turns":3},{"damage":0,"enemies":"Large Slime","floor":14,"turns":5},{"damage":25,"enemies":"The Guardian","floor":16,"turns":7},{"damage":5,"enemies":"3 Byrds","floor":18,"turns":3},{"damage":44,"enemies":"Slavers","floor":23,"turns":4},{"damage":7,"enemies":"Chosen","floor":25,"turns":5},{"damage":7,"enemies":"Book of Stabbing","floor":30,"turns":3},{"damage":38,"enemies":"Snecko","floor":31,"turns":4},{"damage":70,"enemies":"Automaton","floor":33,"turns":7},{"damage":37,"enemies":"3 Darklings","floor":35,"turns":4},{"damage":38,"enemies":"2 Orb Walkers","floor":36,"turns":3},{"damage":32,"enemies":"Orb Walker","floor":38,"turns":4},{"damage":38,"enemies":"Reptomancer","floor":40,"turns":4},{"damage":44,"enemies":"Maw","floor":41,"turns":6},{"damage":61,"enemies":"Nemesis","floor":44,"turns":5}],"seed_played":"7167527095536866644","potions_obtained":[{"floor":3,"key":"Explosive Potion"},{"floor":10,"key":"EssenceOfDarkness"},{"floor":18,"key":"SmokeBomb"},{"floor":23,"key":"Strength Potion"},{"floor":33,"key":"PotionOfCapacity"},{"floor":35,"key":"AttackPotion"},{"floor":40,"key":"SkillPotion"}],"is_trial":false,"path_per_floor":["M","?","M","?","$","M","M","?","T","M","R","M","$","M","R","B",null,"M","$","?","?","$","E","R","M","T","?","?","R","E","M","R","B",null,"M","?","?","M","$","E","M","R","T","E"],"character_chosen":"DEFECT","items_purchased":["Centennial Puzzle","Bag of Preparation","Static Discharge","Capacitor","FocusPotion","GamblersBrew","Capacitor","Static Discharge","Membership Card","Pear","Buffer"],"campfire_rested":2,"item_purchase_floors":[0,0,0,5,5,5,13,19,22,39,39],"current_hp_per_floor":[44,44,47,40,40,46,50,50,50,46,46,50,50,60,60,45,75,75,75,75,75,75,48,48,61,67,61,61,61,61,31,49,16,61,42,26,26,20,30,18,2,23,29,0,0],"gold":55,"neow_bonus":"","is_daily":false,"chose_seed":false,"campfire_upgraded":4,"win_rate":0.0,"timestamp":1610613725,"path_taken":["M","?","M","?","$","M","M","?","T","M","R","M","?","M","R","BOSS","M","$","?","?","$","E","R","M","T","?","?","R","E","M","R","BOSS","M","?","?","M","$","E","M","R","T","E"],"items_purchased_type":["Relic","Relic","Card","Card","Potion","Potion","Card","Card","Relic","Relic","Card"],"build_version":"2020-12-22","purchased_purges":2,"victory":false,"max_hp_per_floor":[75,75,75,75,75,75,75,75,75,75,75,75,75,75,75,75,75,75,75,75,75,75,82,82,82,88,61,61,61,61,61,61,61,61,61,61,61,61,71,71,71,71,77,77,77],"card_choices":[{"not_picked":["Lockon","FTL"],"picked":"Hello World","floor":1},{"not_picked":["Leap","Ball Lightning","Sweeping Beam"],"picked":"SKIP","floor":3},{"not_picked":["Barrage","Ball Lightning","Beam Cell"],"picked":"SKIP","floor":6},{"not_picked":["Beam Cell","Ball Lightning"],"picked":"Auto Shields","floor":7},{"not_picked":["Ball Lightning","Leap","Blizzard"],"picked":"SKIP","floor":10},{"not_picked":["Streamline","Chaos"],"picked":"Capacitor","floor":12},{"not_picked":["Steam","Stack"],"picked":"BootSequence","floor":14},{"not_picked":["Core Surge","Rainbow"],"picked":"Creative AI","floor":16},{"not_picked":["Streamline+1","Rebound"],"picked":"Heatsinks","floor":18},{"not_picked":["Leap+1","Doom and Gloom","Sunder"],"picked":"SKIP","floor":23},{"not_picked":["Steam","Beam Cell"],"picked":"Loop","floor":25},{"not_picked":["Sunder+1","Gash"],"picked":"Storm+1","floor":31},{"not_picked":["Reboot","Meteor Strike"],"picked":"Machine Learning","floor":33},{"not_picked":["Aggregate+1","Coolheaded+1","Barrage"],"picked":"SKIP","floor":35},{"not_picked":["Dark Shackles","Flash of Steel"],"picked":"Thinking Ahead","floor":37},{"not_picked":["Rebound+1","Go for the Eyes"],"picked":"Lockon+1","floor":38},{"not_picked":["Coolheaded+1","Hologram+1","Reprogram+1"],"picked":"SKIP","floor":38},{"not_picked":["Coolheaded","Cold Snap"],"picked":"Tempest+1","floor":40},{"not_picked":["Glacier","Streamline"],"picked":"BootSequence+1","floor":41},{"not_picked":["Coolheaded","Beam Cell+1","Hologram+1"],"picked":"SKIP","floor":41}],"player_experience":318383,"relics_obtained":[{"floor":9,"key":"Darkstone Periapt"},{"floor":23,"key":"Strawberry"},{"floor":26,"key":"Pen Nib"},{"floor":36,"key":"Prayer Wheel"},{"floor":40,"key":"Ancient Tea Set"},{"floor":43,"key":"Bronze Scales"}],"event_choices":[{"damage_healed":0,"gold_gain":0,"player_choice":"Grow","damage_taken":0,"max_hp_gain":0,"max_hp_loss":0,"event_name":"Living Wall","floor":2,"gold_loss":0,"cards_upgraded":["Hello World"]},{"damage_healed":0,"gold_gain":75,"player_choice":"Touch","damage_taken":7,"max_hp_gain":0,"max_hp_loss":0,"event_name":"FaceTrader","floor":4,"gold_loss":0},{"damage_healed":0,"gold_gain":0,"cards_transformed":["Stack"],"player_choice":"Transformed","damage_taken":0,"max_hp_gain":0,"max_hp_loss":0,"event_name":"Transmorgrifier","floor":8,"gold_loss":0,"cards_obtained":["Ball Lightning"]},{"damage_healed":0,"gold_gain":99,"player_choice":"Stole From Cult","damage_taken":0,"max_hp_gain":0,"max_hp_loss":0,"event_name":"Nest","floor":20,"gold_loss":0},{"damage_healed":0,"gold_gain":0,"player_choice":"Ignored","damage_taken":0,"max_hp_gain":0,"max_hp_loss":0,"event_name":"Beggar","floor":21,"gold_loss":0},{"damage_healed":0,"gold_gain":0,"player_choice":"Became a vampire","damage_taken":0,"max_hp_gain":0,"max_hp_loss":27,"event_name":"Vampires","floor":27,"gold_loss":0,"cards_obtained":["Bite","Bite","Bite","Bite","Bite"]},{"damage_healed":0,"gold_gain":0,"player_choice":"Ignored","damage_taken":0,"max_hp_gain":0,"max_hp_loss":0,"event_name":"Ghosts","floor":28,"gold_loss":0},{"damage_healed":0,"gold_gain":0,"player_choice":"Fight","damage_taken":0,"max_hp_gain":0,"max_hp_loss":0,"event_name":"Mysterious Sphere","floor":36,"gold_loss":0},{"damage_healed":0,"gold_gain":0,"player_choice":"Memory 1","damage_taken":0,"max_hp_gain":0,"max_hp_loss":0,"event_name":"SensoryStone","floor":37,"gold_loss":0}],"is_beta":false,"boss_relics":[{"not_picked":["Ectoplasm","Tiny House"],"picked":"SlaversCollar"},{"not_picked":["Black Star","Coffee Dripper"],"picked":"Snecko Eye"}],"items_purged_floors":[13,39],"is_endless":false,"potions_floor_spawned":[3,10,12,14,18,23,33,35,40],"killed_by":"Nemesis","ascension_level":0}}