{"host":"kg61lsvem4dxoat8","time":1610610106,"event":{"mods":["BaseMod","Colored Powertips","Minty Spire (QoL Compilation)","Quick Restart","Rare Cards Sparkle","Relic Stats","slay the spire mod where everything is the same but ironclad has a cowboy hat"],"gold_per_floor":[116,116,132,58,58,58,58,58,83,114,127,151,151,171,171,297,297,317,317,26,61,86,86,107,107,107,107,132,167,167,167],"floor_reached":30,"language":"ENG","playtime":1136,"items_purged":[],"score":273,"play_id":"adedb177-23f9-4baa-a142-962e106cab52","local_time":"20210114154146","is_ascension_mode":false,"campfire_choices":[{"data":"PathToVictory","floor":6,"key":"SMITH"},{"data":"Eruption","floor":8,"key":"SMITH"},{"data":"CutThroughFate","floor":15,"key":"SMITH"},{"data":"ThirdEye","floor":23,"key":"SMITH"},{"data":"Nirvana","floor":25,"key":"SMITH"},{"data":"ThirdEye","floor":27,"key":"SMITH"}],"circlet_count":0,"master_deck":["Strike_P+1","Strike_P+1","Strike_P+1","Defend_P+1","Defend_P+1","Defend_P+1","Defend_P+1","Eruption+1","Vigilance","PathToVictory+1","ThirdEye+1","Nirvana+1","CutThroughFate+1","Wireheading","ThirdEye+1","ThirdEye+1","Sanctity+1"],"relics":["PureWater","NeowsBlessing","Golden Idol","Ancient Tea Set","Damaru","CaptainsWheel","Sozu","GoldenEye","Red Mask","Molten Egg 2","Orichalcum"],"acts_visited":["Exordium","TheCity"],"potions_floor_usage":[16,16,16,18,21],"damage_taken":[{"damage":0,"enemies":"2 Louse","floor":1,"turns":2},{"damage":0,"enemies":"Small Slimes","floor":3,"turns":1},{"damage":0,"enemies":"3 Sentries","floor":10,"turns":3},{"damage":6,"enemies":"Jaw Worm","floor":11,"turns":3},{"damage":4,"enemies":"Blue Slaver","floor":12,"turns":4},{"damage":4,"enemies":"3 Louse","floor":14,"turns":4},{"damage":16,"enemies":"Hexaghost","floor":16,"turns":9},{"damage":0,"enemies":"Shell Parasite","floor":18,"turns":5},{"damage":17,"enemies":"Masked Bandits","floor":21,"turns":9},{"damage":0,"enemies":"Chosen","floor":22,"turns":3},{"damage":9,"enemies":"Snake Plant","floor":24,"turns":4},{"damage":14,"enemies":"Cultist and Chosen","floor":28,"turns":7},{"damage":3,"enemies":"Slavers","floor":29,"turns":9},{"damage":0,"enemies":"Snecko","floor":30,"turns":1}],"seed_played":"4089592772970528497","potions_obtained":[{"floor":11,"key":"EntropicBrew"},{"floor":14,"key":"LiquidMemories"},{"floor":16,"key":"Weak Potion"}],"is_trial":false,"path_per_floor":["M","?","M","$","?","R","?","R","T","E","M","M","?","M","R","B",null,"M","?","$","?","M","R","M","R","T","R","M","E","M"],"character_chosen":"WATCHER","items_purchased":["Nirvana","GoldenEye"],"campfire_rested":0,"item_purchase_floors":[4,20],"current_hp_per_floor":[72,65,65,65,65,65,65,65,65,65,59,55,42,38,38,22,67,67,67,67,50,50,50,41,41,41,41,27,24,24,24],"gold":167,"neow_bonus":"THREE_ENEMY_KILL","is_daily":false,"chose_seed":false,"campfire_upgraded":6,"win_rate":0.0,"timestamp":1610610106,"path_taken":["M","?","M","$","?","R","?","R","T","E","M","M","?","M","R","BOSS","M","?","$","?","M","R","M","R","T","R","M","E","M"],"items_purchased_type":["Card","Relic"],"build_version":"2020-12-22","purchased_purges":0,"victory":false,"max_hp_per_floor":[72,72,72,72,67,67,67,67,67,67,67,67,67,67,67,67,67,67,67,67,67,67,67,67,67,67,67,67,67,67,67],"relic_stats":{"Sozu":1,"counters":[14,63],"Golden Idol":75,"Orichalcum":[0],"GoldenEye":[78],"obtain_stats":[{"Sozu":17,"CaptainsWheel":10,"NeowsBlessing":0,"Golden Idol":5,"Damaru":9,"Molten Egg 2":26,"Red Mask":21,"PureWater":0,"Orichalcum":29,"Ancient Tea Set":7,"GoldenEye":20},{"Sozu":7,"CaptainsWheel":3,"NeowsBlessing":0,"Golden Idol":2,"Damaru":2,"Molten Egg 2":11,"Red Mask":9,"PureWater":0,"Orichalcum":13,"Ancient Tea Set":2,"GoldenEye":8},{"Sozu":26,"CaptainsWheel":6,"NeowsBlessing":0,"Golden Idol":3,"Damaru":3,"Molten Egg 2":47,"Red Mask":40,"PureWater":0,"Orichalcum":63,"Ancient Tea Set":3,"GoldenEye":31}]},"card_choices":[{"not_picked":["Wireheading","BowlingBash"],"picked":"PathToVictory","floor":1},{"not_picked":["FollowUp","Crescendo"],"picked":"ThirdEye","floor":3},{"not_picked":["Consecrate","Nirvana"],"picked":"CutThroughFate","floor":10},{"not_picked":["DeceiveReality","EmptyFist"],"picked":"Wireheading","floor":11},{"not_picked":["Consecrate","Protect","SandsOfTime"],"picked":"SKIP","floor":12},{"not_picked":["FlyingSleeves","Wallop","ForeignInfluence"],"picked":"SKIP","floor":14},{"not_picked":["WheelKick","EmptyMind+1"],"picked":"ThirdEye","floor":18},{"not_picked":["WreathOfFlame","FlurryOfBlows","Halt"],"picked":"SKIP","floor":22},{"not_picked":["SandsOfTime+1","InnerPeace","ReachHeaven"],"picked":"SKIP","floor":24},{"not_picked":["Conclude+1","Protect"],"picked":"ThirdEye+1","floor":28},{"not_picked":["Nirvana","Protect"],"picked":"Sanctity+1","floor":29}],"player_experience":1341098,"relics_obtained":[{"floor":9,"key":"Damaru"},{"floor":10,"key":"CaptainsWheel"},{"floor":21,"key":"Red Mask"},{"floor":26,"key":"Molten Egg 2"},{"floor":29,"key":"Orichalcum"}],"event_choices":[{"cards_removed":["Strike_P"],"damage_healed":0,"gold_gain":0,"player_choice":"Card Removal","damage_taken":7,"max_hp_gain":0,"max_hp_loss":0,"event_name":"Golden Wing","floor":2,"gold_loss":0},{"damage_healed":0,"gold_gain":0,"player_choice":"Lose Max HP","damage_taken":0,"relics_obtained":["Golden Idol"],"max_hp_gain":0,"max_hp_loss":5,"event_name":"Golden Idol","floor":5,"gold_loss":0},{"damage_healed":0,"gold_gain":0,"player_choice":"Searched \u00271\u0027 times","damage_taken":0,"relics_obtained":["Ancient Tea Set"],"max_hp_gain":0,"max_hp_loss":0,"event_name":"Dead Adventurer","floor":7,"gold_loss":0},{"damage_healed":0,"gold_gain":0,"player_choice":"Entered Light","damage_taken":13,"max_hp_gain":0,"max_hp_loss":0,"event_name":"Shining Light","floor":13,"gold_loss":0,"cards_upgraded":["Strike_P","Strike_P"]},{"damage_healed":0,"gold_gain":0,"player_choice":"Simplicity","damage_taken":0,"max_hp_gain":0,"max_hp_loss":0,"event_name":"Back to Basics","floor":19,"gold_loss":0,"cards_upgraded":["Strike_P","Defend_P","Defend_P","Defend_P","Defend_P"]},{"damage_healed":0,"gold_gain":0,"player_choice":"Fought Bandits","damage_taken":0,"max_hp_gain":0,"max_hp_loss":0,"event_name":"Masked Bandits","floor":21,"gold_loss":0}],"is_beta":false,"boss_relics":[{"not_picked":["Astrolabe","HolyWater"],"picked":"Sozu"}],"items_purged_floors":[],"is_endless":false,"potions_floor_spawned":[11,14,16,28],"killed_by":"Snecko","ascension_level":0}}