{"host":"yvb207ks1sg3cxef","time":1610645970,"event":{"mods":["2.2 Compatiblity","BaseMod","Bestiary","Colored Powertips","Minty Spire (QoL Compilation)","Permanent Neow","Quick Restart","Relic Stats","StSLib"],"gold_per_floor":[119,139,214,226,245,245,262,262,262,262,262,295,306,306,306],"floor_reached":14,"language":"ENG","playtime":423,"items_purged":[],"score":110,"play_id":"3f5aefae-eb18-41b6-b755-56aa6e58a73f","local_time":"20210114230930","is_ascension_mode":true,"campfire_choices":[{"data":"Zap","floor":6,"key":"SMITH"},{"data":"Sunder","floor":8,"key":"SMITH"},{"data":"Genetic Algorithm","floor":10,"key":"SMITH"}],"circlet_count":0,"master_deck":["Strike_B","Strike_B","Strike_B","Strike_B","Defend_B","Defend_B","Defend_B","Defend_B","Zap+1","Dualcast","The Bomb","Gash","Genetic Algorithm+1","Genetic Algorithm+1","Sunder+1","Electrodynamics","Chill"],"relics":["Cracked Core","Molten Egg 2"],"acts_visited":["Exordium"],"potions_floor_usage":[12,14,14],"damage_taken":[{"damage":5,"enemies":"Small Slimes","floor":1,"turns":4},{"damage":1,"enemies":"Cultist","floor":2,"turns":3},{"damage":1,"enemies":"2 Louse","floor":4,"turns":3},{"damage":17,"enemies":"Looter","floor":5,"turns":4},{"damage":20,"enemies":"Gremlin Gang","floor":7,"turns":3},{"damage":28,"enemies":"Gremlin Nob","floor":12,"turns":4},{"damage":1,"enemies":"Exordium Wildlife","floor":13,"turns":4},{"damage":18,"enemies":"Lagavulin","floor":14,"turns":4}],"seed_played":"-152592828170072909","potions_obtained":[{"floor":7,"key":"Regen Potion"},{"floor":12,"key":"PotionOfCapacity"},{"floor":13,"key":"Dexterity Potion"}],"is_trial":false,"path_per_floor":["M","M","?","M","M","R","M","R","T","R","?","E","M","E"],"character_chosen":"DEFECT","items_purchased":[],"campfire_rested":0,"item_purchase_floors":[],"current_hp_per_floor":[63,62,56,55,38,38,18,18,18,18,18,2,1,0,0],"gold":306,"neow_bonus":"RANDOM_COLORLESS_2","is_daily":false,"chose_seed":false,"campfire_upgraded":3,"win_rate":0.0,"timestamp":1610645970,"path_taken":["M","M","?","?","M","R","M","R","T","R","?","E","M","E"],"items_purchased_type":[],"build_version":"2020-12-22","purchased_purges":0,"victory":false,"max_hp_per_floor":[68,68,68,68,68,68,68,68,68,68,68,68,68,68,68],"relic_stats":{"counters":[8,29],"obtain_stats":[{"Molten Egg 2":12,"Cracked Core":0},{"Molten Egg 2":6,"Cracked Core":0},{"Molten Egg 2":21,"Cracked Core":0}]},"card_choices":[{"not_picked":["Transmutation","Violence"],"picked":"The Bomb","floor":0},{"not_picked":["Go for the Eyes","Coolheaded"],"picked":"Gash","floor":1},{"not_picked":["Hologram","Skim"],"picked":"Genetic Algorithm","floor":2},{"not_picked":["Stack","Reprogram"],"picked":"Genetic Algorithm","floor":4},{"not_picked":["Melter","Steam Power","Turbo"],"picked":"SKIP","floor":5},{"not_picked":["Rebound","Barrage"],"picked":"Sunder","floor":7},{"not_picked":["Static Discharge","Stack"],"picked":"Electrodynamics","floor":12},{"not_picked":["Barrage+1","Sweeping Beam+1"],"picked":"Chill","floor":13}],"player_experience":339080,"relics_obtained":[{"floor":12,"key":"Molten Egg 2"}],"event_choices":[{"damage_healed":0,"gold_gain":75,"player_choice":"Touch","damage_taken":6,"max_hp_gain":0,"max_hp_loss":0,"event_name":"FaceTrader","floor":3,"gold_loss":0},{"damage_healed":0,"gold_gain":0,"player_choice":"Grow","damage_taken":0,"max_hp_gain":0,"max_hp_loss":0,"event_name":"Living Wall","floor":11,"gold_loss":0,"cards_upgraded":["Genetic Algorithm"]}],"is_beta":false,"boss_relics":[],"items_purged_floors":[],"is_endless":false,"potions_floor_spawned":[7,12,13],"killed_by":"Lagavulin","ascension_level":4}}