{"host":"tnsigirk6wurdark","time":1610595166,"event":{"mods":["BaseMod","Colored Map","Colored Powertips","Highlight Path","Minty Spire (QoL Compilation)","Quick Restart","Relic Sorter","StSLib","Synergy Search"],"gold_per_floor":[112,122,122,39,39,71,71,71,95,95,105,130,141,7,7,78,78,90,104,122,122,122],"floor_reached":21,"language":"ENG","playtime":1547,"items_purged":[],"score":385,"play_id":"e806bc72-dbad-458f-be28-d4047c9dec28","local_time":"20210114033246","is_ascension_mode":true,"campfire_choices":[{"data":"Backflip","floor":8,"key":"SMITH"},{"data":"Cloak And Dagger","floor":10,"key":"SMITH"},{"floor":15,"key":"REST"}],"circlet_count":0,"master_deck":["AscendersBane","Strike_G","Strike_G","Strike_G","Strike_G","Defend_G","Defend_G","Defend_G","Defend_G","Defend_G","Survivor","Neutralize","Cloak And Dagger+1","Acrobatics","Backflip+1","Dodge and Roll","Dagger Throw","Escape Plan","Caltrops","PiercingWail","Caltrops","Bullet Time","Dagger Throw","Dodge and Roll","Backflip","Sucker Punch","Deadly Poison"],"relics":["Ring of the Snake","NeowsBlessing","Prayer Wheel","Omamori","Mummified Hand","Art of War","Lizard Tail","Busted Crown"],"acts_visited":["Exordium","TheCity"],"potions_floor_usage":[12,13,16,18],"damage_taken":[{"damage":0,"enemies":"Jaw Worm","floor":1,"turns":1},{"damage":0,"enemies":"Cultist","floor":2,"turns":1},{"damage":0,"enemies":"Lagavulin","floor":6,"turns":1},{"damage":0,"enemies":"2 Louse","floor":11,"turns":3},{"damage":44,"enemies":"Gremlin Nob","floor":12,"turns":5},{"damage":1,"enemies":"Large Slime","floor":13,"turns":7},{"damage":11,"enemies":"Hexaghost","floor":16,"turns":12},{"damage":16,"enemies":"Chosen","floor":18,"turns":7},{"damage":1,"enemies":"3 Byrds","floor":19,"turns":5},{"damage":29,"enemies":"Shelled Parasite and Fungi","floor":20,"turns":9},{"damage":58,"enemies":"Cultist and Chosen","floor":21,"turns":5}],"seed_played":"-6020170493174036844","potions_obtained":[{"floor":11,"key":"Swift Potion"},{"floor":12,"key":"GhostInAJar"},{"floor":16,"key":"BlessingOfTheForge"}],"is_trial":false,"path_per_floor":["M","M","?","$","?","E","?","R","T","R","M","E","M","$","R","B",null,"M","M","M","M"],"character_chosen":"THE_SILENT","items_purchased":["Acrobatics","Backflip","AttackPotion","Caltrops"],"campfire_rested":1,"item_purchase_floors":[4,4,14,14],"current_hp_per_floor":[59,59,59,59,52,52,47,47,47,47,47,3,2,2,21,10,52,36,35,6,0,0],"gold":122,"neow_bonus":"THREE_ENEMY_KILL","is_daily":false,"chose_seed":false,"campfire_upgraded":2,"win_rate":0.0,"timestamp":1610595166,"path_taken":["M","M","?","?","?","E","?","R","T","R","?","E","M","$","R","BOSS","M","M","M","M"],"items_purchased_type":["Card","Card","Potion","Card"],"build_version":"2020-12-22","purchased_purges":0,"victory":false,"max_hp_per_floor":[66,66,66,66,66,66,66,66,66,66,66,66,66,66,66,66,66,66,66,66,66,66],"card_choices":[{"not_picked":["Bane","Flechettes"],"picked":"Poisoned Stab","floor":1},{"not_picked":["Flechettes","Heel Hook"],"picked":"Cloak And Dagger","floor":2},{"not_picked":["Infinite Blades","Setup","Masterful Stab"],"picked":"SKIP","floor":6},{"not_picked":["Distraction","Blade Dance"],"picked":"Dodge and Roll","floor":11},{"not_picked":["Prepared","Flying Knee"],"picked":"Dagger Throw","floor":11},{"not_picked":["Cloak And Dagger","Reflex"],"picked":"Escape Plan","floor":12},{"not_picked":["Deflect","Flechettes"],"picked":"Caltrops","floor":13},{"not_picked":["Quick Slash","Flying Knee"],"picked":"PiercingWail","floor":13},{"not_picked":["Burst","Adrenaline"],"picked":"Bullet Time","floor":16},{"not_picked":[],"picked":"Dagger Throw","floor":18},{"not_picked":["Distraction"],"picked":"SKIP","floor":18},{"not_picked":[],"picked":"Dodge and Roll","floor":19},{"not_picked":[],"picked":"Backflip","floor":19},{"not_picked":[],"picked":"Sucker Punch","floor":20},{"not_picked":[],"picked":"Deadly Poison","floor":20}],"player_experience":730776,"relics_obtained":[{"floor":6,"key":"Omamori"},{"floor":9,"key":"Art of War"},{"floor":12,"key":"Lizard Tail"}],"event_choices":[{"cards_removed":["Poisoned Stab"],"damage_healed":0,"gold_gain":0,"player_choice":"Gave Card","damage_taken":0,"relics_obtained":["Prayer Wheel"],"max_hp_gain":0,"max_hp_loss":0,"event_name":"WeMeetAgain","floor":3,"gold_loss":0},{"cards_removed":["Strike_G"],"damage_healed":0,"gold_gain":0,"player_choice":"Card Removal","damage_taken":7,"max_hp_gain":0,"max_hp_loss":0,"event_name":"Golden Wing","floor":5,"gold_loss":0},{"damage_healed":0,"gold_gain":0,"player_choice":"Success","damage_taken":5,"relics_obtained":["Mummified Hand"],"max_hp_gain":0,"max_hp_loss":0,"event_name":"Scrap Ooze","floor":7,"gold_loss":0}],"is_beta":false,"boss_relics":[{"not_picked":["Runic Dome","Velvet Choker"],"picked":"Busted Crown"}],"items_purged_floors":[],"is_endless":false,"potions_floor_spawned":[11,12,16],"killed_by":"Cultist and Chosen","ascension_level":16}}