{"host":"qa029bqsloh3rj2z","time":1610615902,"event":{"mods":["AchievementEnabler","BaseMod","Colored Powertips","DeckTracker","Minty Spire (QoL Compilation)","Permanent Neow","Waifu the Spire"],"gold_per_floor":[216,291,216,234,78,78,78,78,124,138,153,153,183,197,197,297,297,284,184,203,78,78,78,78,78],"floor_reached":24,"language":"ENG","playtime":1292,"items_purged":["Strike_R","Strike_R","Strike_R"],"score":194,"play_id":"2e7ead73-6c5f-4b12-a3a9-0d1bd3d8aa70","local_time":"20210114041822","is_ascension_mode":false,"campfire_choices":[{"data":"Bash","floor":6,"key":"SMITH"},{"data":"Dropkick","floor":8,"key":"SMITH"},{"data":"Shrug It Off","floor":12,"key":"SMITH"},{"floor":15,"key":"REST"},{"floor":23,"key":"REST"}],"circlet_count":0,"master_deck":["Strike_R","Strike_R","Defend_R","Defend_R","Defend_R","Defend_R","Bash+1","Dropkick+1","Dropkick","Shrug It Off+1","Clash"],"relics":["Burning Blood","Orrery","Dream Catcher","Bird Faced Urn","SacredBark"],"acts_visited":["Exordium","TheCity"],"potions_floor_usage":[16,16,24,24],"damage_taken":[{"damage":6,"enemies":"Cultist","floor":1,"turns":3},{"damage":8,"enemies":"Jaw Worm","floor":4,"turns":3},{"damage":2,"enemies":"Small Slimes","floor":10,"turns":3},{"damage":5,"enemies":"Looter","floor":11,"turns":2},{"damage":15,"enemies":"Lagavulin","floor":13,"turns":5},{"damage":21,"enemies":"Exordium Thugs","floor":14,"turns":4},{"damage":48,"enemies":"Hexaghost","floor":16,"turns":11},{"damage":14,"enemies":"2 Thieves","floor":18,"turns":4},{"damage":51,"enemies":"Spheric Guardian","floor":20,"turns":8},{"damage":127,"enemies":"Book of Stabbing","floor":24,"turns":8}],"seed_played":"3666321043362150865","potions_obtained":[{"floor":1,"key":"SkillPotion"},{"floor":10,"key":"FairyPotion"},{"floor":13,"key":"Dexterity Potion"},{"floor":16,"key":"Swift Potion"},{"floor":20,"key":"Block Potion"}],"is_trial":false,"path_per_floor":["M","?","$","M","$","R","?","R","T","M","M","R","E","M","R","B",null,"M","$","M","$","?","R","E"],"character_chosen":"IRONCLAD","items_purchased":["Orrery"],"campfire_rested":2,"item_purchase_floors":[5],"current_hp_per_floor":[80,72,72,70,70,70,70,70,70,74,75,75,66,51,75,33,80,72,72,27,27,53,77,0,0],"gold":78,"neow_bonus":"HUNDRED_GOLD","is_daily":false,"chose_seed":false,"campfire_upgraded":3,"win_rate":0.0,"timestamp":1610615902,"path_taken":["M","?","$","?","$","R","?","R","T","M","M","R","E","?","R","BOSS","M","?","M","$","?","R","E"],"items_purchased_type":["Relic"],"build_version":"2020-12-22","purchased_purges":3,"victory":false,"max_hp_per_floor":[80,80,80,80,80,80,80,80,80,80,80,80,80,80,80,80,80,80,80,80,80,80,80,80,80],"card_choices":[{"not_picked":["Searing Blow","Shrug It Off"],"picked":"Dropkick","floor":1},{"not_picked":["Intimidate","Body Slam","Second Wind"],"picked":"SKIP","floor":4},{"not_picked":["Sword Boomerang","Clothesline"],"picked":"Dropkick","floor":5},{"not_picked":["Headbutt","Cleave","True Grit"],"picked":"SKIP","floor":10},{"not_picked":["Havoc","Seeing Red"],"picked":"Shrug It Off","floor":11},{"not_picked":["Pommel Strike","Body Slam","Fire Breathing"],"picked":"SKIP","floor":13},{"not_picked":["Havoc","Sword Boomerang","Inflame"],"picked":"SKIP","floor":14},{"not_picked":["Clothesline","Headbutt"],"picked":"Clash","floor":18},{"not_picked":["Dark Embrace+1","Rupture","Shrug It Off"],"picked":"SKIP","floor":20}],"player_experience":34329,"relics_obtained":[{"floor":9,"key":"Dream Catcher"},{"floor":13,"key":"Bird Faced Urn"}],"event_choices":[{"damage_healed":0,"gold_gain":75,"player_choice":"Touch","damage_taken":8,"max_hp_gain":0,"max_hp_loss":0,"event_name":"FaceTrader","floor":2,"gold_loss":0},{"damage_healed":0,"gold_gain":0,"player_choice":"Ignored","damage_taken":0,"max_hp_gain":0,"max_hp_loss":0,"event_name":"NoteForYourself","floor":7,"gold_loss":0},{"damage_healed":26,"gold_gain":0,"player_choice":"Heal","damage_taken":0,"max_hp_gain":0,"max_hp_loss":0,"event_name":"The Library","floor":22,"gold_loss":0}],"is_beta":false,"boss_relics":[{"not_picked":["Coffee Dripper","Snecko Eye"],"picked":"SacredBark"}],"items_purged_floors":[3,19,21],"is_endless":false,"potions_floor_spawned":[1,10,13,16,20],"killed_by":"Book of Stabbing","ascension_level":0}}