{"host":"s58r5yp46srrl8k0","time":1610659437,"event":{"mods":["BaseMod","BetterRewards","Colored Powertips","Energized Spire","Minty Spire (QoL Compilation)","Relic Stats","Replay The Spire","StSLib"],"gold_per_floor":[114,124,154,166,166,201,201,153,176,176,206,12,12,12],"floor_reached":13,"language":"ENG","playtime":528,"items_purged":["Strike_B"],"score":100,"play_id":"e2b10a5a-4dc9-4a2b-a803-437e10f55b96","local_time":"20210114162357","is_ascension_mode":true,"campfire_choices":[{"data":"Dualcast","floor":7,"key":"SMITH"},{"data":"Zap","floor":7,"key":"SMITH"},{"floor":10,"key":"REST"}],"circlet_count":0,"master_deck":["Strike_B","Strike_B","Defend_B","Defend_B","Defend_B","Defend_B","Zap+1","Dualcast+1","Coolheaded","Aggregate","Conserve Battery","Glacier","Genetic Algorithm+1","Redo","White Noise","FIFO Queue","ReplayGash+1"],"relics":["Cracked Core","NeowsBlessing","Replay:Arrowhead","Blue Doll","Lantern","Replay:Kaleidoscope"],"acts_visited":["Exordium"],"potions_floor_usage":[13],"damage_taken":[{"damage":0,"enemies":"Small Slimes","floor":1,"turns":1},{"damage":0,"enemies":"Jaw Worm","floor":2,"turns":1},{"damage":0,"enemies":"Cultist","floor":4,"turns":1},{"damage":66,"enemies":"Gremlin Nob","floor":6,"turns":6},{"damage":1,"enemies":"Replay:BlueRogue","floor":11,"turns":10},{"damage":36,"enemies":"Gremlin Nob","floor":13,"turns":4}],"seed_played":"1776888057350808567","potions_obtained":[{"floor":1,"key":"SpeedPotion"},{"floor":11,"key":"Swift Potion"}],"is_trial":false,"path_per_floor":["M","M","?","M","?","E","R","?","T","R","E","$","E"],"character_chosen":"DEFECT","items_purchased":["FIFO Queue","ReplayGash+1"],"campfire_rested":1,"item_purchase_floors":[12,12],"current_hp_per_floor":[75,75,75,75,75,9,9,9,9,31,30,30,0,0],"gold":12,"neow_bonus":"THREE_ENEMY_KILL","is_daily":false,"chose_seed":false,"campfire_upgraded":2,"win_rate":0.0,"timestamp":1610659437,"path_taken":["M","M","?","?","?","E","R","?","T","R","E","$","E"],"items_purchased_type":["Card","Card"],"build_version":"2020-12-22","purchased_purges":1,"victory":false,"max_hp_per_floor":[75,75,75,75,75,75,75,75,75,75,75,75,75,75],"relic_stats":{"counters":[6,23],"obtain_stats":[{"Lantern":9,"NeowsBlessing":0,"Blue Doll":6,"Replay:Kaleidoscope":11,"Cracked Core":0,"Replay:Arrowhead":3},{"Lantern":4,"NeowsBlessing":0,"Blue Doll":4,"Replay:Kaleidoscope":5,"Cracked Core":0,"Replay:Arrowhead":2},{"Lantern":9,"NeowsBlessing":0,"Blue Doll":9,"Replay:Kaleidoscope":19,"Cracked Core":0,"Replay:Arrowhead":2}]},"card_choices":[{"not_picked":["BootSequence","Auto Shields"],"picked":"Coolheaded","floor":1},{"not_picked":["Panic Button","ReplayTheSpireMod:System Scan"],"picked":"Aggregate","floor":2},{"not_picked":["Barrage","BasicCrystalCard"],"picked":"Conserve Battery","floor":3},{"not_picked":["Stack","Coolheaded"],"picked":"Glacier","floor":4},{"not_picked":["Compile Driver","Rebound"],"picked":"Redo","floor":6},{"not_picked":["ReplayTheSpireMod:System Scan","Rebound"],"picked":"White Noise","floor":11}],"player_experience":312023,"relics_obtained":[{"floor":3,"key":"Replay:Arrowhead"},{"floor":6,"key":"Blue Doll"},{"floor":9,"key":"Lantern"},{"floor":11,"key":"Replay:Kaleidoscope"}],"event_choices":[{"damage_healed":0,"gold_gain":0,"player_choice":"Left Gold","damage_taken":0,"max_hp_gain":0,"max_hp_loss":0,"event_name":"World of Goop","floor":8,"gold_loss":48}],"is_beta":false,"boss_relics":[],"items_purged_floors":[12],"is_endless":false,"potions_floor_spawned":[1,11],"killed_by":"Gremlin Nob","ascension_level":2}}