{"host":"mitik7wjjpoqy3i6","time":1610638721,"event":{"mods":["AchievementEnabler","AlwaysNeverKeys","Aspiration","BaseMod","BetterRewards","Conspire","Custom Start","Dota2Spire","Evolution","Force Act Four","Gold Saver","Hubris","Hyrulean Relics","Minty Spire (QoL Compilation)","Rare Cards Sparkle","Remove Card Discount Mod","Replay The Spire","SacredBarkPlus","Small Relic Pack","Spicy Shops","StSLib","The Animator","The Sage","Trackpad","Transform Curses","Treasure Hunter","??????REMEMod"],"gold_per_floor":[2015,1975,1556,1594,1769,1820,1820,1860,1860,1913,1925,1205,1237,1299,1299,1453,1453,1464,1464,1054,1068,167,167,224,251,263,275,319,331,343,355,367,591,603,630,653,429,429,231,231,298,313,313,413,413,450,450,468,468,498],"floor_reached":51,"language":"ENG","playtime":3125,"items_purged":["Injury","Doubt","Decay","Normality"],"score":1454,"play_id":"fa95775d-80a8-471f-be67-c2120f7f2c12","local_time":"20210114163841","is_ascension_mode":true,"campfire_choices":[{"floor":7,"key":"REST"},{"data":"REME_WheelOfFate","floor":15,"key":"SMITH"},{"floor":23,"key":"RECALL"},{"data":"Reflex","floor":27,"key":"SMITH"},{"data":"Calculated Gamble","floor":40,"key":"SMITH"},{"data":"Adrenaline","floor":45,"key":"SMITH"},{"data":"Calculated Gamble","floor":49,"key":"SMITH"}],"circlet_count":0,"master_deck":["Strike_G+1","Strike_G+1","Strike_G","Strike_G+1","Strike_G","Defend_G","Defend_G","Defend_G","Defend_G","Defend_G","Survivor","Neutralize","REME_ShadowStrike+1","Calculated Gamble+1","Infinite Blades","hubris:Sniper","Accuracy","HandOfGreed","Skewer","Backflip+1","ReplayTheSpireMod:Scrap Shanks","TH:CursedSword","Reflex+1","Concentrate","TH:CursedSword","TH:CursedSword","Predator","Infinite Blades","Dodge and Roll","REME_WheelOfFate+1","Concentrate","TH:CopperCoins","Envenom","Acrobatics","Flash of Steel","Prepared","hubris:TrickCloak","Poisoned Strike","Dagger Throw","TH:CopperCoins","Reflex","TH:CopperCoins","TH:PixieDust","Slice","TH:Mimic","TH:CopperCoins","Storm of Steel","hubris:SlightOfHand+1","Calculated Gamble+1","Reflex","TH:EnergyPotion","Bullet Time","Choke+1","hubris:DuctTapeCard","TH:DeckOfManyThings","Adrenaline+1","Acrobatics","Noxious Fumes+1"],"relics":["Ring of the Snake","EVO:Axolotl","REME_ComplimentaryCards","conspire:InfiniteJournal","hubris:64BitClover","ReplayTheSpireMod:CursedCoin","REME_CardOfGreed","Membership Card","Dota2Spire:EchoSabre","Dota2Spire:PowerTreads","Basket Of Snakes","Meat on the Bone","Dota2Spire:HandOfMidas","Dota2Spire:ShivaGuard","Gremlin Food","hubris:OldNail","Guide Book","Lantern","Mummified Hand","trackpad:ByrdBGone","Tiny Chest","Frozen Eye","Question Card","Snack Pack","SlaversCollar","Bag of Preparation","CaptainsWheel","trackpad:BiPhaseBiplane","Gambling Chip","Potion Belt","relicPack:WeightedSword","Dota2Spire:Dagon","Whetstone","Iron Hammer","aspiration:FrozenJewel","aspiration:VileToxins","MawBank","Bottled Lightning","aspiration:ArtOfWarUpgrade","Quantum Egg","hubris:Backtick","trackpad:PocketGalaxy","sagemod:The_Guidebook_Guide","Gremlin Horn","Dota2Spire:AghanimScepter","aspiration:Nostalgia","animator:TheMissingPiece","hubris:SphereOfDissonance","hubris:DuctTape","hubris:DisguiseKit","Dota2Spire:MaskOfMadness"],"acts_visited":["TheCity","TheBeyond"],"potions_floor_usage":[8,16,18,33,33],"damage_taken":[{"damage":6,"enemies":"conspire:RoseBush","floor":1,"turns":3},{"damage":0,"enemies":"Jaw Worm","floor":4,"turns":2},{"damage":0,"enemies":"Replay:BlueRogue","floor":6,"turns":2},{"damage":0,"enemies":"2 Louse","floor":8,"turns":1},{"damage":2,"enemies":"conspire:2 RoseBushes","floor":11,"turns":2},{"damage":0,"enemies":"Exordium Thugs","floor":13,"turns":2},{"damage":4,"enemies":"Hexaghost","floor":16,"turns":3},{"damage":10,"enemies":"conspire:FuzzyDice","floor":18,"turns":3},{"damage":0,"enemies":"3 Byrds","floor":21,"turns":1},{"damage":5,"enemies":"Replay:Snechameleon","floor":24,"turns":2},{"damage":0,"enemies":"Centurion and Healer","floor":25,"turns":1},{"damage":0,"enemies":"REME_1_Revenger","floor":28,"turns":1},{"damage":22,"enemies":"Pondfish","floor":33,"turns":3},{"damage":1,"enemies":"3 Darklings","floor":35,"turns":1},{"damage":12,"enemies":"3 Shapes","floor":36,"turns":1},{"damage":4,"enemies":"R_Hoarder","floor":41,"turns":3},{"damage":0,"enemies":"Sphere and 2 Shapes","floor":42,"turns":1},{"damage":0,"enemies":"3 Darklings","floor":44,"turns":1},{"damage":0,"enemies":"Giant Head","floor":46,"turns":1},{"damage":0,"enemies":"Maw","floor":48,"turns":1},{"damage":0,"enemies":"hubris:GrandSnecko","floor":50,"turns":1}],"seed_played":"-766289087631198374","potions_obtained":[{"floor":2,"key":"Energy Potion"},{"floor":2,"key":"Dota2Spire:HealingSalve"},{"floor":4,"key":"DuplicationPotion"},{"floor":13,"key":"Fire Potion"},{"floor":16,"key":"Strength Potion"},{"floor":18,"key":"EssenceOfSteel"},{"floor":25,"key":"Weak Potion"},{"floor":36,"key":"EssenceOfSteel"},{"floor":41,"key":"PowerPotion"},{"floor":46,"key":"Poison Potion"},{"floor":48,"key":"PowerPotion"}],"is_trial":false,"path_per_floor":["M","?","$","M","?","E","R","M","T","T","M","$","M","?","R","B",null,"M","?","$","M","$","R","E","M","T","R","E","T","R","?","R","B",null,"M","M","$","?","$","R","E","M","T","M","R","E","?","M","R","B",null],"character_chosen":"THE_SILENT","items_purchased":["conspire:InfiniteJournal","hubris:64BitClover","ReplayTheSpireMod:CursedCoin","REME_CardOfGreed","REME_ShadowStrike","Calculated Gamble","Membership Card","Dota2Spire:EchoSabre","Dota2Spire:PowerTreads","Basket Of Snakes","Meat on the Bone","Dota2Spire:HandOfMidas","Dota2Spire:ShivaGuard","Gremlin Food","Calculated Gamble","hubris:OldNail","Guide Book","hubris:Sniper","Accuracy","HandOfGreed","Skewer","Backflip+1","trackpad:ByrdBGone","Tiny Chest","Frozen Eye","Question Card","Snack Pack","Infinite Blades","Dodge and Roll","REME_WheelOfFate","CaptainsWheel","Flash of Steel","Prepared","trackpad:BiPhaseBiplane","Gambling Chip","Potion Belt","relicPack:WeightedSword","Dota2Spire:Dagon","Whetstone","Iron Hammer","aspiration:FrozenJewel","Poisoned Strike","Dagger Throw","sagemod:The_Guidebook_Guide","Gremlin Horn","Reflex","Dota2Spire:AghanimScepter","aspiration:Nostalgia"],"campfire_rested":1,"item_purchase_floors":[0,0,0,0,0,0,0,0,0,0,0,0,0,0,0,3,3,3,3,3,3,3,12,12,12,12,12,12,12,12,20,20,20,20,20,20,20,22,22,22,22,22,22,37,37,37,39,39],"current_hp_per_floor":[34,34,34,46,46,46,67,67,67,67,65,65,65,65,65,70,70,64,64,64,68,68,68,70,70,70,70,70,70,70,70,70,54,70,70,62,62,62,62,62,66,68,68,70,70,70,70,70,70,70],"gold":498,"neow_bonus":"","is_daily":false,"chose_seed":false,"campfire_upgraded":5,"win_rate":0.0,"timestamp":1610638721,"path_taken":["M","?","?","M","?","E","R","?","T","?","M","?","M","?","R","BOSS","M","?","$","M","$","R","E","?","T","R","E","?","R","?","R","BOSS","M","M","$","?","$","R","E","M","T","M","R","E","?","M","R","BOSS"],"items_purchased_type":["Relic","Relic","Relic","Relic","Card","Card","Relic","Relic","Relic","Relic","Relic","Relic","Relic","Relic","Card","Relic","Relic","Card","Card","Card","Card","Card","Relic","Relic","Relic","Relic","Relic","Card","Card","Card","Relic","Card","Card","Relic","Relic","Relic","Relic","Relic","Relic","Relic","Relic","Card","Card","Relic","Relic","Card","Relic","Relic"],"build_version":"2020-12-22","purchased_purges":4,"victory":true,"max_hp_per_floor":[70,70,70,70,70,70,70,70,70,70,70,70,70,70,70,70,70,70,70,70,70,70,70,70,70,70,70,70,70,70,70,70,70,70,70,70,70,70,70,70,70,70,70,70,70,70,70,70,70,70],"card_choices":[{"not_picked":["PiercingWail","Deadly Poison"],"picked":"Infinite Blades","floor":1},{"not_picked":["Acrobatics","Caltrops"],"picked":"ReplayTheSpireMod:Scrap Shanks","floor":4},{"not_picked":["TH:BikiniMail"],"picked":"TH:CursedSword","floor":6},{"not_picked":["REME_CopyPotion","Skewer"],"picked":"Reflex","floor":6},{"not_picked":["Dagger Spray","Hidden Blade"],"picked":"Concentrate","floor":8},{"not_picked":["TH:TreasureMap"],"picked":"TH:CursedSword","floor":9},{"not_picked":["TH:ElvenBoots"],"picked":"TH:CursedSword","floor":10},{"not_picked":["Expertise","Bane"],"picked":"Predator","floor":11},{"not_picked":["Blade Dance","Heel Hook","Sucker Punch"],"picked":"Concentrate","floor":13},{"not_picked":["TH:PixieDust","TH:ElvenBoots"],"picked":"TH:CopperCoins","floor":16},{"not_picked":["Wraith Form v2","Unload","Venomology"],"picked":"Envenom","floor":16},{"not_picked":["Dagger Spray","Quick Slash","Deflect"],"picked":"Acrobatics","floor":18},{"not_picked":["Outmaneuver","Deflect+1","Heel Hook"],"picked":"hubris:TrickCloak","floor":21},{"not_picked":["TH:EnergyPotion","TH:BikiniMail"],"picked":"TH:CopperCoins","floor":24},{"not_picked":["Hidden Blade","PiercingWail","Quick Slash"],"picked":"REME_GreenPollution+1","floor":24},{"not_picked":["Hidden Blade","Outmaneuver","REME_GreenPollution"],"picked":"Reflex","floor":25},{"not_picked":["TH:BikiniMail","TH:Mimic"],"picked":"TH:CopperCoins","floor":26},{"not_picked":["TH:ArmorSpikes","TH:ElvenBoots"],"picked":"TH:PixieDust","floor":28},{"not_picked":["Deadly Poison+1","REME_LeechingPoison","Outmaneuver"],"picked":"Slice","floor":28},{"not_picked":["TH:DeckOfManyThings","TH:BikiniMail"],"picked":"TH:Mimic","floor":29},{"not_picked":["TH:ElvenBoots","TH:TreasureMap"],"picked":"TH:CopperCoins","floor":33},{"not_picked":["Phantasmal Killer","Atom Bomb","REME_CopyPotion"],"picked":"Storm of Steel","floor":33},{"not_picked":["PiercingWail+1","Flying Knee+1","Cloak And Dagger"],"picked":"hubris:SlightOfHand+1","floor":35},{"not_picked":["PiercingWail+1","Blade Dance+1","Sucker Punch+1"],"picked":"Calculated Gamble","floor":36},{"not_picked":["TH:DeckOfManyThings","TH:CursedSword"],"picked":"TH:EnergyPotion","floor":41},{"not_picked":["Terror+1","All Out Attack","Bouncing Flask+1"],"picked":"Bullet Time","floor":41},{"not_picked":["PiercingWail+1","Dash+1","Slice+1"],"picked":"Choke+1","floor":42},{"not_picked":["TH:ElvenBoots","TH:PixieDust"],"picked":"TH:DeckOfManyThings","floor":43},{"not_picked":["Draining Mist+1","Tactician","Underhanded Strike"],"picked":"Adrenaline","floor":44},{"not_picked":["Dodge and Roll+1","REME_ShadowStrike+1","Blade Dance"],"picked":"Acrobatics","floor":46},{"not_picked":["hubris:Sniper+1","Catalyst","ReplayTheSpireMod:Tripwire","Tempest"],"picked":"Noxious Fumes+1","floor":48}],"player_experience":202413,"relics_obtained":[{"floor":6,"key":"Lantern"},{"floor":9,"key":"Mummified Hand"},{"floor":18,"key":"Bag of Preparation"},{"floor":24,"key":"MawBank"},{"floor":26,"key":"Bottled Lightning"},{"floor":28,"key":"Art of War"},{"floor":29,"key":"Quantum Egg"},{"floor":41,"key":"hubris:SphereOfDissonance"},{"floor":43,"key":"hubris:DuctTape"},{"floor":46,"key":"hubris:DisguiseKit"}],"event_choices":[{"damage_healed":0,"gold_gain":0,"player_choice":"Bought 3 Potions","damage_taken":0,"max_hp_gain":0,"max_hp_loss":0,"event_name":"The Woman in Blue","floor":2,"gold_loss":0},{"damage_healed":0,"gold_gain":175,"player_choice":"AGREE","damage_taken":0,"max_hp_gain":0,"max_hp_loss":0,"event_name":"Liars Game","floor":5,"gold_loss":0,"cards_obtained":["Doubt"]},{"damage_healed":0,"gold_gain":62,"player_choice":"Gained Gold","damage_taken":0,"max_hp_gain":0,"max_hp_loss":0,"event_name":"Golden Wing","floor":14,"gold_loss":0},{"damage_healed":0,"gold_gain":0,"player_choice":"Cursed","damage_taken":0,"max_hp_gain":0,"max_hp_loss":0,"event_name":"Wheel of Change","floor":19,"gold_loss":0,"cards_obtained":["Decay"]},{"damage_healed":0,"gold_gain":0,"player_choice":"Ignored","damage_taken":0,"max_hp_gain":0,"max_hp_loss":0,"event_name":"Tomb of Lord Red Mask","floor":38,"gold_loss":0}],"is_beta":false,"boss_relics":[{"not_picked":["aspiration:RunicSpoon","ReplayTheSpireMod:DimensionalGlitch"],"picked":"SlaversCollar"},{"not_picked":["aspiration:FutureDiary","relicPack:StarArrow"],"picked":"hubris:Backtick"}],"items_purged_floors":[0,12,20,20],"is_endless":false,"potions_floor_spawned":[4,13,16,18,25,36,41,46,48],"ascension_level":4}}