{"host":"tom9euzqew4po1rs","time":1610627361,"event":{"mods":["BaseMod","Curses Come First","Downfall","Minty Spire (QoL Compilation)","Quick Restart","Rare Cards Sparkle","Replay The Spire","StSLib","The Cursed"],"gold_per_floor":[113,6,16,16,291,321,321,356,426,21,39,55,81,1,1,105,105,120,17,17,17,27,55,55,65,136,136,147,18,45,62,62,163,163,180,200,4,19,119,119,132,157,157,169,169,200,215,42,42,42,42,42,4,29,29,29],"floor_reached":55,"language":"ENG","playtime":3516,"items_purged":["Regret","Replay:Hysterical Blindness","TheCursedMod:Dregs","Clumsy"],"score":951,"play_id":"f7b96825-20e8-4983-8111-a70e6fe49940","local_time":"20210114072921","is_ascension_mode":true,"campfire_choices":[{"floor":7,"key":"REST"},{"floor":15,"key":"REST"},{"floor":24,"key":"RECALL"},{"data":"Amplify","floor":27,"key":"SMITH"},{"data":"Creative AI","floor":27,"key":"SMITH"},{"data":"Double Energy","floor":32,"key":"SMITH"},{"data":"Storm","floor":32,"key":"SMITH"},{"data":"Reboot","floor":40,"key":"SMITH"},{"data":"Pot Of Greed","floor":40,"key":"SMITH"},{"data":"Pot Of Greed","floor":45,"key":"SMITH"},{"data":"Pot Of Greed","floor":45,"key":"SMITH"},{"floor":49,"key":"REST"},{"data":"Thunder Strike","floor":52,"key":"SMITH"},{"data":"Time Bomb","floor":52,"key":"SMITH"}],"circlet_count":0,"master_deck":["Strike_B+1","Strike_B+1","Strike_B+1","Strike_B+1","Defend_B+1","Defend_B+1","Defend_B+1","Defend_B+1","Zap","Dualcast","Lockon","Hello World","Darkness","Ball Lightning","Amplify+1","Static Discharge","Force Field+1","Gash","Conserve Battery","Force Field","Storm+1","Go for the Eyes","Creative AI+1","Panic Button","Stack","Self Repair","Reboot+1","Pot Of Greed+1","Pot Of Greed+1","Pot Of Greed+1","Stack","Time Bomb+1","ReplaySolidLightProjector+1","Double Energy+1","Thunder Strike+1","FIFO Queue+1","Echo Form+1","Beam Cell","Panic Button","Creative AI+1","Hello World+1","Compile Driver+1","Gash+1","Defragment+1","Buffer+1","Capacitor+1","Loop+1","Go for the Eyes","Capacitor+1","Pot Of Greed","ReplaySort"],"relics":["Cracked Core","Smiling Mask","Geode","Replay:Towering Pillar of Hats","Bottled Lightning","Thread and Needle","Centennial Puzzle","Replay:Ancient Bell","Replay:Rubber Ducky","Replay:Bottled Steam","Replay:Arrowhead","Grinning Jar","Mercury Hourglass","Frozen Egg 2","SlaversCollar","Replay:Mystery Machine","Calipers","White Beast Statue","Replay:Wax Seal","Bag of Marbles"],"acts_visited":["Exordium","TheCity","TheBeyond","TheEnding"],"potions_floor_usage":[8,8,13,28,35,38,50,55],"damage_taken":[{"damage":1,"enemies":"Cultist","floor":1,"turns":3},{"damage":5,"enemies":"Small Slimes","floor":3,"turns":4},{"damage":28,"enemies":"Gremlin Nob","floor":6,"turns":4},{"damage":33,"enemies":"Lagavulin","floor":8,"turns":4},{"damage":2,"enemies":"2 Louse","floor":11,"turns":2},{"damage":3,"enemies":"Blue Slaver","floor":12,"turns":3},{"damage":16,"enemies":"Gremlin Nob","floor":13,"turns":3},{"damage":4,"enemies":"The Guardian","floor":16,"turns":7},{"damage":8,"enemies":"Spheric Guardian","floor":18,"turns":5},{"damage":2,"enemies":"Shell Parasite","floor":22,"turns":6},{"damage":0,"enemies":"Book of Stabbing","floor":23,"turns":6},{"damage":8,"enemies":"Snake Plant","floor":25,"turns":4},{"damage":0,"enemies":"Chosen and Byrds","floor":28,"turns":5},{"damage":0,"enemies":"Replay:Snechameleon","floor":30,"turns":6},{"damage":15,"enemies":"Cultist and Chosen","floor":31,"turns":8},{"damage":28,"enemies":"Collector","floor":33,"turns":6},{"damage":2,"enemies":"3 Darklings","floor":35,"turns":4},{"damage":2,"enemies":"Orb Walker","floor":36,"turns":6},{"damage":35,"enemies":"Transient","floor":38,"turns":5},{"damage":0,"enemies":"Sphere and 2 Shapes","floor":41,"turns":4},{"damage":0,"enemies":"Giant Head","floor":42,"turns":7},{"damage":22,"enemies":"Jaw Worm Horde","floor":44,"turns":3},{"damage":23,"enemies":"Reptomancer","floor":46,"turns":3},{"damage":9,"enemies":"3 Darklings","floor":47,"turns":4},{"damage":31,"enemies":"Awakened One","floor":50,"turns":6},{"damage":28,"enemies":"Shield and Spear","floor":54,"turns":4},{"damage":69,"enemies":"The Heart","floor":55,"turns":3}],"seed_played":"8722569325112732509","potions_obtained":[{"floor":1,"key":"SkillPotion"},{"floor":6,"key":"Toxic Potion"},{"floor":11,"key":"Milkshake"},{"floor":16,"key":"Elixir"},{"floor":22,"key":"sneckomod:MuddlingPotion"},{"floor":25,"key":"ColorlessPotion"},{"floor":35,"key":"SteroidPotion"},{"floor":36,"key":"BlessingOfTheForge"},{"floor":41,"key":"SteroidPotion"},{"floor":47,"key":"SkillPotion"},{"floor":54,"key":"Energy Potion"}],"is_trial":false,"path_per_floor":["M","$","M","T","?","E","R","E","T","$","M","M","E","$","R","B",null,"M","$","?","?","M","E","R","M","T","R","M","$","E","M","R","B",null,"M","M","$","M","?","R","M","E","T","M","R","E","M","$","R","B",null,"R","$","E","B"],"character_chosen":"DEFECT","items_purchased":["Hello World","Darkness","Thread and Needle","Force Field+1","Storm","Go for the Eyes","Stack","Double Energy","Creative AI+1","Replay:Wax Seal","Loop+1","Go for the Eyes","Capacitor+1"],"campfire_rested":3,"item_purchase_floors":[2,2,10,10,14,14,19,29,37,48,48,48,53],"current_hp_per_floor":[74,74,69,69,69,41,63,30,30,30,28,25,9,9,31,27,75,67,67,67,67,72,75,75,74,74,74,75,75,75,67,67,39,75,75,75,75,47,47,47,61,68,68,46,46,23,21,21,43,12,75,75,75,47,0,0],"gold":29,"neow_bonus":"RANDOM_COMMON_RELIC","is_daily":false,"chose_seed":false,"campfire_upgraded":10,"win_rate":0.0,"timestamp":1610627361,"path_taken":["M","$","M","?","?","E","R","E","T","$","?","M","E","$","R","BOSS","M","$","?","?","M","E","R","M","T","R","M","$","E","M","R","BOSS","M","M","$","M","?","R","M","E","T","?","R","E","M","?","R","BOSS","R","$","E","BOSS"],"items_purchased_type":["Card","Card","Relic","Card","Card","Card","Card","Card","Card","Relic","Card","Card","Card"],"build_version":"2020-12-22","purchased_purges":4,"victory":false,"max_hp_per_floor":[75,75,75,75,75,75,75,75,75,75,75,75,75,75,75,75,75,75,75,75,75,75,75,75,75,75,75,75,75,75,75,75,75,75,75,75,75,75,75,75,75,75,75,75,75,75,75,75,75,75,75,75,75,75,75,75],"card_choices":[{"not_picked":["Blizzard","Turbo"],"picked":"Lockon","floor":1},{"not_picked":["Coolheaded","Go for the Eyes"],"picked":"Ball Lightning","floor":3},{"not_picked":["Streamline","Turbo"],"picked":"Amplify","floor":6},{"not_picked":["Sunder","Streamline"],"picked":"Static Discharge","floor":8},{"not_picked":["Tempest","Ball Lightning"],"picked":"Gash","floor":11},{"not_picked":["BasicCrystalCard","Rip and Tear"],"picked":"Conserve Battery","floor":12},{"not_picked":["Hologram","ReplayTheSpireMod:GoodbyeWorld"],"picked":"Force Field","floor":13},{"not_picked":["Hyperbeam","ReplayTheSpireMod:Omega Cannon"],"picked":"Creative AI","floor":16},{"not_picked":["Overencumbered","Decay"],"picked":"TheCursedMod:Dregs","floor":17},{"not_picked":["CommonCold","sneckomod:Bewildered"],"picked":"Clumsy","floor":17},{"not_picked":["hexamod:Haunted","ReplayTheSpireMod:Restless Dread"],"picked":"Replay:Hysterical Blindness","floor":17},{"not_picked":["Stack","Hologram+1"],"picked":"Panic Button","floor":18},{"not_picked":["Barrage+1","Ball Lightning+1"],"picked":"Reboot","floor":22},{"not_picked":["ReplaySolidLightProjector","BasicCrystalCard+1"],"picked":"Stack","floor":23},{"not_picked":["Ball Lightning","Barrage+1"],"picked":"Time Bomb","floor":25},{"not_picked":["Hologram+1","Leap"],"picked":"ReplaySolidLightProjector+1","floor":28},{"not_picked":["ReplayTheSpireMod:System Scan","Reinforced Body"],"picked":"Thunder Strike","floor":30},{"not_picked":["Barrage","Coolheaded+1"],"picked":"FIFO Queue+1","floor":31},{"not_picked":["All For One","Buffer+1"],"picked":"Echo Form+1","floor":33},{"not_picked":["Barrage","Redo"],"picked":"Beam Cell","floor":35},{"not_picked":["Coolheaded","Streamline"],"picked":"Panic Button","floor":36},{"not_picked":["Hologram+1","Steam+1"],"picked":"Hello World+1","floor":38},{"not_picked":["Chaos+1","Barrage+1"],"picked":"Compile Driver+1","floor":41},{"not_picked":["Ball Lightning+1","Stack+1"],"picked":"Gash+1","floor":42},{"not_picked":["Redo","Darkness+1"],"picked":"Defragment+1","floor":44},{"not_picked":["Darkness+1","Sweeping Beam"],"picked":"Buffer+1","floor":46},{"not_picked":["Stack","Beam Cell+1"],"picked":"Capacitor+1","floor":47},{"not_picked":["BasicCrystalCard","Turbo"],"picked":"ReplaySort","floor":54}],"player_experience":120368,"relics_obtained":[{"floor":6,"key":"Geode"},{"floor":8,"key":"Replay:Towering Pillar of Hats"},{"floor":9,"key":"Bottled Lightning"},{"floor":13,"key":"Centennial Puzzle"},{"floor":23,"key":"Grinning Jar"},{"floor":26,"key":"Mercury Hourglass"},{"floor":30,"key":"Frozen Egg 2"},{"floor":42,"key":"Replay:Mystery Machine"},{"floor":43,"key":"Calipers"},{"floor":46,"key":"White Beast Statue"},{"floor":54,"key":"Bag of Marbles"}],"event_choices":[{"damage_healed":0,"gold_gain":275,"player_choice":"Desecrate","damage_taken":0,"max_hp_gain":0,"max_hp_loss":0,"event_name":"Golden Shrine","floor":5,"gold_loss":0,"cards_obtained":["Regret"]},{"damage_healed":0,"gold_gain":0,"player_choice":"Read","damage_taken":0,"max_hp_gain":0,"max_hp_loss":0,"event_name":"The Library","floor":20,"gold_loss":0,"cards_obtained":["Self Repair"]},{"damage_healed":0,"gold_gain":0,"player_choice":"Simplicity","damage_taken":0,"max_hp_gain":0,"max_hp_loss":0,"event_name":"Back to Basics","floor":21,"gold_loss":0,"cards_upgraded":["Strike_B","Strike_B","Strike_B","Strike_B","Defend_B","Defend_B","Defend_B","Defend_B"]},{"damage_healed":0,"gold_gain":100,"player_choice":"Pray","damage_taken":0,"max_hp_gain":0,"max_hp_loss":0,"event_name":"Golden Shrine","floor":39,"gold_loss":0}],"is_beta":false,"boss_relics":[{"not_picked":["ReplayTheSpireMod:DimensionalGlitch","Kintsugi"],"picked":"Replay:Ancient Bell"},{"not_picked":["Ancient Tea Set","PreservedInsect"],"picked":"Replay:Rubber Ducky"},{"not_picked":["Replay:Bottled Flurry","HornCleat"],"picked":"Replay:Bottled Steam"},{"not_picked":["Mango","Counterbalance"],"picked":"Replay:Arrowhead"},{"not_picked":["Tiny House","Astrolabe"],"picked":"SlaversCollar"}],"items_purged_floors":[10,19,29,37],"is_endless":false,"potions_floor_spawned":[1,6,11,16,22,25,35,36,41,47,54],"killed_by":"The Heart","ascension_level":1}}