{"host":"ibckqdmmf9y74ymf","time":1610641152,"event":{"mods":["2.2 Compatiblity","Act Like it!","BaseMod","Minty Spire (QoL Compilation)","Quick Restart","Rare Cards Sparkle"],"gold_per_floor":[115,134,59,59,33,72,72,110,110,144,144,169,212,212,212,302,302,323,323,18,18,41,72,72,105,105,125,125,160,207,13,13,109,109,128,187,211,232,250,250,265,300,351,387,410,449,470,510,510,510,510,510,510,10,41,41],"floor_reached":57,"language":"ENG","playtime":4206,"items_purged":["Strike_P+1","Strike_P+1"],"score":3429,"play_id":"f9e7da3c-d422-416b-be1f-a7493d04e8c9","local_time":"20210114171912","is_ascension_mode":true,"campfire_choices":[{"data":"BowlingBash","floor":7.0,"key":"SMITH"},{"data":"CutThroughFate","floor":11.0,"key":"SMITH"},{"data":"WheelKick","floor":15.0,"key":"SMITH"},{"floor":24.0,"key":"REST"},{"floor":28.0,"key":"DIG"},{"floor":32.0,"key":"DIG"},{"floor":40.0,"key":"REST"},{"floor":49.0,"key":"RECALL"},{"floor":53.0,"key":"DIG"}],"circlet_count":0,"master_deck":["AscendersBane","Strike_P+1","Defend_P+1","Defend_P+1","Defend_P+1","Defend_P+1","Eruption","Vigilance+1","SandsOfTime","WheelKick+1","Halt+1","BowlingBash+1","CutThroughFate+1","WheelKick+1","ClearTheMind+1","Blasphemy+1","Vengeance+1","Omniscience+1","EmptyBody+1","MentalFortress+1","MentalFortress+1","MentalFortress+1","Vault+1","CutThroughFate+1","ClearTheMind+1","EmptyMind+1","Finesse+1","Meditate+1"],"relics":["PureWater","NeowsBlessing","Golden Idol","Torii","StrikeDummy","CaptainsWheel","Toxic Egg 2","Tiny Chest","Fusion Hammer","Nilry\u0027s Codex","Membership Card","Frozen Egg 2","Orichalcum","Happy Flower","Toy Ornithopter","Shovel","MawBank","Vajra","Oddly Smooth Stone","Lee\u0027s Waffle","War Paint","Black Star","WingedGreaves","TungstenRod","Incense Burner","Art of War","Sundial","Meat on the Bone","Blood Vial","CeramicFish","Bronze Scales","Mercury Hourglass","Akabeko","Letter Opener","Calipers","TeardropLocket","Melange","Du-Vu Doll","Pantograph"],"acts_visited":["Exordium","TheCity","TheBeyond","TheEnding"],"potions_floor_usage":[56],"damage_taken":[{"damage":0.0,"enemies":"Cultist","floor":1.0,"turns":1.0},{"damage":0.0,"enemies":"Small Slimes","floor":2.0,"turns":1.0},{"damage":0.0,"enemies":"Gremlin Nob","floor":6.0,"turns":1.0},{"damage":15.0,"enemies":"Lagavulin","floor":8.0,"turns":4.0},{"damage":10.0,"enemies":"Gremlin Nob","floor":10.0,"turns":3.0},{"damage":0.0,"enemies":"2 Louse","floor":12.0,"turns":2.0},{"damage":3.0,"enemies":"3 Sentries","floor":13.0,"turns":6.0},{"damage":0.0,"enemies":"Slime Boss","floor":16.0,"turns":3.0},{"damage":0.0,"enemies":"Spheric Guardian","floor":18.0,"turns":2.0},{"damage":15.0,"enemies":"Slavers","floor":23.0,"turns":2.0},{"damage":0.0,"enemies":"Gremlin Leader","floor":25.0,"turns":1.0},{"damage":1.0,"enemies":"2 Thieves","floor":27.0,"turns":2.0},{"damage":7.0,"enemies":"Shelled Parasite and Fungi","floor":29.0,"turns":3.0},{"damage":1.0,"enemies":"Book of Stabbing","floor":30.0,"turns":3.0},{"damage":1.0,"enemies":"Automaton","floor":33.0,"turns":4.0},{"damage":2.0,"enemies":"3 Shapes","floor":35.0,"turns":7.0},{"damage":39.0,"enemies":"2 Orb Walkers","floor":36.0,"turns":3.0},{"damage":0.0,"enemies":"Orb Walker","floor":38.0,"turns":1.0},{"damage":0.0,"enemies":"Maw","floor":39.0,"turns":6.0},{"damage":6.0,"enemies":"Jaw Worm Horde","floor":41.0,"turns":5.0},{"damage":0.0,"enemies":"Reptomancer","floor":42.0,"turns":1.0},{"damage":0.0,"enemies":"Giant Head","floor":44.0,"turns":7.0},{"damage":0.0,"enemies":"Reptomancer","floor":46.0,"turns":3.0},{"damage":0.0,"enemies":"3 Darklings","floor":47.0,"turns":4.0},{"damage":27.0,"enemies":"Giant Head","floor":48.0,"turns":8.0},{"damage":59.0,"enemies":"Time Eater","floor":50.0,"turns":13.0},{"damage":0.0,"enemies":"Donu and Deca","floor":51.0,"turns":10.0},{"damage":0,"enemies":"Shield and Spear","floor":55,"turns":7},{"damage":4,"enemies":"The Heart","floor":56,"turns":9}],"seed_played":"-8160862678325492017","potions_obtained":[{"floor":1.0,"key":"LiquidBronze"},{"floor":2.0,"key":"Block Potion"},{"floor":6.0,"key":"FairyPotion"},{"floor":13.0,"key":"SteroidPotion"},{"floor":16.0,"key":"Energy Potion"},{"floor":18.0,"key":"PowerPotion"},{"floor":27.0,"key":"Regen Potion"},{"floor":33.0,"key":"EntropicBrew"},{"floor":42.0,"key":"EntropicBrew"},{"floor":46.0,"key":"SkillPotion"},{"floor":48.0,"key":"Ambrosia"},{"floor":55,"key":"SkillPotion"}],"is_trial":false,"path_per_floor":["M","M","?","?","$","E","R","E","T","E","R","M","E","?","R","B",null,"M","?","$","?","T","E","R","E","T","M","R","M","E","$","R","B",null,"M","?","T","M","M","R","M","E","T","E","T","E","M","E","R","B","B",null,"R","$","E","B",null],"character_chosen":"WATCHER","items_purchased":["Halt","Membership Card","Frozen Egg 2","Oddly Smooth Stone","Lee\u0027s Waffle","Calipers","TeardropLocket","Finesse+1","Melange","Meditate+1"],"campfire_rested":2,"item_purchase_floors":[5,20,20,31,31,54,54,54,54,54],"current_hp_per_floor":[61,61,61,61,61,61,61,46,46,36,36,36,33,33,33,33,55,55,34,34,34,34,19,37,37,37,36,36,43,42,69,69,68,69,67,28,28,28,28,48,42,47,47,47,47,64,66,46,46,23,37,65,65,65,67,74],"gold":41,"neow_bonus":"THREE_ENEMY_KILL","is_daily":false,"chose_seed":false,"campfire_upgraded":3,"win_rate":0.0,"timestamp":1610641152,"path_taken":["M","?","?","?","?","E","R","E","T","E","R","M","E","?","R","BOSS","M","?","$","?","?","E","R","E","T","M","R","M","E","$","R","BOSS","M","?","?","M","M","R","?","E","T","E","?","E","M","E","R","BOSS","BOSS","R","$","E","BOSS"],"items_purchased_type":["Card","Relic","Relic","Relic","Relic","Relic","Relic","Card","Relic","Card"],"build_version":"2020-12-22","purchased_purges":2,"victory":true,"max_hp_per_floor":[68,68,68,62,62,62,62,62,62,62,62,62,62,62,62,62,62,62,62,62,62,62,62,62,62,62,62,62,62,62,69,69,69,69,69,69,69,69,69,69,69,69,69,69,69,74,74,74,74,74,74,74,74,74,74,74],"card_choices":[{"not_picked":["Crescendo","FlyingSleeves"],"picked":"SandsOfTime","floor":1.0},{"not_picked":["Fasting2","Sanctity"],"picked":"WheelKick","floor":2.0},{"not_picked":["Prostrate","Worship"],"picked":"BowlingBash","floor":6.0},{"not_picked":["Fasting2","Crescendo"],"picked":"CutThroughFate","floor":8.0},{"not_picked":["Worship+1","Fasting2","Perseverance+1"],"picked":"SKIP","floor":10.0},{"not_picked":["CutThroughFate","Worship+1"],"picked":"WheelKick","floor":12.0},{"not_picked":["SignatureMove","FearNoEvil"],"picked":"ClearTheMind+1","floor":13.0},{"not_picked":["Establishment","Alpha+1"],"picked":"Blasphemy+1","floor":16.0},{"not_picked":["Prostrate+1","FlurryOfBlows"],"picked":"Vengeance+1","floor":18.0},{"not_picked":["Prostrate+1","ClearTheMind+1"],"picked":"Omniscience+1","floor":23.0},{"not_picked":["ClearTheMind+1","FollowUp"],"picked":"EmptyBody+1","floor":25.0},{"not_picked":["FlurryOfBlows","EmptyBody+1"],"picked":"MentalFortress+1","floor":27.0},{"not_picked":["EmptyBody+1","Brilliance"],"picked":"MentalFortress+1","floor":29.0},{"not_picked":["CarveReality","Swivel+1"],"picked":"MentalFortress+1","floor":30.0},{"not_picked":["Alpha+1","SpiritShield+1"],"picked":"Vault+1","floor":33.0},{"not_picked":["EmptyFist","Crescendo+1"],"picked":"CutThroughFate+1","floor":35.0},{"not_picked":["CutThroughFate","BattleHymn+1","JustLucky"],"picked":"SKIP","floor":38.0},{"not_picked":["EmptyFist","WindmillStrike","Prostrate+1"],"picked":"SKIP","floor":39.0},{"not_picked":["Halt+1","JustLucky","SashWhip"],"picked":"SKIP","floor":41.0},{"not_picked":["DeusExMachina+1","EmptyFist+1"],"picked":"ClearTheMind+1","floor":42.0},{"not_picked":["ThirdEye+1","ClearTheMind+1","Protect+1"],"picked":"SKIP","floor":44.0},{"not_picked":["Alpha+1","ThirdEye+1","ConjureBlade+1"],"picked":"SKIP","floor":46.0},{"not_picked":["BowlingBash+1","FlyingSleeves+1","CutThroughFate"],"picked":"SKIP","floor":47.0},{"not_picked":["BattleHymn+1","SignatureMove"],"picked":"EmptyMind+1","floor":48.0},{"not_picked":["Weave","Pray+1","SandsOfTime"],"picked":"SKIP","floor":55}],"player_experience":901946,"relics_obtained":[{"floor":6.0,"key":"Torii"},{"floor":8.0,"key":"StrikeDummy"},{"floor":9.0,"key":"CaptainsWheel"},{"floor":10.0,"key":"Toxic Egg 2"},{"floor":13.0,"key":"Tiny Chest"},{"floor":19.0,"key":"Nilry\u0027s Codex"},{"floor":22.0,"key":"Orichalcum"},{"floor":23.0,"key":"Happy Flower"},{"floor":25.0,"key":"Toy Ornithopter"},{"floor":26.0,"key":"Shovel"},{"floor":28.0,"key":"MawBank"},{"floor":30.0,"key":"Vajra"},{"floor":32.0,"key":"War Paint"},{"floor":36.0,"key":"WingedGreaves"},{"floor":42.0,"key":"TungstenRod"},{"floor":42.0,"key":"Incense Burner"},{"floor":43.0,"key":"Art of War"},{"floor":44.0,"key":"Sundial"},{"floor":44.0,"key":"Meat on the Bone"},{"floor":45.0,"key":"Blood Vial"},{"floor":46.0,"key":"CeramicFish"},{"floor":46.0,"key":"Bronze Scales"},{"floor":48.0,"key":"Mercury Hourglass"},{"floor":48.0,"key":"Akabeko"},{"floor":53.0,"key":"Letter Opener"},{"floor":55,"key":"Du-Vu Doll"},{"floor":55,"key":"Pantograph"}],"event_choices":[{"cards_removed":["Strike_P"],"damage_healed":0.0,"max_hp_gain":0.0,"max_hp_loss":0.0,"gold_gain":0.0,"event_name":"The Cleric","player_choice":"Card Removal","floor":3.0,"gold_loss":75.0,"damage_taken":0.0},{"damage_healed":0.0,"max_hp_gain":0.0,"max_hp_loss":6.0,"gold_gain":0.0,"event_name":"Golden Idol","player_choice":"Lose Max HP","floor":4.0,"gold_loss":0.0,"damage_taken":0.0,"relics_obtained":["Golden Idol"]},{"damage_healed":0.0,"max_hp_gain":0.0,"max_hp_loss":0.0,"gold_gain":0.0,"event_name":"Living Wall","player_choice":"Grow","floor":14.0,"gold_loss":0.0,"damage_taken":0.0,"cards_upgraded":["WheelKick"]},{"damage_healed":0.0,"max_hp_gain":0.0,"max_hp_loss":0.0,"gold_gain":0.0,"event_name":"Cursed Tome","player_choice":"Obtained Book","floor":19.0,"gold_loss":0.0,"damage_taken":21.0},{"damage_healed":0.0,"max_hp_gain":0.0,"max_hp_loss":0.0,"gold_gain":0.0,"event_name":"Back to Basics","player_choice":"Simplicity","floor":21.0,"gold_loss":0.0,"damage_taken":0.0,"cards_upgraded":["Strike_P","Strike_P","Strike_P","Defend_P","Defend_P","Defend_P","Defend_P"]},{"damage_healed":0.0,"max_hp_gain":0.0,"max_hp_loss":0.0,"gold_gain":0.0,"event_name":"Mysterious Sphere","player_choice":"Fight","floor":36.0,"gold_loss":0.0,"damage_taken":0.0}],"is_beta":false,"boss_relics":[{"not_picked":["Pandora\u0027s Box","Runic Pyramid"],"picked":"Fusion Hammer"},{"not_picked":["Cursed Key","Empty Cage"],"picked":"Black Star"}],"items_purged_floors":[31,54],"is_endless":false,"potions_floor_spawned":[1,2,6,13,16,18,27,33,42,44,46,47,48,55],"ascension_level":20}}