{"host":"y76x98twjnyyxs83","time":1610630422,"event":{"mods":["BaseMod","Colored Powertips","Minty Spire (QoL Compilation)","Permanent Neow","Quick Restart","Rare Cards Sparkle","Relic Stats","StSLib"],"gold_per_floor":[114,129,129,129,140,165,0,0,70,98,98,98,98,129,129,200,200,216,216,32,46,64,64,96,96,177,177,210,227,252,127,127,200,200,212,226,237,237,87,120,130,145,171,200,37,55,55,82,82,82,82,82,82,25,25,25],"floor_reached":55,"language":"ENG","playtime":2325,"items_purged":["Strike_P","Strike_P","Defend_P","JustLucky"],"score":2262,"play_id":"fc072e1e-345d-4835-b124-67511e57e1a1","local_time":"20210114212022","is_ascension_mode":true,"campfire_choices":[{"data":"EmptyFist","floor":8,"key":"SMITH"},{"data":"SandsOfTime","floor":11,"key":"SMITH"},{"data":"Protect","floor":15,"key":"SMITH"},{"data":"TalkToTheHand","floor":23,"key":"SMITH"},{"data":"Conclude","floor":25,"key":"SMITH"},{"data":"Tantrum","floor":32,"key":"SMITH"},{"data":"Meditate","floor":47,"key":"SMITH"},{"floor":49,"key":"RECALL"},{"data":"CrushJoints","floor":53,"key":"SMITH"}],"circlet_count":0,"master_deck":["AscendersBane","Eruption","Vigilance+1","EmptyFist+1","FlurryOfBlows+1","SandsOfTime+1","Adaptation+1","Protect+1","Vault","Tantrum+1","Vault","TalkToTheHand+1","Conclude+1","WheelKick","Protect","Ragnarok","EmptyBody","SandsOfTime","CrushJoints+1","WreathOfFlame","Wallop","Worship","Meditate+1","Ragnarok","ThirdEye+1"],"relics":["SacredBark","Toy Ornithopter","Meat on the Bone","Torii","Akabeko","Snecko Eye","StoneCalendar","Yang","Bag of Marbles","Pandora\u0027s Box","Centennial Puzzle","Ancient Tea Set","Potion Belt","Bottled Lightning","OrangePellets","Incense Burner"],"acts_visited":["Exordium","TheCity","TheBeyond","TheEnding"],"potions_floor_usage":[6,33,48,50,55],"damage_taken":[{"damage":0,"enemies":"2 Louse","floor":1,"turns":2},{"damage":7,"enemies":"Small Slimes","floor":2,"turns":3},{"damage":0,"enemies":"Jaw Worm","floor":5,"turns":3},{"damage":0,"enemies":"Gremlin Nob","floor":6,"turns":2},{"damage":19,"enemies":"Lagavulin","floor":10,"turns":6},{"damage":16,"enemies":"Gremlin Nob","floor":14,"turns":3},{"damage":21,"enemies":"Hexaghost","floor":16,"turns":9},{"damage":0,"enemies":"Spheric Guardian","floor":18,"turns":2},{"damage":0,"enemies":"Chosen","floor":21,"turns":4},{"damage":9,"enemies":"Snake Plant","floor":22,"turns":2},{"damage":0,"enemies":"Gremlin Leader","floor":24,"turns":4},{"damage":2,"enemies":"Slavers","floor":28,"turns":5},{"damage":0,"enemies":"Shelled Parasite and Fungi","floor":29,"turns":3},{"damage":6,"enemies":"Gremlin Leader","floor":30,"turns":5},{"damage":44,"enemies":"Automaton","floor":33,"turns":9},{"damage":0,"enemies":"Orb Walker","floor":35,"turns":1},{"damage":0,"enemies":"3 Shapes","floor":36,"turns":1},{"damage":0,"enemies":"Transient","floor":37,"turns":7},{"damage":0,"enemies":"Reptomancer","floor":40,"turns":3},{"damage":29,"enemies":"3 Darklings","floor":41,"turns":5},{"damage":0,"enemies":"Sphere and 2 Shapes","floor":42,"turns":1},{"damage":0,"enemies":"Giant Head","floor":44,"turns":5},{"damage":7,"enemies":"4 Shapes","floor":46,"turns":7},{"damage":0,"enemies":"Reptomancer","floor":48,"turns":2},{"damage":8,"enemies":"Time Eater","floor":50,"turns":5},{"damage":45,"enemies":"Donu and Deca","floor":51,"turns":7},{"damage":89,"enemies":"Shield and Spear","floor":55,"turns":3}],"seed_played":"1811675906289950812","potions_obtained":[{"floor":1,"key":"AttackPotion"},{"floor":6,"key":"LiquidMemories"},{"floor":16,"key":"FearPotion"},{"floor":37,"key":"Energy Potion"},{"floor":42,"key":"SkillPotion"},{"floor":46,"key":"SpeedPotion"}],"is_trial":false,"path_per_floor":["M","M","?","?","M","E","$","R","T","E","R","?","?","E","R","B",null,"M","?","$","M","M","R","E","R","T","?","E","M","E","$","R","B",null,"M","M","M","T","$","E","M","M","T","E","$","M","R","E","R","B","B",null,"R","$","E"],"character_chosen":"WATCHER","items_purchased":["Adaptation","TalkToTheHand","OrangePellets","AttackPotion"],"campfire_rested":0,"item_purchase_floors":[7,20,45,54],"current_hp_per_floor":[61,54,59,37,37,37,37,37,37,30,30,30,30,26,26,17,59,59,59,59,59,50,50,50,50,50,29,39,51,45,45,45,18,63,63,63,63,63,63,63,46,46,46,46,46,51,51,56,56,53,20,64,64,64,0,0],"gold":25,"neow_bonus":"BOSS_RELIC","is_daily":false,"chose_seed":false,"campfire_upgraded":8,"win_rate":0.0,"timestamp":1610630422,"path_taken":["M","M","?","?","M","E","?","R","T","E","R","?","?","E","R","BOSS","M","?","$","M","?","R","E","R","T","?","E","M","E","?","R","BOSS","M","M","?","?","$","E","M","M","T","E","$","M","R","E","R","BOSS","BOSS","R","$","E"],"items_purchased_type":["Card","Card","Relic","Potion"],"build_version":"2020-12-22","purchased_purges":4,"victory":false,"max_hp_per_floor":[68,68,73,73,73,73,73,73,73,73,73,73,73,73,73,73,73,73,73,73,73,73,73,73,73,73,78,78,78,78,78,78,78,78,78,78,78,78,78,78,78,78,78,78,78,78,78,78,78,78,78,78,78,78,78,78],"relic_stats":{"OrangePellets":[9],"Centennial Puzzle":[14],"Torii":24,"counters":[27,109],"Snecko Eye":[142,137,134,134],"StoneCalendar":[94],"Yang":[162],"Pandora\u0027s Box":["EmptyBody","SandsOfTime","JustLucky","CrushJoints","WreathOfFlame"],"obtain_stats":[{"Potion Belt":43,"Torii":10,"SacredBark":0,"StoneCalendar":24,"Yang":28,"Incense Burner":48,"Ancient Tea Set":40,"Akabeko":14,"OrangePellets":45,"Centennial Puzzle":38,"Snecko Eye":17,"Pandora\u0027s Box":34,"Bag of Marbles":30,"Bottled Lightning":44,"PureWater":0,"Toy Ornithopter":6,"Meat on the Bone":9},{"Potion Belt":21,"Torii":5,"SacredBark":0,"StoneCalendar":11,"Yang":12,"Incense Burner":24,"Ancient Tea Set":19,"Akabeko":6,"OrangePellets":22,"Centennial Puzzle":18,"Snecko Eye":7,"Pandora\u0027s Box":15,"Bag of Marbles":14,"Bottled Lightning":22,"PureWater":0,"Toy Ornithopter":4,"Meat on the Bone":4},{"Potion Belt":80,"Torii":16,"SacredBark":0,"StoneCalendar":40,"Yang":45,"Incense Burner":94,"Ancient Tea Set":74,"Akabeko":19,"OrangePellets":85,"Centennial Puzzle":71,"Snecko Eye":28,"Pandora\u0027s Box":62,"Bag of Marbles":53,"Bottled Lightning":85,"PureWater":0,"Toy Ornithopter":10,"Meat on the Bone":10}],"Toy Ornithopter":20,"Meat on the Bone":108},"card_choices":[{"not_picked":["ForeignInfluence","FollowUp"],"picked":"EmptyFist","floor":1},{"not_picked":["ClearTheMind","Consecrate"],"picked":"FlurryOfBlows","floor":2},{"not_picked":["Prostrate","SashWhip","ReachHeaven"],"picked":"SKIP","floor":5},{"not_picked":["Wireheading","WheelKick"],"picked":"SandsOfTime","floor":6},{"not_picked":["Study","LikeWater"],"picked":"Protect","floor":10},{"not_picked":["EmptyFist","SashWhip","Nirvana"],"picked":"SKIP","floor":14},{"not_picked":["Wish","Devotion"],"picked":"Vault","floor":16},{"not_picked":["FlurryOfBlows","SashWhip+1"],"picked":"Tantrum","floor":18},{"not_picked":["EmptyMind","EmptyBody"],"picked":"Conclude","floor":21},{"not_picked":["Halt+1","SandsOfTime"],"picked":"WheelKick","floor":22},{"not_picked":["DeusExMachina","EmptyBody"],"picked":"Protect","floor":24},{"not_picked":["Study","EmptyBody","FollowUp"],"picked":"SKIP","floor":28},{"not_picked":["Fasting2","Adaptation","FollowUp"],"picked":"SKIP","floor":29},{"not_picked":["Protect","JustLucky","Halt"],"picked":"SKIP","floor":30},{"not_picked":["DeusExMachina","LessonLearned"],"picked":"Ragnarok","floor":33},{"not_picked":["TalkToTheHand","Conclude"],"picked":"Wallop","floor":35},{"not_picked":["Consecrate","Pray","ClearTheMind"],"picked":"SKIP","floor":36},{"not_picked":["Fasting2","CarveReality"],"picked":"Worship","floor":37},{"not_picked":["ClearTheMind","Sanctity"],"picked":"Meditate","floor":40},{"not_picked":["BattleHymn+1","ThirdEye","BowlingBash+1"],"picked":"SKIP","floor":41},{"not_picked":["BowlingBash+1","FlyingSleeves","ReachHeaven"],"picked":"SKIP","floor":42},{"not_picked":["FlyingSleeves","Prostrate"],"picked":"Ragnarok","floor":44},{"not_picked":["Conclude","Vengeance+1","EmptyFist+1"],"picked":"SKIP","floor":46},{"not_picked":["CrushJoints+1","EmptyFist"],"picked":"ThirdEye+1","floor":48}],"player_experience":1134226,"relics_obtained":[{"floor":6,"key":"Toy Ornithopter"},{"floor":9,"key":"Meat on the Bone"},{"floor":10,"key":"Torii"},{"floor":14,"key":"Akabeko"},{"floor":24,"key":"StoneCalendar"},{"floor":28,"key":"Yang"},{"floor":30,"key":"Bag of Marbles"},{"floor":38,"key":"Centennial Puzzle"},{"floor":40,"key":"Ancient Tea Set"},{"floor":43,"key":"Potion Belt"},{"floor":44,"key":"Bottled Lightning"},{"floor":48,"key":"Incense Burner"}],"event_choices":[{"damage_healed":0,"gold_gain":0,"player_choice":"Donut","damage_taken":0,"max_hp_gain":5,"max_hp_loss":0,"event_name":"Big Fish","floor":3,"gold_loss":0},{"damage_healed":0,"gold_gain":0,"player_choice":"Entered Light","damage_taken":22,"max_hp_gain":0,"max_hp_loss":0,"event_name":"Shining Light","floor":4,"gold_loss":0,"cards_upgraded":["FlurryOfBlows","Defend_P"]},{"damage_healed":0,"gold_gain":0,"player_choice":"Grow","damage_taken":0,"max_hp_gain":0,"max_hp_loss":0,"event_name":"Living Wall","floor":12,"gold_loss":0,"cards_upgraded":["Vigilance"]},{"damage_healed":0,"gold_gain":0,"player_choice":"Upgraded","damage_taken":0,"max_hp_gain":0,"max_hp_loss":0,"event_name":"Upgrade Shrine","floor":13,"gold_loss":0,"cards_upgraded":["Adaptation"]},{"damage_healed":0,"gold_gain":0,"player_choice":"Copied","damage_taken":0,"max_hp_gain":0,"max_hp_loss":0,"event_name":"Duplicator","floor":19,"gold_loss":0,"cards_obtained":["Vault"]},{"damage_healed":0,"gold_gain":0,"player_choice":"Shed Blood","damage_taken":26,"max_hp_gain":5,"max_hp_loss":0,"event_name":"Forgotten Altar","floor":27,"gold_loss":0}],"is_beta":false,"boss_relics":[{"not_picked":["Busted Crown","Astrolabe"],"picked":"Snecko Eye"},{"not_picked":["Tiny House","Black Star"],"picked":"Pandora\u0027s Box"}],"items_purged_floors":[7,20,31,39],"is_endless":false,"potions_floor_spawned":[1,6,16,18,22,29,37,41,42,46],"killed_by":"Shield and Spear","ascension_level":20}}