{"host":"hbwa3kjetxrogfq8","time":1610584659,"event":{"mods":["AchievementEnabler","BaseMod","Block Reminder","Colored Map","Colored Powertips","Dark Map","Highlight Path","Minty Spire (QoL Compilation)","Rare Cards Sparkle","Relic Stats","StSLib","Synergy Search"],"gold_per_floor":[126,152,73,88,106,106,181,181,181,181,225,250,273,294,294,294,294],"floor_reached":16,"language":"ENG","playtime":455,"items_purged":[],"score":146,"play_id":"253f7966-6351-4eef-991b-f79313934cb0","local_time":"20210114013739","is_ascension_mode":true,"campfire_choices":[{"data":"Bash","floor":6,"key":"SMITH"},{"data":"Feel No Pain","floor":8,"key":"SMITH"},{"data":"Pommel Strike","floor":10,"key":"SMITH"},{"floor":15,"key":"REST"}],"circlet_count":0,"master_deck":["Strike_R","Strike_R","Strike_R","Strike_R","Strike_R","Defend_R","Defend_R","Defend_R","Defend_R","Bash+1","Feel No Pain+1","Pommel Strike+1","Anger","Evolve","Cleave","Cleave","Twin Strike","Flex"],"relics":["Burning Blood","CeramicFish","Lantern","HornCleat"],"acts_visited":["Exordium"],"potions_floor_usage":[11],"damage_taken":[{"damage":12,"enemies":"2 Louse","floor":1,"turns":3},{"damage":12,"enemies":"Jaw Worm","floor":2,"turns":4},{"damage":6,"enemies":"Cultist","floor":4,"turns":4},{"damage":10,"enemies":"2 Fungi Beasts","floor":5,"turns":4},{"damage":20,"enemies":"Lagavulin","floor":11,"turns":5},{"damage":20,"enemies":"Exordium Wildlife","floor":12,"turns":5},{"damage":16,"enemies":"Blue Slaver","floor":13,"turns":4},{"damage":6,"enemies":"3 Louse","floor":14,"turns":2},{"damage":33,"enemies":"The Guardian","floor":16,"turns":5}],"seed_played":"7050083624453218101","potions_obtained":[{"floor":1,"key":"SteroidPotion"},{"floor":12,"key":"SpeedPotion"},{"floor":14,"key":"LiquidMemories"}],"is_trial":false,"path_per_floor":["M","M","$","M","M","R","?","R","T","R","E","M","M","M","R","B"],"character_chosen":"IRONCLAD","items_purchased":["Anger","Evolve"],"campfire_rested":1,"item_purchase_floors":[3,3],"current_hp_per_floor":[66,60,60,60,56,56,45,45,45,45,31,17,7,7,31,0,0],"gold":294,"neow_bonus":"RANDOM_COMMON_RELIC","is_daily":false,"chose_seed":false,"campfire_upgraded":3,"win_rate":0.0,"timestamp":1610584659,"path_taken":["M","M","$","M","M","R","?","R","T","R","E","M","M","M","R","BOSS"],"items_purchased_type":["Card","Card"],"build_version":"2020-12-22","purchased_purges":0,"victory":false,"max_hp_per_floor":[80,80,80,80,80,80,80,80,80,80,80,80,80,80,80,80,80],"relic_stats":{"counters":[9,36],"CeramicFish":72,"obtain_stats":[{"Lantern":9,"HornCleat":11,"CeramicFish":0,"Burning Blood":0},{"Lantern":4,"HornCleat":5,"CeramicFish":0,"Burning Blood":0},{"Lantern":15,"HornCleat":20,"CeramicFish":0,"Burning Blood":0}],"Burning Blood":48},"card_choices":[{"not_picked":["Dropkick","Second Wind"],"picked":"Feel No Pain","floor":1},{"not_picked":["Flex","Rage"],"picked":"Pommel Strike","floor":2},{"not_picked":["Body Slam","Anger","Heavy Blade"],"picked":"SKIP","floor":4},{"not_picked":["Thunderclap","Double Tap","Clash"],"picked":"SKIP","floor":5},{"not_picked":["Clash","Thunderclap"],"picked":"Cleave","floor":11},{"not_picked":["Anger","Inflame"],"picked":"Cleave","floor":12},{"not_picked":["Thunderclap","Clothesline"],"picked":"Twin Strike","floor":13},{"not_picked":["Anger","Iron Wave"],"picked":"Flex","floor":14}],"player_experience":643138,"relics_obtained":[{"floor":9,"key":"Lantern"},{"floor":11,"key":"HornCleat"}],"event_choices":[{"damage_healed":0,"gold_gain":75,"player_choice":"Gather Gold","damage_taken":11,"max_hp_gain":0,"max_hp_loss":0,"event_name":"World of Goop","floor":7,"gold_loss":0}],"is_beta":false,"boss_relics":[],"items_purged_floors":[],"is_endless":false,"potions_floor_spawned":[1,12,14],"killed_by":"The Guardian","ascension_level":8}}