{"host":"61xbmbtf5zrn7rzc","time":1610657073,"event":{"mods":["BaseMod","Challenge The Spire","Hubris","Infinite Spire","Minty Spire (QoL Compilation)","Replay The Spire","StSLib","SuperFastMode"],"gold_per_floor":[109,109,189,202,58,58,81,116,116,116,134,175,175,215,215,345,345,359,40,40,40,65,65,105,105,131,131,53,86,86,86,86],"floor_reached":31,"language":"ENG","playtime":1669,"items_purged":["Shame","Strike_G"],"score":316,"play_id":"369792df-7d7c-421c-a8b5-dc48a64a8f7d","local_time":"20210114154433","is_ascension_mode":true,"campfire_choices":[{"data":"ReplayTheSpireMod:Shiv Toss","floor":6,"key":"SMITH"},{"floor":10,"key":"REST"},{"data":"ReplayTheSpireMod:Scrap Shanks","floor":13,"key":"SMITH"},{"data":"Footwork","floor":15,"key":"SMITH"},{"data":"Accuracy","floor":23,"key":"SMITH"},{"data":"Pot Of Greed","floor":27,"key":"SMITH"}],"circlet_count":0,"master_deck":["Strike_G","Strike_G","Defend_G","Defend_G","Defend_G","Defend_G","Defend_G","Survivor","Neutralize","Riddle With Holes","ReplayTheSpireMod:Shiv Toss+1","Infinite Blades","Deflect","ReplayTheSpireMod:Scrap Shanks+1","Backflip","Choke","Footwork+1","Accuracy+1","hubris:NaturalOne","Pot Of Greed","Pot Of Greed+1","Accuracy"],"relics":["Ring of the Snake","Golden Idol","Dream Catcher","Regal Pillow","Singing Bowl","ReplayTheSpireMod:TigerMarble","WristBlade","Strange Spoon","hubris:Icosahedron","ReplayTheSpireMod:Ninjato","Grinning Jar","PreservedInsect"],"acts_visited":["Exordium","TheCity"],"potions_floor_usage":[12,12,16,29],"damage_taken":[{"damage":0,"enemies":"Cultist","floor":1,"turns":4},{"damage":14,"enemies":"Small Slimes","floor":4,"turns":4},{"damage":4,"enemies":"2 Louse","floor":7,"turns":3},{"damage":33,"enemies":"Gremlin Nob","floor":8,"turns":6},{"damage":3,"enemies":"Exordium Wildlife","floor":11,"turns":3},{"damage":5,"enemies":"3 Sentries","floor":12,"turns":7},{"damage":11,"enemies":"Lagavulin","floor":14,"turns":7},{"damage":20,"enemies":"Hexaghost","floor":16,"turns":11},{"damage":5,"enemies":"2 Thieves","floor":18,"turns":4},{"damage":0,"enemies":"Chosen","floor":22,"turns":4},{"damage":9,"enemies":"Replay:Snechameleon","floor":24,"turns":9},{"damage":58,"enemies":"Book of Stabbing","floor":29,"turns":7},{"damage":19,"enemies":"Snecko","floor":31,"turns":3}],"seed_played":"-5802507972418222235","potions_obtained":[{"floor":7,"key":"SkillPotion"},{"floor":8,"key":"Explosive Potion"},{"floor":11,"key":"Adrenaline Potion"},{"floor":12,"key":"Flashbang"},{"floor":18,"key":"SpeedPotion"}],"is_trial":false,"path_per_floor":["M","?","T","M","$","R","M","E","T","R","M","E","R","E","R","B",null,"M","$","?","?","M","R","E","$","T","R","$","E","T","M"],"character_chosen":"THE_SILENT","items_purchased":["ReplayTheSpireMod:Scrap Shanks","Accuracy","Strange Spoon","Accuracy"],"campfire_rested":1,"item_purchase_floors":[5,19,19,28],"current_hp_per_floor":[70,65,65,51,51,51,47,14,14,48,45,42,42,31,31,13,69,66,66,66,66,68,68,61,61,61,61,61,5,5,0,0],"gold":86,"neow_bonus":"TRANSFORM_TWO_CARDS","is_daily":false,"chose_seed":false,"campfire_upgraded":5,"win_rate":0.0,"timestamp":1610657073,"path_taken":["M","?","?","M","$","R","?","E","T","R","M","E","R","E","R","BOSS","M","$","?","?","M","R","E","?","T","R","$","E","?","M"],"items_purchased_type":["Card","Card","Relic","Card"],"build_version":"2020-12-22","purchased_purges":2,"victory":false,"max_hp_per_floor":[70,65,65,65,65,65,65,65,65,65,65,67,67,67,67,69,69,71,71,71,71,73,73,75,75,75,75,75,77,77,77,77],"card_choices":[{"not_picked":["Accuracy","ReplayTheSpireMod:Scrap Shanks"],"picked":"Infinite Blades","floor":1},{"not_picked":["Hidden Blade","Noxious Fumes"],"picked":"Deflect","floor":4},{"not_picked":["hubris:SlightOfHand","Flying Knee","Bane"],"picked":"SKIP","floor":7},{"not_picked":["Well Laid Plans","Infinite Blades"],"picked":"Backflip","floor":8},{"not_picked":["Dagger Spray","Flying Knee"],"picked":"Choke","floor":10},{"not_picked":["Atom Bomb","Deflect","hubris:SlightOfHand"],"picked":"SKIP","floor":11},{"not_picked":["Dash","Dagger Spray","ReplayTheSpireMod:Shiv Toss"],"picked":"Singing Bowl","floor":12},{"not_picked":["Deflect","Hidden Blade"],"picked":"Footwork","floor":14},{"not_picked":["Burst","After Image","Doppelganger"],"picked":"Singing Bowl","floor":16},{"not_picked":["Eviscerate+1","Bane+1","Underhanded Strike"],"picked":"Singing Bowl","floor":18},{"not_picked":["Dagger Spray","Quick Slash+1","Flechettes"],"picked":"Singing Bowl","floor":22},{"not_picked":["hubris:SlightOfHand","Bane","Prepared"],"picked":"Singing Bowl","floor":24},{"not_picked":["Deflect","Choke+1","Dagger Throw+1"],"picked":"Singing Bowl","floor":29}],"player_experience":115468,"relics_obtained":[{"floor":8,"key":"Dream Catcher"},{"floor":9,"key":"Regal Pillow"},{"floor":12,"key":"Singing Bowl"},{"floor":14,"key":"ReplayTheSpireMod:TigerMarble"},{"floor":24,"key":"ReplayTheSpireMod:Ninjato"},{"floor":26,"key":"Grinning Jar"},{"floor":29,"key":"PreservedInsect"}],"event_choices":[{"damage_healed":0,"gold_gain":0,"player_choice":"Lose Max HP","damage_taken":0,"relics_obtained":["Golden Idol"],"max_hp_gain":0,"max_hp_loss":5,"event_name":"Golden Idol","floor":2,"gold_loss":0},{"damage_healed":0,"gold_gain":0,"player_choice":"Ignored","damage_taken":0,"max_hp_gain":0,"max_hp_loss":0,"event_name":"Ghosts","floor":20,"gold_loss":0}],"is_beta":false,"boss_relics":[{"not_picked":["Coffee Dripper","Replay:Wanted Poster"],"picked":"WristBlade"}],"items_purged_floors":[5,19],"is_endless":false,"potions_floor_spawned":[7,8,11,12,18],"killed_by":"Snecko","ascension_level":2}}