{"host":"1kq2ingo3j45gyyp","time":1610599993,"event":{"mods":["BaseMod","Better Note","Better Third Choice","Downfall","Minty Spire (QoL Compilation)","StSLib"],"gold_per_floor":[99,119,26,26,46,64,64,92,108,125,125,125,0,15,31,132,132,7,7,7,0,20,20,20,31,45,64,83,109,109,129,146,244,244,119,119,119,132,214,164,164,44,79,97,116,66,66,66,76,76,76,105,45,45,45],"floor_reached":56,"language":"ENG","playtime":2417,"items_purged":["Slimebound:Strike_Slimebound"],"score":1376,"play_id":"c8434a9e-6f7a-40fd-9cc3-14e885c147c5","local_time":"20210113235313","is_ascension_mode":false,"campfire_choices":[{"floor":1,"key":"RECALL"},{"data":"Slimebound:Split","floor":13,"key":"SMITH"},{"data":"Slimebound:LevelUp","floor":18,"key":"SMITH"},{"data":"Slimebound:LeadByExample","floor":23,"key":"SMITH"},{"data":"Slimebound:SplitSpecialist","floor":35,"key":"SMITH"},{"data":"Slimebound:SplitSpecialist","floor":40,"key":"SMITH"},{"data":"Slimebound:Teamwork","floor":46,"key":"SMITH"},{"data":"Slimebound:Darklings","floor":54,"key":"SMITH"}],"circlet_count":0,"master_deck":["Slimebound:Defend_Slimebound","Slimebound:Defend_Slimebound","Slimebound:Defend_Slimebound","Slimebound:Defend_Slimebound","Slimebound:Split+1","Slimebound:CorrosiveSpit","Slimebound:Teamwork+1","Slimebound:PressTheAttack","Slimebound:LevelUp+1","Slimebound:RollThrough","Slimebound:SplitBruiser","Slimebound:SplitSpecialist+1","Slimebound:SlimeTap","Slimebound:DivideAndConquer","Slimebound:LeadByExample+1","Slimebound:OneTwoCombo","Shame","Slimebound:SplitLeeching","Slimebound:Repurpose","Slimebound:SplitLeeching","Slimebound:RejuvenatingLick","Slimebound:SplitSpecialist+1","Slimebound:Split+1","Slimebound:SplitBruiser","Slimebound:OneTwoCombo","Slimebound:OneTwoCombo","Slimebound:Repurpose+1","Slimebound:Darklings+1","Slimebound:SplitBruiser+1"],"relics":["Slimebound:AbsorbEndCombat","The Courier","Slimebound:GreedOozeRelic","downfall:HeartBlessingBlue","SlaversCollar","downfall:HeartBlessingRed","Bag of Preparation","Bottled Lightning","Tiny Chest","Busted Crown","downfall:HeartBlessingGreen","Juzu Bracelet","Strange Spoon","Orichalcum","Singing Bowl","Toolbox","MealTicket","Strawberry"],"acts_visited":["Exordium","TheCity","TheBeyond","TheEnding"],"potions_floor_usage":[29,33,55],"damage_taken":[{"damage":4,"enemies":"Cultist","floor":2,"turns":3},{"damage":4,"enemies":"downfall:FleeingMerchant","floor":3,"turns":4},{"damage":4,"enemies":"Small Slimes","floor":5,"turns":5},{"damage":10,"enemies":"Jaw Worm","floor":6,"turns":4},{"damage":18,"enemies":"Lagavulin","floor":8,"turns":6},{"damage":6,"enemies":"3 Louse","floor":9,"turns":2},{"damage":15,"enemies":"Exordium Thugs","floor":10,"turns":5},{"damage":17,"enemies":"Exordium Wildlife","floor":14,"turns":3},{"damage":30,"enemies":"Large Slime","floor":15,"turns":3},{"damage":51,"enemies":"downfall:Ironclad","floor":16,"turns":7},{"damage":16,"enemies":"downfall:FleeingMerchant","floor":21,"turns":4},{"damage":19,"enemies":"Shell Parasite","floor":22,"turns":2},{"damage":24,"enemies":"Chosen and Byrds","floor":25,"turns":2},{"damage":19,"enemies":"Snecko","floor":26,"turns":3},{"damage":18,"enemies":"Shelled Parasite and Fungi","floor":27,"turns":3},{"damage":36,"enemies":"Centurion and Healer","floor":28,"turns":3},{"damage":31,"enemies":"Slavers","floor":29,"turns":3},{"damage":20,"enemies":"3 Cultists","floor":31,"turns":2},{"damage":23,"enemies":"Snake Plant","floor":32,"turns":2},{"damage":41,"enemies":"downfall:Silent","floor":33,"turns":3},{"damage":8,"enemies":"Orb Walker","floor":38,"turns":1},{"damage":4,"enemies":"downfall:FleeingMerchant","floor":39,"turns":1},{"damage":16,"enemies":"Giant Head","floor":43,"turns":2},{"damage":0,"enemies":"3 Shapes","floor":44,"turns":1},{"damage":12,"enemies":"3 Darklings","floor":45,"turns":1},{"damage":44,"enemies":"Transient","floor":49,"turns":5},{"damage":20,"enemies":"downfall:Defect","floor":50,"turns":3},{"damage":51,"enemies":"downfall:CharBossMerchant","floor":52,"turns":4},{"damage":84,"enemies":"downfall:NeowBoss","floor":55,"turns":12}],"seed_played":"6741253632073004917","potions_obtained":[{"floor":6,"key":"Explosive Potion"},{"floor":9,"key":"Weak Potion"},{"floor":14,"key":"champ:CounterPotion"},{"floor":16,"key":"Slimebound:SlimyTonguePotion"},{"floor":22,"key":"EntropicBrew"},{"floor":29,"key":"LiquidBronze"},{"floor":32,"key":"Slimebound:SlimedPotion"},{"floor":38,"key":"GamblersBrew"},{"floor":43,"key":"SkillPotion"}],"is_trial":false,"path_per_floor":["R","M","$","?","M","M","T","E","M","M","?","?","R","M","M","B",null,"R","?","?","$","M","R","T","M","M","M","M","E","?","M","M","B",null,"R","?","T","M","$","R","T","$","E","M","M","R","?","?","M","B",null,"E","$","R","B",null],"character_chosen":"SLIMEBOUND","items_purchased":["Slimebound:LevelUp","Strange Spoon","Orichalcum","Toolbox"],"campfire_rested":0,"item_purchase_floors":[3,39,39,42],"current_hp_per_floor":[60,60,60,60,60,56,56,48,46,47,47,47,57,56,44,17,70,70,70,70,66,61,61,61,55,50,50,42,35,35,41,36,39,70,70,70,70,70,70,70,70,70,72,74,74,74,74,74,74,74,74,68,83,83,83],"gold":45,"neow_bonus":"TRANSFORM_CARD","is_daily":false,"chose_seed":false,"campfire_upgraded":7,"win_rate":0.0,"timestamp":1610599993,"path_taken":["R","M","?","?","M","M","T","E","M","?","?","?","R","M","M","BOSS","R","?","?","$","M","R","T","M","M","M","M","E","?","?","M","BOSS","R","?","?","M","$","R","T","$","E","M","M","R","?","?","M","BOSS","E","$","R","BOSS"],"items_purchased_type":["Card","Relic","Relic","Relic"],"build_version":"2020-12-22","purchased_purges":1,"victory":true,"max_hp_per_floor":[60,60,60,60,60,60,60,60,60,60,60,60,70,70,70,70,70,70,70,70,70,70,70,70,70,70,70,70,70,70,70,70,70,70,70,70,70,70,70,70,70,70,72,74,74,74,74,74,74,74,74,83,83,83,83],"card_choices":[{"not_picked":["Slimebound:GoopSpray","Slimebound:FlameTackle","Slimebound:SplitBruiser"],"picked":"SKIP","floor":2},{"not_picked":["Slimebound:FinishingTackle","Slimebound:FlameTackle"],"picked":"Slimebound:PressTheAttack","floor":3},{"not_picked":["Slimebound:ComboTackle","Slimebound:AcidTongue","Slimebound:SamplingLick"],"picked":"SKIP","floor":5},{"not_picked":["Slimebound:LeechEnergy","Slimebound:ViciousTackle"],"picked":"Slimebound:SplitBruiser","floor":6},{"not_picked":["Slimebound:LivingWall","Slimebound:Equalize"],"picked":"Slimebound:SplitSpecialist","floor":8},{"not_picked":["Slimebound:GrowthPunch","Slimebound:SplitBruiser"],"picked":"Slimebound:SlimeTap","floor":9},{"not_picked":["Slimebound:HauntingLick","Slimebound:GrowthPunch","Slimebound:PressTheAttack"],"picked":"SKIP","floor":10},{"not_picked":["Slimebound:SlimeSlap","Slimebound:Grow"],"picked":"Slimebound:DivideAndConquer","floor":14},{"not_picked":["Slimebound:GoopSpray","Slimebound:ComboTackle"],"picked":"Slimebound:LeadByExample","floor":15},{"not_picked":["Slimebound:PrepareCrush","Slimebound:DuplicatedForm"],"picked":"Slimebound:OneTwoCombo","floor":16},{"not_picked":["Slimebound:SamplingLick","Slimebound:SplitMire"],"picked":"Slimebound:SplitLeeching","floor":21},{"not_picked":["Slimebound:FinishingTackle+1","Slimebound:ItLooksTasty","Slimebound:LeechingTouch"],"picked":"SKIP","floor":22},{"not_picked":["Slimebound:ComboTackle","Slimebound:SlimeTap"],"picked":"Slimebound:Repurpose","floor":25},{"not_picked":["Slimebound:ItLooksTasty","Slimebound:MassFeed"],"picked":"Slimebound:SplitLeeching","floor":26},{"not_picked":["Slimebound:RollThrough","Slimebound:Schlurp","Slimebound:LeechingTouch"],"picked":"SKIP","floor":27},{"not_picked":["Slimebound:Schlurp","Slimebound:Chomp"],"picked":"Slimebound:RejuvenatingLick","floor":28},{"not_picked":["Slimebound:PressTheAttack","Slimebound:GoopSpray"],"picked":"Slimebound:SplitSpecialist","floor":29},{"not_picked":["Slimebound:Schlurp","Slimebound:ServeAndProtect"],"picked":"Slimebound:SplitBruiser","floor":31},{"not_picked":["Slimebound:LeechEnergy","Slimebound:Replication"],"picked":"Slimebound:OneTwoCombo","floor":32},{"not_picked":["Slimebound:RallyTheTroops","Slimebound:SlimeSlap"],"picked":"Slimebound:OneTwoCombo","floor":33},{"not_picked":["Slimebound:ServeAndProtect+1"],"picked":"SKIP","floor":38},{"not_picked":["Slimebound:RollThrough+1"],"picked":"SKIP","floor":39},{"not_picked":["Slimebound:DivideAndConquer"],"picked":"Singing Bowl","floor":43},{"not_picked":["Slimebound:ViciousTackle"],"picked":"Singing Bowl","floor":44},{"not_picked":[],"picked":"Slimebound:Repurpose+1","floor":45},{"not_picked":[],"picked":"Slimebound:SplitBruiser+1","floor":49},{"not_picked":["Slimebound:ViciousTackle"],"picked":"Singing Bowl","floor":52}],"player_experience":857893,"relics_obtained":[{"floor":8,"key":"The Courier"},{"floor":24,"key":"Bottled Lightning"},{"floor":29,"key":"Tiny Chest"},{"floor":37,"key":"Juzu Bracelet"},{"floor":41,"key":"Singing Bowl"},{"floor":43,"key":"MealTicket"},{"floor":52,"key":"Strawberry"}],"event_choices":[{"damage_healed":0,"gold_gain":0,"cards_transformed":["Slimebound:Strike_Slimebound"],"player_choice":"Transformed","damage_taken":0,"max_hp_gain":0,"max_hp_loss":0,"event_name":"Transmorgrifier","floor":4,"gold_loss":0,"cards_obtained":["Slimebound:RollThrough"]},{"damage_healed":0,"gold_gain":0,"player_choice":"Ignored","damage_taken":0,"max_hp_gain":0,"max_hp_loss":0,"event_name":"betterNote:BetterNote","floor":19,"gold_loss":0,"cards_obtained":["Blind"]},{"damage_healed":0,"gold_gain":0,"player_choice":"Stole Relic","damage_taken":0,"relics_obtained":["Bag of Preparation"],"max_hp_gain":0,"max_hp_loss":0,"event_name":"Addict","floor":20,"gold_loss":0,"cards_obtained":["Shame"]},{"damage_healed":0,"gold_gain":0,"player_choice":"Copied","damage_taken":0,"max_hp_gain":0,"max_hp_loss":0,"event_name":"Duplicator","floor":30,"gold_loss":0,"cards_obtained":["Slimebound:Split"]},{"damage_healed":0,"gold_gain":0,"player_choice":"Ignored","damage_taken":0,"max_hp_gain":0,"max_hp_loss":0,"event_name":"Mysterious Sphere","floor":36,"gold_loss":0},{"damage_healed":0,"gold_gain":0,"player_choice":"Got Potions","damage_taken":0,"max_hp_gain":0,"max_hp_loss":0,"event_name":"Lab","floor":47,"gold_loss":0}],"is_beta":false,"boss_relics":[{"not_picked":["Calling Bell","Astrolabe"],"picked":"SlaversCollar"},{"not_picked":["Snecko Eye","Slimebound:TarBlob"],"picked":"Busted Crown"}],"items_purged_floors":[53],"is_endless":false,"potions_floor_spawned":[6,9,14,15,16,22,27,29,31,32,38,43],"ascension_level":0}}