{"host":"cziotie8mnsl18m5","time":1610584361,"event":{"mods":["BaseMod","Minty Spire (QoL Compilation)","StSLib","The Animator","The Construct"],"gold_per_floor":[118,118,88,117,117,156,176,210,210,7,37,37,90,101,101,186,186,204,119,119,141,184,213,213,488,488,527,546,568,617,446,446,524,524,544,566,566,566,566,601,601,638,638,638,251,281,281,318,318,322,330,330,330,504,586,657,657,2,2,89,181,181,181,284,284,284,98,217,341,345],"floor_reached":71,"language":"ENG","playtime":11785,"items_purged":["animator:Defend"],"score":3254,"play_id":"ea94e458-eb2b-4079-854f-86a3ace93ce9","local_time":"20210113193241","is_ascension_mode":true,"campfire_choices":[{"floor":15.0,"key":"REST"},{"data":"animator:Eve","floor":24.0,"key":"SMITH"},{"floor":32.0,"key":"RECALL"},{"data":"animator:Hans","floor":41.0,"key":"SMITH"},{"floor":44.0,"key":"REST"},{"data":"animator:Hibiki","floor":47.0,"key":"SMITH"},{"floor":49.0,"key":"REST"},{"data":"animator:Envy","floor":53.0,"key":"SMITH"},{"data":"animator:Envy","floor":59.0,"key":"SMITH"},{"data":"animator:ElricAlphonse","floor":63.0,"key":"SMITH"}],"circlet_count":0,"master_deck":["AscendersBane","animator:ElricEdward+1","animator:ElricAlphonse+1","animator:Witch+1","animator:Envy+1","animator:RoyMustang+1","animator:Eve+1","animator:Greed+1","animator:ElricAlphonse+1","animator:Laby+1","animator:Darkness+1","animator:GoblinSlayer+1","animator:Raven+1","animator:Fredrika+1","animator:Gillette+1","animator:GuildGirl+1","animator:Eris+1","animator:WinryRockbell+1","animator:Hans+1","animator:Wiz+1","animator:Envy+1","animator:Rena+1","animator:HigakiRinne+1","animator:Hibiki+1","animator:MisakiNakahara+1","animator:Witch+1","animator:Cirno+1","animator:GuildGirl+1","animator:Saber+1","animator:Rena+1","animator:Envy+1","animator:MisaKurobane+1","animator:MisaKurobane+1","animator:Patchouli+1","animator:Arpeggio+1","animator:Arpeggio+1"],"relics":["animator:TheEruzaStone","animator:AncientMedallion"],"acts_visited":["Exordium","TheCity","TheBeyond","TheEnding","EYB:TheUnnamedReign"],"potions_floor_usage":[],"damage_taken":[{"damage":0.0,"enemies":"Small Slimes","floor":1.0,"turns":1.0},{"damage":0.0,"enemies":"Cultist","floor":4.0,"turns":1.0},{"damage":0.0,"enemies":"Gremlin Nob","floor":6.0,"turns":1.0},{"damage":0.0,"enemies":"Jaw Worm","floor":7.0,"turns":5.0},{"damage":23.0,"enemies":"3 Sentries","floor":8.0,"turns":4.0},{"damage":25.0,"enemies":"Gremlin Nob","floor":11.0,"turns":5.0},{"damage":17.0,"enemies":"Exordium Thugs","floor":14.0,"turns":4.0},{"damage":2.0,"enemies":"Hexaghost","floor":16.0,"turns":7.0},{"damage":10.0,"enemies":"Spheric Guardian","floor":18.0,"turns":4.0},{"damage":8.0,"enemies":"Chosen","floor":21.0,"turns":3.0},{"damage":3.0,"enemies":"3 Cultists","floor":22.0,"turns":3.0},{"damage":0.0,"enemies":"Book of Stabbing","floor":23.0,"turns":6.0},{"damage":16.0,"enemies":"Gremlin Leader","floor":27.0,"turns":5.0},{"damage":2.0,"enemies":"Centurion and Healer","floor":28.0,"turns":4.0},{"damage":7.0,"enemies":"Shelled Parasite and Fungi","floor":29.0,"turns":5.0},{"damage":0.0,"enemies":"animator:HornedBat","floor":30.0,"turns":4.0},{"damage":0.0,"enemies":"Automaton","floor":33.0,"turns":7.0},{"damage":2.0,"enemies":"Orb Walker","floor":35.0,"turns":5.0},{"damage":10.0,"enemies":"3 Shapes","floor":36.0,"turns":5.0},{"damage":12.0,"enemies":"Giant Head","floor":40.0,"turns":6.0},{"damage":0.0,"enemies":"Reptomancer","floor":42.0,"turns":5.0},{"damage":4.0,"enemies":"3 Darklings","floor":46.0,"turns":5.0},{"damage":25.0,"enemies":"Mind Bloom Boss Battle","floor":48.0,"turns":5.0},{"damage":6.0,"enemies":"Time Eater","floor":50.0,"turns":8.0},{"damage":19.0,"enemies":"Donu and Deca","floor":51.0,"turns":6.0},{"damage":0.0,"enemies":"animator:UNNAMED_HAT","floor":55.0,"turns":11.0},{"damage":4.0,"enemies":"animator:UNNAMED_CULTIST_1","floor":56.0,"turns":10.0},{"damage":80.0,"enemies":"animator:TRIPLE_LAGAVULIN","floor":60.0,"turns":7.0},{"damage":20.0,"enemies":"animator:UNNAMED_CULTIST_2","floor":61.0,"turns":8.0},{"damage":0.0,"enemies":"animator:ULTIMATE_CRYSTAL","floor":64.0,"turns":9.0},{"damage":9.0,"enemies":"animator:ULTIMATE_CUBE","floor":68.0,"turns":8.0},{"damage":4.0,"enemies":"animator:ULTIMATE_WISP","floor":69.0,"turns":9.0}],"seed_played":"-526037495084511944","potions_obtained":[{"floor":1.0,"key":"SmokeBomb"},{"floor":3.0,"key":"Regen Potion"},{"floor":11.0,"key":"Explosive Potion"},{"floor":14.0,"key":"ColorlessPotion"},{"floor":16.0,"key":"AttackPotion"},{"floor":22.0,"key":"BlessingOfTheForge"},{"floor":23.0,"key":"Weak Potion"},{"floor":28.0,"key":"FairyPotion"},{"floor":36.0,"key":"SkillPotion"},{"floor":42.0,"key":"construct:ShiftPotion"},{"floor":55.0,"key":"animator:FalseLifePotion"},{"floor":56.0,"key":"animator:FalseLifePotion"},{"floor":60.0,"key":"animator:FalseLifePotion"},{"floor":61.0,"key":"animator:FalseLifePotion"},{"floor":68.0,"key":"animator:FalseLifePotion"},{"floor":69.0,"key":"animator:FalseLifePotion"}],"is_trial":false,"path_per_floor":["M","?","?","M","?","E","M","E","T","$","E","$","T","M","R","B",null,"M","?","?","M","M","E","R","?","T","E","M","M","E","$","R","B",null,"M","M","?","?","?","E","R","E","T","R","$","M","R","?","R","B","B",null,"R","??","M","M","T","?","R","M","M","?","R","E","T","?","$","E","E","B",null],"character_chosen":"THE_ANIMATOR","items_purchased":["Membership Card","ClockworkSouvenir","animator:Wiz","OrangePellets","Blood Vial","Toxic Egg 2","animator:Cirno+1","PowerPotion","animator:Patchouli"],"campfire_rested":3,"item_purchase_floors":[10,31,31,45,45,45,45,45,67],"current_hp_per_floor":[54,54,54,54,54,54,55,44,44,44,19,19,19,2,20,18,50,41,41,41,33,30,30,30,30,30,18,19,15,18,18,18,24,53,57,50,40,30,30,21,21,21,21,54,54,58,58,38,63,57,46,59,59,91,92,88,88,88,88,18,24,24,24,56,56,46,46,71,90,83],"gold":345,"neow_bonus":"THREE_ENEMY_KILL","is_daily":false,"chose_seed":false,"campfire_upgraded":6,"win_rate":0.0,"timestamp":1610584361,"path_taken":["M","?","?","?","?","E","M","E","T","$","E","?","?","M","R","BOSS","M","?","?","M","M","E","R","?","T","E","?","M","E","$","R","BOSS","M","M","?","?","?","E","R","E","T","R","$","M","R","?","R","BOSS","BOSS","R","??","M","M","T","?","R","M","M","?","R","E","T","?","$","E","E","BOSS"],"items_purchased_type":["Relic","Relic","Card","Relic","Relic","Relic","Card","Potion","Card"],"build_version":"2020-12-22","purchased_purges":1,"victory":true,"max_hp_per_floor":[60,60,60,60,60,60,61,61,61,61,61,61,61,61,61,61,61,62,62,62,62,62,62,62,62,62,63,63,63,63,63,63,63,63,63,63,63,63,63,63,63,63,63,63,63,63,63,63,63,63,63,63,63,91,92,92,92,92,92,92,92,92,92,92,92,92,92,92,92,92],"card_choices":[{"not_picked":["animator:Caster","animator:YunYun","animator:Gluttony"],"picked":"SKIP","floor":1.0},{"not_picked":["animator:Gillette","animator:Rider"],"picked":"animator:Witch","floor":4.0},{"not_picked":["animator:Archer","animator:SwordMaiden"],"picked":"animator:Envy","floor":6.0},{"not_picked":["animator:Sloth","animator:ElricAlphonse"],"picked":"animator:RoyMustang","floor":7.0},{"not_picked":["animator:Gillette","animator:Kazuma","animator:Alexander"],"picked":"SKIP","floor":8.0},{"not_picked":["animator:Megumin","animator:Ciel"],"picked":"animator:Eve","floor":11.0},{"not_picked":["animator:Kazuma","animator:TukaLunaMarceau","animator:Ara"],"picked":"SKIP","floor":14.0},{"not_picked":["animator:GoblinSlayer","animator:ChaikaTrabant"],"picked":"animator:Greed","floor":16.0},{"not_picked":["animator:Witch","animator:Priestess"],"picked":"animator:GuildGirl","floor":18.0},{"not_picked":["animator:ChaikaBohdan","animator:Vanir","animator:Bozes"],"picked":"SKIP","floor":21.0},{"not_picked":["animator:Gluttony","animator:MaesHughes"],"picked":"animator:RinTohsaka","floor":22.0},{"not_picked":["animator:TukaLunaMarceau","animator:RoyMustang"],"picked":"animator:Eris","floor":23.0},{"not_picked":["animator:ElricEdward","animator:Pride"],"picked":"animator:WinryRockbell","floor":27.0},{"not_picked":["animator:Verdia+1","animator:Vanir"],"picked":"animator:Hans","floor":28.0},{"not_picked":["animator:Chris","animator:Assassin+1","animator:Raven"],"picked":"SKIP","floor":29.0},{"not_picked":["animator:Elsword","animator:Chung","animator:Priestess"],"picked":"SKIP","floor":30.0},{"not_picked":["animator:ChaikaTrabant","animator:Wiz"],"picked":"animator:Envy","floor":33.0},{"not_picked":["animator:Raven","animator:Add"],"picked":"animator:Rena","floor":35.0},{"not_picked":["animator:Aqua","animator:Spearman","animator:GuildGirl"],"picked":"SKIP","floor":36.0},{"not_picked":["animator:Shimakaze","animator:MamizouFutatsuiwa"],"picked":"animator:Hibiki","floor":38.0},{"not_picked":["animator:Magilou","animator:IchigoKurosaki"],"picked":"animator:MisakiNakahara","floor":38.0},{"not_picked":["animator:HighElfArcher+1","animator:Raven+1"],"picked":"animator:Witch+1","floor":40.0},{"not_picked":["animator:ChaikaBohdan+1","animator:Assassin+1","animator:YaoHaDucy+1"],"picked":"SKIP","floor":42.0},{"not_picked":["animator:Priestess+1","animator:Witch+1"],"picked":"animator:GuildGirl","floor":46.0},{"not_picked":["animator:Berserker+1","animator:Rider"],"picked":"animator:Saber","floor":55.0},{"not_picked":["animator:Laby","animator:RinTohsaka","animator:CowGirl"],"picked":"SKIP","floor":56.0},{"not_picked":["animator:LizardPriest","animator:Chung+1","animator:LeleiLaLalena"],"picked":"SKIP","floor":60.0},{"not_picked":["animator:Rena","animator:Chung","animator:Sloth"],"picked":"SKIP","floor":61.0},{"not_picked":["animator:Chung","animator:Sloth"],"picked":"animator:Rena","floor":61.0},{"not_picked":["animator:Layla","animator:Scar"],"picked":"animator:Envy","floor":64.0},{"not_picked":["animator:Canti","animator:Zero"],"picked":"animator:MisaKurobane","floor":66.0},{"not_picked":["animator:Canti","animator:Kira"],"picked":"animator:MisaKurobane","floor":66.0},{"not_picked":["animator:Chung","animator:Verdia"],"picked":"animator:Arpeggio+1","floor":68.0},{"not_picked":["animator:SakuraMatou","animator:Scar"],"picked":"animator:Arpeggio","floor":69.0}],"player_experience":2621388,"relics_obtained":[{"floor":6.0,"key":"Mummified Hand"},{"floor":8.0,"key":"construct:RocketBooster"},{"floor":9.0,"key":"Sundial"},{"floor":11.0,"key":"Red Skull"},{"floor":13.0,"key":"Smiling Mask"},{"floor":23.0,"key":"animator:Buoy"},{"floor":27.0,"key":"Gambling Chip"},{"floor":30.0,"key":"Bottled Flame"},{"floor":40.0,"key":"Molten Egg 2"},{"floor":42.0,"key":"animator:WornHelmet"},{"floor":43.0,"key":"Regal Pillow"},{"floor":48.0,"key":"animator:HeavyHalberd"},{"floor":54.0,"key":"animator:TheEruzaStone"},{"floor":54.0,"key":"animator:AncientMedallion"},{"floor":57.0,"key":"animator:AncientMedallion"},{"floor":58.0,"key":"animator:AncientMedallion"},{"floor":58.0,"key":"animator:AncientMedallion"},{"floor":58.0,"key":"animator:AncientMedallion"},{"floor":64.0,"key":"animator:AncientMedallion"},{"floor":65.0,"key":"animator:AncientMedallion"},{"floor":68.0,"key":"animator:AncientMedallion"},{"floor":69.0,"key":"animator:AncientMedallion"}],"event_choices":[{"damage_healed":0.0,"max_hp_gain":0.0,"max_hp_loss":0.0,"gold_gain":0.0,"event_name":"Liars Game","player_choice":"Ignored","floor":2.0,"gold_loss":0.0,"damage_taken":0.0},{"damage_healed":0.0,"max_hp_gain":0.0,"max_hp_loss":0.0,"gold_gain":0.0,"event_name":"The Woman in Blue","player_choice":"Bought 2 Potions","floor":3.0,"gold_loss":0.0,"damage_taken":0.0},{"damage_healed":0.0,"max_hp_gain":0.0,"max_hp_loss":0.0,"gold_gain":0.0,"event_name":"Accursed Blacksmith","player_choice":"Forge","floor":5.0,"gold_loss":0.0,"damage_taken":0.0,"cards_upgraded":["animator:ElricAlphonse"]},{"damage_healed":0.0,"max_hp_gain":0.0,"max_hp_loss":0.0,"gold_gain":0.0,"event_name":"Addict","player_choice":"Obtained Relic","floor":19.0,"gold_loss":85.0,"damage_taken":0.0,"relics_obtained":["Omamori"]},{"damage_healed":0.0,"max_hp_gain":0.0,"max_hp_loss":0.0,"gold_gain":0.0,"event_name":"The Mausoleum","player_choice":"Opened","floor":20.0,"gold_loss":0.0,"damage_taken":0.0,"relics_obtained":["Nunchaku"],"cards_obtained":["Writhe"]},{"damage_healed":0.0,"max_hp_gain":0.0,"max_hp_loss":0.0,"gold_gain":275.0,"event_name":"Golden Shrine","player_choice":"Desecrate","floor":25.0,"gold_loss":0.0,"damage_taken":0.0,"cards_obtained":["Regret"]},{"damage_healed":0.0,"max_hp_gain":0.0,"max_hp_loss":0.0,"gold_gain":0.0,"event_name":"Winding Halls","player_choice":"Embrace Madness","floor":37.0,"gold_loss":0.0,"damage_taken":10.0,"cards_obtained":["animator:HigakiRinne"]},{"damage_healed":0.0,"max_hp_gain":0.0,"max_hp_loss":0.0,"gold_gain":0.0,"event_name":"SensoryStone","player_choice":"Memory 3","floor":38.0,"gold_loss":0.0,"damage_taken":10.0},{"cards_removed":["animator:RinTohsaka"],"damage_healed":0.0,"max_hp_gain":0.0,"max_hp_loss":0.0,"gold_gain":0.0,"event_name":"Falling","player_choice":"Removed Skill","floor":39.0,"gold_loss":0.0,"damage_taken":0.0},{"damage_healed":0.0,"max_hp_gain":0.0,"max_hp_loss":0.0,"gold_gain":0.0,"event_name":"MindBloom","player_choice":"Fight","floor":48.0,"gold_loss":0.0,"damage_taken":0.0},{"damage_healed":0.0,"max_hp_gain":0.0,"max_hp_loss":0.0,"gold_gain":0.0,"event_name":"SensoryStone","player_choice":"Memory 3","floor":66.0,"gold_loss":0.0,"damage_taken":10.0}],"is_beta":false,"boss_relics":[{"not_picked":["animator:CursedBlade","Ectoplasm"],"picked":"Pandora\u0027s Box"},{"not_picked":["Busted Crown","Empty Cage"],"picked":"Mark of Pain"}],"items_purged_floors":[10],"is_endless":false,"potions_floor_spawned":[1,7,11,14,16,22,23,28,29,35,36,42,64],"ascension_level":20}}