{"host":"e1pm3b7xpcm97e5w","time":1610634753,"event":{"mods":["BaseMod","Better Skull","Googly Eyes","Minty Spire (QoL Compilation)","Relic Stats","Shop Mod","Spicy Shops","StSLib"],"gold_per_floor":[116,134,148,162,87,87,118,118,172,172,182,182,182,202,202,307,307,326,340,340,353,373,373,373],"floor_reached":23,"language":"ENG","playtime":740,"items_purged":["Strike_P"],"score":380,"play_id":"d7ea3aff-9042-4f8c-a3c0-fb7ff5d99709","local_time":"20210114093233","is_ascension_mode":true,"campfire_choices":[{"data":"Alpha","floor":6,"key":"SMITH"},{"floor":10,"key":"REST"},{"data":"Blasphemy","floor":13,"key":"SMITH"},{"floor":15,"key":"REST"}],"circlet_count":0,"master_deck":["AscendersBane","Strike_P","Strike_P","Strike_P","Defend_P","Defend_P","Defend_P","Defend_P","Eruption+1","Vigilance","SashWhip+1","CutThroughFate","Alpha+1","Tantrum+1","Blasphemy+1","PathToVictory","TalkToTheHand","PathToVictory","Ragnarok","ClearTheMind","WindmillStrike+1"],"relics":["PureWater","Meat on the Bone","Whetstone","Dream Catcher","Cursed Key"],"acts_visited":["Exordium","TheCity"],"potions_floor_usage":[19],"damage_taken":[{"damage":0,"enemies":"Cultist","floor":1,"turns":4},{"damage":0,"enemies":"Jaw Worm","floor":2,"turns":3},{"damage":6,"enemies":"Small Slimes","floor":3,"turns":2},{"damage":4,"enemies":"Exordium Wildlife","floor":4,"turns":4},{"damage":53,"enemies":"Gremlin Nob","floor":7,"turns":5},{"damage":1,"enemies":"2 Fungi Beasts","floor":11,"turns":3},{"damage":6,"enemies":"Looter","floor":14,"turns":4},{"damage":0,"enemies":"Slime Boss","floor":16,"turns":4},{"damage":18,"enemies":"Chosen","floor":18,"turns":4},{"damage":17,"enemies":"2 Thieves","floor":19,"turns":3},{"damage":10,"enemies":"Snecko","floor":21,"turns":4},{"damage":16,"enemies":"Sentry and Sphere","floor":22,"turns":3},{"damage":74,"enemies":"Slavers","floor":23,"turns":3}],"seed_played":"-2652928487493789773","potions_obtained":[{"floor":2,"key":"FairyPotion"},{"floor":14,"key":"SkillPotion"},{"floor":19,"key":"DuplicationPotion"}],"is_trial":false,"path_per_floor":["M","M","M","M","$","R","E","$","T","R","M","?","R","M","R","B",null,"M","M","?","M","M","E"],"character_chosen":"WATCHER","items_purchased":[],"campfire_rested":2,"item_purchase_floors":[],"current_hp_per_floor":[65,65,59,55,55,55,2,2,2,23,34,27,27,33,54,54,68,50,45,45,47,43,0,0],"gold":373,"neow_bonus":"UPGRADE_CARD","is_daily":false,"chose_seed":false,"campfire_upgraded":2,"win_rate":0.0,"timestamp":1610634753,"path_taken":["M","M","M","?","?","R","E","?","T","R","?","?","R","M","R","BOSS","M","M","?","M","M","E"],"items_purchased_type":[],"build_version":"2020-12-22","purchased_purges":1,"victory":false,"max_hp_per_floor":[72,72,72,72,72,72,72,72,72,72,72,72,72,72,72,72,72,72,72,72,72,72,72,72],"relic_stats":{"Dream Catcher":1,"counters":[13,46],"Whetstone":["SashWhip","Tantrum"],"Cursed Key":0,"obtain_stats":[{"Dream Catcher":12,"Whetstone":9,"PureWater":0,"Cursed Key":17,"Meat on the Bone":7},{"Dream Catcher":6,"Whetstone":5,"PureWater":0,"Cursed Key":8,"Meat on the Bone":5},{"Dream Catcher":21,"Whetstone":18,"PureWater":0,"Cursed Key":29,"Meat on the Bone":18}],"Meat on the Bone":60},"card_choices":[{"not_picked":["Halt","BowlingBash"],"picked":"SashWhip","floor":1},{"not_picked":["Adaptation","InnerPeace"],"picked":"CutThroughFate","floor":2},{"not_picked":["FollowUp","CrushJoints"],"picked":"Alpha","floor":3},{"not_picked":["Study","Crescendo"],"picked":"Tantrum","floor":4},{"not_picked":["Sanctity","SashWhip"],"picked":"Blasphemy","floor":7},{"not_picked":["EmptyFist","Protect"],"picked":"PathToVictory","floor":11},{"not_picked":["Adaptation","Establishment"],"picked":"TalkToTheHand","floor":14},{"not_picked":["CutThroughFate","CrushJoints"],"picked":"PathToVictory","floor":15},{"not_picked":["SpiritShield","Omniscience"],"picked":"Ragnarok","floor":16},{"not_picked":["Prostrate","Crescendo"],"picked":"ClearTheMind","floor":18},{"not_picked":["Halt","CutThroughFate"],"picked":"WindmillStrike+1","floor":19},{"not_picked":["CutThroughFate","EmptyMind","Study"],"picked":"SKIP","floor":21},{"not_picked":["BowlingBash","Crescendo+1","Consecrate+1"],"picked":"SKIP","floor":22}],"player_experience":534363,"relics_obtained":[{"floor":7,"key":"Meat on the Bone"},{"floor":9,"key":"Whetstone"}],"event_choices":[{"damage_healed":0,"gold_gain":0,"player_choice":"Success","damage_taken":7,"relics_obtained":["Dream Catcher"],"max_hp_gain":0,"max_hp_loss":0,"event_name":"Scrap Ooze","floor":12,"gold_loss":0},{"damage_healed":0,"gold_gain":0,"player_choice":"Ignored","damage_taken":0,"max_hp_gain":0,"max_hp_loss":0,"event_name":"Ghosts","floor":20,"gold_loss":0}],"is_beta":false,"boss_relics":[{"not_picked":["Pandora\u0027s Box","HolyWater"],"picked":"Cursed Key"}],"items_purged_floors":[5],"is_endless":false,"potions_floor_spawned":[2,14,16,19,22],"killed_by":"Slavers","ascension_level":11}}