{"host":"60l258qxpyrtzhoo","time":1610644479,"event":{"mods":["AchievementEnabler","Act Like it!","BaseMod","BetterRewards","Colored Map","Colored Powertips","Custom Start","Decade(???)","Downfall","Duelist Mod","Gensokyo","Googly Eyes","Grow up Mod","GungeonMod","Hermit","Hubris","Infinite Spire","Jorbs\u0027s Wanderer Trilogy","Koishi","Marisa????????","Minty Spire (QoL Compilation)","Quick Restart","Reimu??????","Remilia??????","Replay The Spire","Shop Mod","StSLib","The Bug Knight","The Construct","The Cursed","The Disciple","The Hierophant","The Necromancer","The Servant 0.9.4","UnlockEverythingMod","vexMod"],"gold_per_floor":[113,133,82,82,82,112,112,131,183,183,210,210,223,250,250,351,351,367,377,390,405,418,452,468,487,487,514,529,529,529,562,562,659,659,677,677,687,687,687,713,713,745,745,745,745,763,776,776,776,776],"floor_reached":51,"language":"ENG","playtime":3133,"items_purged":[],"score":1668,"play_id":"a60bdfb5-7b61-4047-bba6-b808d76a3474","local_time":"20210114181439","is_ascension_mode":true,"campfire_choices":[{"data":"Impervious","floor":10,"key":"SMITH"},{"data":"hubris:SharpeningStone","floor":10,"key":"SMITH"},{"floor":12,"key":"REST"},{"floor":15,"key":"REST"},{"floor":32,"key":"REST"},{"data":"Ghostly Armor","floor":41,"key":"SMITH"},{"floor":44,"key":"REST"},{"floor":49,"key":"REST"}],"circlet_count":0,"master_deck":["Metallicize+1","Ghostly Armor+1","Iron Wave+1","Iron Wave+1","Strike_R+1","Body Slam+1","Body Slam+1","Impervious+1","Barricade+1","Entrench+1","Impervious+1","hubris:SharpeningStone+1","Feel No Pain+1","Pommel Strike+1","Disarm+1","Ghostly Armor+1"],"relics":["Burning Blood","Replay:WaspNest","Replay:Arrowhead","Toy Ornithopter","Replay:Baseball","hubris:TenFootPole","Cursed Key","DemoMod:PinkGuonStone","DemoMod:JetPack","Anchor","Runic Cube","hubris:Icosahedron","CrazyTorch:ReiMu","Shuriken","DemoMod:GlassGuonStoneRelic"],"acts_visited":["Exordium","TheCity","TheBeyond"],"potions_floor_usage":[11],"damage_taken":[{"damage":1,"enemies":"Small Slimes","floor":1,"turns":4},{"damage":0,"enemies":"2 Louse","floor":2,"turns":2},{"damage":0,"enemies":"Gremlin Nob","floor":6,"turns":3},{"damage":0,"enemies":"Cultist","floor":8,"turns":3},{"damage":8,"enemies":"3 Sentries","floor":11,"turns":4},{"damage":3,"enemies":"Gremlin Gang","floor":13,"turns":4},{"damage":0,"enemies":"Gremlin Nob","floor":14,"turns":2},{"damage":0,"enemies":"Fading Forest","floor":16,"turns":6},{"damage":0,"enemies":"Spheric Guardian","floor":18,"turns":2},{"damage":0,"enemies":"Chosen","floor":19,"turns":3},{"damage":0,"enemies":"Centurion and Healer","floor":20,"turns":5},{"damage":0,"enemies":"Snake Plant","floor":21,"turns":2},{"damage":0,"enemies":"3 Cultists","floor":22,"turns":5},{"damage":3,"enemies":"Nightmare","floor":23,"turns":5},{"damage":0,"enemies":"Snecko","floor":24,"turns":3},{"damage":0,"enemies":"Shelled Parasite and Fungi","floor":25,"turns":4},{"damage":0,"enemies":"Slavers","floor":27,"turns":3},{"damage":11,"enemies":"Snake Plant","floor":28,"turns":3},{"damage":2,"enemies":"Colosseum Slavers","floor":30,"turns":5},{"damage":2,"enemies":"theDuelist:KaibaA2","floor":31,"turns":4},{"damage":13,"enemies":"hubris:MusketHawk","floor":33,"turns":4},{"damage":0,"enemies":"3 Darklings","floor":35,"turns":5},{"damage":0,"enemies":"Orb Walker","floor":37,"turns":3},{"damage":0,"enemies":"Giant Head","floor":40,"turns":5},{"damage":17,"enemies":"R_Hoarder","floor":42,"turns":9},{"damage":0,"enemies":"Jaw Worm Horde","floor":46,"turns":4},{"damage":0,"enemies":"Spire Growth","floor":47,"turns":3},{"damage":1,"enemies":"hubris:GrandSnecko","floor":50,"turns":7}],"seed_played":"-93857992095416257","potions_obtained":[{"floor":2,"key":"PowerPotion"},{"floor":11,"key":"SteroidPotion"},{"floor":13,"key":"ElixirPotion"},{"floor":24,"key":"Block Potion"}],"is_trial":true,"path_per_floor":["M","M","$","?","?","E","?","M","T","R","E","R","M","E","R","B",null,"M","M","M","M","M","NM","M","M","T","E","M","?","?","E","R","B",null,"M","?","M","?","?","E","R","E","T","R","?","M","M","T","R","B",null],"character_chosen":"IRONCLAD","items_purchased":["champ:CounterPotion"],"campfire_rested":5,"item_purchase_floors":[3],"current_hp_per_floor":[97,110,120,130,140,150,160,170,180,190,198,210,220,230,240,250,260,270,280,290,300,310,327,337,347,357,367,372,382,396,407,417,420,435,447,457,467,477,487,497,507,506,516,537,521,537,553,563,587,597],"gold":776,"neow_bonus":"","is_daily":false,"chose_seed":false,"campfire_upgraded":3,"win_rate":0.0,"timestamp":1610644479,"path_taken":["M","M","$","?","?","E","?","M","T","R","E","R","?","E","R","BOSS","M","M","M","M","M","NM","M","M","T","E","?","?","?","E","R","BOSS","M","?","M","?","?","E","R","E","T","R","?","?","M","?","R","BOSS"],"items_purchased_type":["Potion"],"build_version":"2020-12-22","purchased_purges":0,"victory":true,"max_hp_per_floor":[100,110,120,130,140,150,160,170,180,190,200,210,220,230,240,250,260,270,280,290,300,310,327,337,347,357,367,377,387,397,407,417,427,437,447,457,467,477,487,497,507,517,527,537,547,557,567,577,587,597],"card_choices":[{"not_picked":["Replay:Undeath\u0027s Touch","Heavy Blade","Thunderclap"],"picked":"SKIP","floor":1},{"not_picked":["Clothesline","Bloodletting","Iron Wave"],"picked":"SKIP","floor":2},{"not_picked":["ReplayTheSpireMod:Stacked","Reckless Charge","hubris:SharpeningStone"],"picked":"SKIP","floor":6},{"not_picked":["Headbutt","Pummel"],"picked":"hubris:SharpeningStone","floor":8},{"not_picked":["Thunderclap","Hemokinesis","Anger"],"picked":"SKIP","floor":11},{"not_picked":["Reckless Charge","Massacre","Disarm"],"picked":"SKIP","floor":13},{"not_picked":["Intimidate","Armaments","DemoMod:WhiteBlade"],"picked":"SKIP","floor":14},{"not_picked":["Spot Weakness","Armaments","Headbutt"],"picked":"SKIP","floor":18},{"not_picked":["Cleave","Wild Strike","Sentinel"],"picked":"SKIP","floor":19},{"not_picked":["Headbutt+1","Thunderclap+1","Metallicize"],"picked":"SKIP","floor":20},{"not_picked":["Clash","Headbutt","Run Through"],"picked":"SKIP","floor":21},{"not_picked":["Headbutt","Armaments","Fiend Fire"],"picked":"SKIP","floor":22},{"not_picked":["Impervious","Pommel Strike+1"],"picked":"Feel No Pain+1","floor":23},{"not_picked":["Shrug It Off","Run Through"],"picked":"Pommel Strike+1","floor":24},{"not_picked":["Clash+1","Hemokinesis","Burning Pact"],"picked":"SKIP","floor":25},{"not_picked":["Twin Strike","Iron Wave","Replay:Undeath\u0027s Touch"],"picked":"SKIP","floor":27},{"not_picked":["Twin Strike+1","Wild Strike","True Grit"],"picked":"SKIP","floor":28},{"not_picked":["Berserk","hubris:SharpeningStone+1","Searing Blow"],"picked":"SKIP","floor":31},{"not_picked":["DemoMod:BlackBlade","Flex+1"],"picked":"Disarm+1","floor":35},{"not_picked":["Sword Boomerang","Wild Strike","Brutality"],"picked":"SKIP","floor":37},{"not_picked":["hubris:CleavingFinish","Life Link+1","Dropkick+1"],"picked":"SKIP","floor":40},{"not_picked":["Abandon","Body Slam","Wild Strike"],"picked":"SKIP","floor":42},{"not_picked":["Sword Boomerang+1","Perfected Strike+1","Clash+1"],"picked":"SKIP","floor":46},{"not_picked":["Rupture","Seeing Red+1","Uppercut+1"],"picked":"SKIP","floor":47}],"player_experience":15354,"relics_obtained":[{"floor":5,"key":"Replay:WaspNest"},{"floor":6,"key":"Replay:Arrowhead"},{"floor":9,"key":"Toy Ornithopter"},{"floor":11,"key":"Replay:Baseball"},{"floor":14,"key":"hubris:TenFootPole"},{"floor":23,"key":"DemoMod:PinkGuonStone"},{"floor":27,"key":"DemoMod:JetPack"},{"floor":31,"key":"Anchor"},{"floor":40,"key":"CrazyTorch:ReiMu"},{"floor":42,"key":"Shuriken"}],"event_choices":[{"damage_healed":0,"gold_gain":0,"player_choice":"1 cards matched","damage_taken":0,"max_hp_gain":0,"max_hp_loss":0,"event_name":"Match and Keep!","floor":7,"gold_loss":0,"cards_obtained":["Impervious"]},{"damage_healed":0,"gold_gain":0,"player_choice":"Ignored","damage_taken":0,"max_hp_gain":0,"max_hp_loss":0,"event_name":"Ghosts","floor":29,"gold_loss":0},{"damage_healed":0,"gold_gain":0,"player_choice":"Fight","damage_taken":0,"max_hp_gain":0,"max_hp_loss":0,"event_name":"Colosseum","floor":30,"gold_loss":0},{"damage_healed":0,"gold_gain":0,"player_choice":"Fled From Nobs","damage_taken":0,"max_hp_gain":0,"max_hp_loss":0,"event_name":"Colosseum","floor":30,"gold_loss":0},{"damage_healed":0,"gold_gain":0,"player_choice":"Ignored","damage_taken":0,"max_hp_gain":0,"max_hp_loss":0,"event_name":"Falling","floor":36,"gold_loss":0},{"damage_healed":0,"gold_gain":0,"player_choice":"Damaged","damage_taken":53,"max_hp_gain":0,"max_hp_loss":0,"event_name":"Wheel of Change","floor":45,"gold_loss":0}],"is_beta":false,"boss_relics":[{"not_picked":["Coffee Dripper","vexMod:ImprovementManual"],"picked":"Cursed Key"},{"not_picked":["Replay:Ancient Bell","Runic Dome"],"picked":"Runic Cube"}],"items_purged_floors":[],"is_endless":false,"potions_floor_spawned":[2,11,13,21,24,25,27,28,30,31,40,47],"ascension_level":10}}