{"host":"tzz1a4lp7gkxiavd","time":1610600553,"event":{"mods":["BaseMod","Marisa£®ÏF”Í°°ƒß¿Ì…≥£©","Minty Spire (QoL Compilation)","Remilia£®¿Ÿ√◊¿Ú—«£©","The Servant 0.9.4","Youmu£®ªÍ∆«—˝√Œ£©","Yuyuko","°æπ¶ƒ‹Mod°øNeowΩ±¿¯"],"gold_per_floor":[118,131,206,206,206,249,249,283,310,345,388,427,470,488,488,586,586,605,605,675,214,238,279,322,362,386,214,245,268,283,307,307,405,405,428,493,539,222,247,278,316,350,350,350,383,392,411,0,0,105,210,210,223,223,13,43,87,131,162,198,207,242,261,280,230,248,248,346,346,369,400,413,432,451,451,472,497,536,551,551,551,373,323,323,421,421,441,259,209,209,209,209],"floor_reached":91,"language":"ZHS","playtime":2658,"items_purged":["Writhe","Greed_TH","Writhe","Writhe","Normality","Doubt","Pain","Parasite"],"score":6177,"play_id":"5770bb87-82c6-4bf7-b9d9-7bebda8b0042","local_time":"20210114130233","daily_mods":["Shiny","Vintage","Heirloom","Time Dilation","Flight","DeadlyEvents","Cursed Run","Binary"],"is_ascension_mode":true,"campfire_choices":[{"data":"FlawlessForm","floor":7.0,"key":"SMITH"},{"floor":15.0,"key":"REST"},{"floor":32.0,"key":"REST"},{"floor":49.0,"key":"REST"},{"data":"PendulumOfEternity","floor":67.0,"key":"SMITH"},{"data":"FloweringNight","floor":75.0,"key":"SMITH"},{"data":"ForgedInTime","floor":80.0,"key":"SMITH"},{"data":"SoulSculpture","floor":84.0,"key":"SMITH"}],"circlet_count":0,"master_deck":["AscendersBane","Sunlight+1","Duplication+1","MurderousAura","LightFlow","Dilation","FlawlessForm+1","FloweringNight+1","Solidify","SoulSculpture+1","ForgedInTime+1","PendulumOfEternity+1","Initiator+1","Deny+1","KillingDoll","TheWorld","Initiator+1","Parasite","Injury"],"relics":["Cursed Key","Darkstone Periapt","Du-Vu Doll","Busted Crown","FossilizedHelix","Whetstone","HornCleat","Golden Idol","Sundial","PreservedInsect","Oddly Smooth Stone","Boot","StrikeDummy","Tiny Chest","Strawberry","Thread and Needle","Nunchaku","SplendidAttire","Toy Ornithopter","Meat on the Bone","Omamori","Bottled Flame","Ornamental Fan","Anchor","Lantern","Calipers","Smiling Mask","DollysMirror","Orichalcum","Potion Belt","Pen Nib","Regal Pillow","MysterySword","Pantograph","CatCart","Vajra","Blue Candle","Bag of Preparation","Singing Bowl","Kunai","Toxic Egg 2","Question Card","CeramicFish","InkBottle","White Beast Statue","Ice Cream","Velvet Choker","Eternal Feather","War Paint","Odd Mushroom","Mercury Hourglass","Shuriken","Akabeko","Blood Vial","Bag of Marbles","Dream Catcher","Dead Branch","Molten Egg 2","The Courier","Mango","Bottled Lightning","Enchiridion","Medical Kit","Bronze Scales","Membership Card"],"acts_visited":["Exordium","TheCity","TheBeyond","Exordium","TheCity","TheBeyond"],"potions_floor_usage":[],"damage_taken":[{"damage":0.0,"enemies":"Cultist","floor":1.0,"turns":2.0},{"damage":0.0,"enemies":"2 Louse","floor":2.0,"turns":2.0},{"damage":0.0,"enemies":"3 Sentries","floor":6.0,"turns":4.0},{"damage":0.0,"enemies":"Gremlin Nob","floor":8.0,"turns":1.0},{"damage":0.0,"enemies":"3 Sentries","floor":10.0,"turns":2.0},{"damage":0.0,"enemies":"Gremlin Nob","floor":11.0,"turns":1.0},{"damage":0.0,"enemies":"3 Sentries","floor":12.0,"turns":2.0},{"damage":0.0,"enemies":"Lagavulin","floor":13.0,"turns":3.0},{"damage":0.0,"enemies":"Jaw Worm","floor":14.0,"turns":1.0},{"damage":0.0,"enemies":"Hexaghost","floor":16.0,"turns":4.0},{"damage":0.0,"enemies":"Shell Parasite","floor":18.0,"turns":1.0},{"damage":0.0,"enemies":"Spheric Guardian","floor":22.0,"turns":1.0},{"damage":0.0,"enemies":"Book of Stabbing","floor":23.0,"turns":1.0},{"damage":0.0,"enemies":"Gremlin Leader","floor":24.0,"turns":1.0},{"damage":0.0,"enemies":"Slavers","floor":25.0,"turns":1.0},{"damage":0.0,"enemies":"Gremlin Leader","floor":28.0,"turns":1.0},{"damage":0.0,"enemies":"Shelled Parasite and Fungi","floor":29.0,"turns":1.0},{"damage":0.0,"enemies":"Snake Plant","floor":30.0,"turns":1.0},{"damage":0.0,"enemies":"Cultist and Chosen","floor":31.0,"turns":2.0},{"damage":1.0,"enemies":"Automaton","floor":33.0,"turns":5.0},{"damage":0.0,"enemies":"Orb Walker","floor":35.0,"turns":1.0},{"damage":12.0,"enemies":"Orin","floor":36.0,"turns":4.0},{"damage":0.0,"enemies":"3 Darklings","floor":39.0,"turns":1.0},{"damage":0.0,"enemies":"Reptomancer","floor":40.0,"turns":1.0},{"damage":0.0,"enemies":"Nemesis","floor":41.0,"turns":1.0},{"damage":2.0,"enemies":"Giant Head","floor":42.0,"turns":4.0},{"damage":0.0,"enemies":"Reptomancer","floor":45.0,"turns":1.0},{"damage":0.0,"enemies":"Transient","floor":47.0,"turns":4.0},{"damage":0.0,"enemies":"Awakened One","floor":50.0,"turns":6.0},{"damage":37.0,"enemies":"Time Eater","floor":51.0,"turns":3.0},{"damage":0.0,"enemies":"Cultist","floor":53.0,"turns":1.0},{"damage":0.0,"enemies":"The Mushroom Lair","floor":56.0,"turns":1.0},{"damage":0.0,"enemies":"3 Sentries","floor":57.0,"turns":1.0},{"damage":0.0,"enemies":"Gremlin Nob","floor":58.0,"turns":1.0},{"damage":0.0,"enemies":"3 Sentries","floor":59.0,"turns":1.0},{"damage":0.0,"enemies":"Gremlin Nob","floor":60.0,"turns":1.0},{"damage":0.0,"enemies":"Lagavulin","floor":62.0,"turns":1.0},{"damage":0.0,"enemies":"Jaw Worm","floor":63.0,"turns":1.0},{"damage":0.0,"enemies":"2 Louse","floor":64.0,"turns":1.0},{"damage":0.0,"enemies":"Blue Slaver","floor":66.0,"turns":1.0},{"damage":0.0,"enemies":"The Guardian","floor":68.0,"turns":2.0},{"damage":0.0,"enemies":"3 Byrds","floor":70.0,"turns":2.0},{"damage":0.0,"enemies":"Slavers","floor":71.0,"turns":1.0},{"damage":0.0,"enemies":"2 Thieves","floor":72.0,"turns":1.0},{"damage":0.0,"enemies":"Sentry and Sphere","floor":73.0,"turns":1.0},{"damage":0.0,"enemies":"Centurion and Healer","floor":74.0,"turns":1.0},{"damage":0.0,"enemies":"Snake Plant","floor":76.0,"turns":1.0},{"damage":0.0,"enemies":"Shelled Parasite and Fungi","floor":77.0,"turns":1.0},{"damage":0.0,"enemies":"Book of Stabbing","floor":78.0,"turns":1.0},{"damage":0.0,"enemies":"3 Cultists","floor":79.0,"turns":1.0},{"damage":0.0,"enemies":"Champ","floor":85.0,"turns":4.0},{"damage":5.0,"enemies":"Orb Walker","floor":87.0,"turns":1.0},{"damage":0,"enemies":"Nemesis","floor":91,"turns":1}],"seed_played":"-5247345495894533876","potions_obtained":[{"floor":1.0,"key":"Regen Potion"},{"floor":6.0,"key":"SpeedPotion"},{"floor":11.0,"key":"SteroidPotion"},{"floor":12.0,"key":"DuplicationPotion"},{"floor":29.0,"key":"SteroidPotion"},{"floor":31.0,"key":"PowerPotion"},{"floor":33.0,"key":"BlessingOfTheForge"},{"floor":35.0,"key":"FearPotion"},{"floor":57.0,"key":"Ancient Potion"}],"is_trial":true,"path_per_floor":["M","M","?","?","?","E","R","E","T","E","E","E","E","M","R","B",null,"M","?","T","$","M","E","E","E","T","$","E","M","M","M","R","B",null,"M","?","T","$","M","E","E","E","T","?","E","T","M","$","R","B","B",null,"M","?","$","?","E","E","E","E","T","E","M","M","$","M","R","B",null,"M","E","M","M","M","R","M","M","E","M","R","?","$","$","R","B",null,"M","$","$","?","E"],"character_chosen":"THE_SERVANT","items_purchased":["Omamori","Bottled Flame","DollysMirror","Blue Candle","Ice Cream","War Paint","Medical Kit","Membership Card"],"campfire_rested":3,"item_purchase_floors":[21,21,27,38,48,55,82,88],"current_hp_per_floor":[54,54,43,22,22,22,22,22,28,28,28,35,35,35,56,62,75,75,75,81,81,81,81,81,81,81,81,81,81,81,81,85,84,85,85,73,79,79,79,79,79,77,83,89,91,97,97,87,111,119,90,118,118,118,118,120,122,124,126,128,134,136,136,136,136,136,145,153,153,153,155,155,155,155,155,155,169,171,171,171,150,150,150,162,179,179,174,174,174,174,176,176],"gold":209,"neow_bonus":"","is_daily":false,"chose_seed":false,"campfire_upgraded":5,"win_rate":0.0,"timestamp":1610600553,"path_taken":["M","?","?","?","?","E","R","E","T","E","E","?","E","?","R","BOSS","M","?","?","?","?","E","E","E","T","$","E","M","M","M","R","BOSS","M","?","?","$","?","E","E","E","T","?","?","?","?","$","R","BOSS","BOSS","M","?","$","?","?","E","E","?","T","?","?","M","$","M","R","BOSS","M","?","M","?","M","R","M","M","E","M","R","?","$","$","R","BOSS","M","$","$","?","?"],"items_purchased_type":["Relic","Relic","Relic","Relic","Relic","Relic","Relic","Relic"],"build_version":"2020-12-22","purchased_purges":8,"victory":false,"max_hp_per_floor":[60,60,60,60,60,60,60,60,66,66,66,73,73,73,73,79,79,79,79,85,85,85,85,85,85,85,85,85,85,85,85,85,85,85,85,85,91,91,91,91,91,91,97,103,105,111,111,111,111,119,127,127,127,127,127,129,131,133,135,137,143,145,145,145,145,145,145,153,153,153,155,155,155,155,155,155,169,171,171,171,171,171,171,171,179,179,179,179,176,176,176,176],"card_choices":[{"not_picked":["Potential+1"],"picked":"Singing Bowl","floor":45.0},{"not_picked":["KillingDoll"],"picked":"Singing Bowl","floor":50.0},{"not_picked":["ForgedInTime+1"],"picked":"Singing Bowl","floor":51.0},{"not_picked":["Hightail+1"],"picked":"Singing Bowl","floor":56.0},{"not_picked":["FastForward+1"],"picked":"Singing Bowl","floor":57.0},{"not_picked":["Replace+1"],"picked":"Singing Bowl","floor":58.0},{"not_picked":["ShiftingGears+1"],"picked":"Singing Bowl","floor":59.0},{"not_picked":["SilverBlades"],"picked":"Singing Bowl","floor":60.0},{"not_picked":["Gouge"],"picked":"Singing Bowl","floor":62.0},{"not_picked":["LightFlow"],"picked":"Singing Bowl","floor":68.0},{"not_picked":["Revamp+1"],"picked":"Singing Bowl","floor":71.0},{"not_picked":["BestPractice"],"picked":"Singing Bowl","floor":78.0},{"not_picked":["Solidify+1"],"picked":"Singing Bowl","floor":85.0}],"player_experience":133939,"relics_obtained":[{"floor":1.0,"key":"Whetstone"},{"floor":2.0,"key":"HornCleat"},{"floor":6.0,"key":"PreservedInsect"},{"floor":8.0,"key":"Oddly Smooth Stone"},{"floor":9.0,"key":"Boot"},{"floor":10.0,"key":"StrikeDummy"},{"floor":11.0,"key":"Tiny Chest"},{"floor":12.0,"key":"Strawberry"},{"floor":13.0,"key":"Thread and Needle"},{"floor":14.0,"key":"Nunchaku"},{"floor":18.0,"key":"Toy Ornithopter"},{"floor":20.0,"key":"Meat on the Bone"},{"floor":22.0,"key":"Ornamental Fan"},{"floor":23.0,"key":"Anchor"},{"floor":24.0,"key":"Lantern"},{"floor":25.0,"key":"Calipers"},{"floor":26.0,"key":"Smiling Mask"},{"floor":28.0,"key":"Orichalcum"},{"floor":29.0,"key":"Potion Belt"},{"floor":30.0,"key":"Pen Nib"},{"floor":31.0,"key":"Regal Pillow"},{"floor":35.0,"key":"Pantograph"},{"floor":36.0,"key":"CatCart"},{"floor":37.0,"key":"Vajra"},{"floor":39.0,"key":"Bag of Preparation"},{"floor":40.0,"key":"Singing Bowl"},{"floor":41.0,"key":"Kunai"},{"floor":42.0,"key":"Toxic Egg 2"},{"floor":43.0,"key":"Question Card"},{"floor":45.0,"key":"CeramicFish"},{"floor":46.0,"key":"InkBottle"},{"floor":47.0,"key":"White Beast Statue"},{"floor":53.0,"key":"Eternal Feather"},{"floor":56.0,"key":"Odd Mushroom"},{"floor":61.0,"key":"Mercury Hourglass"},{"floor":63.0,"key":"Shuriken"},{"floor":64.0,"key":"Akabeko"},{"floor":66.0,"key":"Blood Vial"},{"floor":70.0,"key":"Bag of Marbles"},{"floor":72.0,"key":"Dream Catcher"},{"floor":73.0,"key":"Dead Branch"},{"floor":74.0,"key":"Molten Egg 2"},{"floor":76.0,"key":"The Courier"},{"floor":77.0,"key":"Mango"},{"floor":79.0,"key":"Bottled Lightning"},{"floor":81.0,"key":"Enchiridion"},{"floor":87.0,"key":"Bronze Scales"}],"event_choices":[{"damage_healed":0.0,"max_hp_gain":0.0,"max_hp_loss":0.0,"gold_gain":75.0,"event_name":"World of Goop","player_choice":"Gather Gold","floor":3.0,"gold_loss":0.0,"damage_taken":11.0},{"damage_healed":0.0,"max_hp_gain":0.0,"max_hp_loss":0.0,"gold_gain":0.0,"event_name":"Golden Idol","player_choice":"Take Damage","floor":4.0,"gold_loss":0.0,"damage_taken":21.0,"relics_obtained":["Golden Idol"]},{"damage_healed":0.0,"max_hp_gain":0.0,"max_hp_loss":0.0,"gold_gain":0.0,"event_name":"WeMeetAgain","player_choice":"Gave Potion","floor":5.0,"gold_loss":0.0,"damage_taken":0.0,"relics_obtained":["Sundial"]},{"damage_healed":0.0,"max_hp_gain":0.0,"max_hp_loss":0.0,"gold_gain":0.0,"event_name":"Back to Basics","player_choice":"Simplicity","floor":19.0,"gold_loss":0.0,"damage_taken":0.0,"cards_upgraded":[]},{"damage_healed":0.0,"max_hp_gain":0.0,"max_hp_loss":0.0,"gold_gain":0.0,"event_name":"OrinTheCat","player_choice":"Fight","floor":36.0,"gold_loss":0.0,"damage_taken":0.0},{"damage_healed":0.0,"max_hp_gain":0.0,"max_hp_loss":0.0,"gold_gain":0.0,"cards_transformed":["Regret"],"event_name":"Transmorgrifier","player_choice":"Transformed","floor":44.0,"gold_loss":0.0,"damage_taken":0.0,"cards_obtained":["Greed_TH"]},{"cards_removed":["Normality"],"damage_healed":0.0,"max_hp_gain":0.0,"max_hp_loss":0.0,"gold_gain":0.0,"event_name":"Living Wall","player_choice":"Forget","floor":54.0,"gold_loss":0.0,"damage_taken":0.0},{"damage_healed":0.0,"max_hp_gain":0.0,"max_hp_loss":0.0,"gold_gain":0.0,"event_name":"Mushrooms","player_choice":"Fought Mushrooms","floor":56.0,"gold_loss":0.0,"damage_taken":0.0},{"damage_healed":0.0,"max_hp_gain":0.0,"max_hp_loss":0.0,"gold_gain":0.0,"event_name":"Cursed Tome","player_choice":"Obtained Book","floor":81.0,"gold_loss":0.0,"damage_taken":21.0},{"damage_healed":0.0,"max_hp_gain":0.0,"max_hp_loss":0.0,"gold_gain":0.0,"event_name":"Tomb of Lord Red Mask","player_choice":"Ignored","floor":90.0,"gold_loss":0.0,"damage_taken":0.0}],"is_beta":false,"boss_relics":[{"not_picked":["Tiny House","Snecko Eye"],"picked":"SplendidAttire"},{"not_picked":["Runic Pyramid","Coffee Dripper"],"picked":"MysterySword"},{"not_picked":["SacredBark","Sozu"],"picked":"Velvet Choker"},{"not_picked":["VoidEssence"],"picked":"MetallicRebirth"},{"not_picked":["Accursed"],"picked":"MetallicRebirth"}],"items_purged_floors":[38,48,55,65,82,83,88,89],"is_endless":true,"potions_floor_spawned":[1,6,11,12,13,16,18,23,29,31,33,35,41,42,45,50,51,53,56,57,58,59,60,62,63,64,66,68,70,71,72,73,74,76,77,78,79,85,87],"killed_by":"Nemesis","ascension_level":20}}