{"host":"ibonnlq6s1c814xj","time":1610633984,"event":{"mods":["BaseMod","BetterRewards","Good Game Mod","Minty Spire (QoL Compilation)","Shop Mod","【功能Mod】聪明的最终Boss"],"gold_per_floor":[117,128,128,128,128,159,180,204,204,219,244,269,269,294,294,418,418,438,453,107,107,124,159,159,187,187,187,187,112,125,140,140,243,243,255,66,116,116,0,0,32,87,87,118,118,136,136,168,168,168],"floor_reached":51,"language":"ZHS","playtime":2955,"items_purged":["Injury","After Image","Core Surge"],"score":915,"play_id":"e236b49d-a880-4ecb-9230-8b5340b3415f","local_time":"20210114221944","is_ascension_mode":true,"campfire_choices":[{"data":"White Noise","floor":13,"key":"SMITH"},{"floor":15,"key":"REST"},{"data":"Echo Form","floor":24,"key":"SMITH"},{"data":"Defragment","floor":28,"key":"SMITH"},{"data":"Hello World","floor":32,"key":"SMITH"},{"data":"Storm","floor":40,"key":"SMITH"},{"data":"Self Repair","floor":45,"key":"SMITH"},{"data":"Heatsinks","floor":47,"key":"SMITH"},{"floor":49,"key":"REST"}],"circlet_count":0,"master_deck":["Zap+1","Dualcast","Defragment","White Noise+1","Heatsinks+1","Loop","Defragment+1","Hello World+1","Echo Form+1","Chill","Capacitor","Heatsinks","Seek+1","Self Repair+1","Leap","White Noise+1","Buffer","Defragment+1","Storm+1","Storm+1","Defragment+1","Buffer"],"relics":["Cracked Core","REME:ComplimentaryCards","Meat on the Bone","StoneCalendar","MerchantsRug","Bloody Idol","Mummified Hand","Sundial","Pandora\u0027s Box","Torii","Potion Belt","Prayer Wheel","Black Star","Runic Capacitor","Emotion Chip","Art of War","Darkstone Periapt","CaptainsWheel","Girya","Omamori","PreservedInsect","Gambling Chip","DataDisk"],"acts_visited":["Exordium","TheCity","TheBeyond"],"potions_floor_usage":[10,16,16,16,16,16,37,50,50],"damage_taken":[{"damage":20,"enemies":"Jaw Worm","floor":1,"turns":5},{"damage":5,"enemies":"Cultist","floor":2,"turns":4},{"damage":8,"enemies":"Lagavulin","floor":6,"turns":7},{"damage":0,"enemies":"Small Slimes","floor":7,"turns":3},{"damage":10,"enemies":"Looter","floor":8,"turns":3},{"damage":46,"enemies":"Exordium Thugs","floor":10,"turns":6},{"damage":12,"enemies":"3 Louse","floor":11,"turns":4},{"damage":23,"enemies":"Large Slime","floor":12,"turns":5},{"damage":20,"enemies":"Gremlin Gang","floor":14,"turns":5},{"damage":26,"enemies":"The Guardian","floor":16,"turns":7},{"damage":7,"enemies":"Chosen","floor":18,"turns":4},{"damage":16,"enemies":"2 Thieves","floor":19,"turns":4},{"damage":8,"enemies":"Centurion and Healer","floor":22,"turns":5},{"damage":11,"enemies":"Slavers","floor":23,"turns":4},{"damage":10,"enemies":"Gremlin Leader","floor":25,"turns":4},{"damage":0,"enemies":"3 Cultists","floor":30,"turns":5},{"damage":7,"enemies":"Snecko","floor":31,"turns":4},{"damage":7,"enemies":"Champ","floor":33,"turns":7},{"damage":8,"enemies":"Orb Walker","floor":35,"turns":3},{"damage":0,"enemies":"Mind Bloom Boss Battle","floor":37,"turns":4},{"damage":18,"enemies":"Reptomancer","floor":41,"turns":2},{"damage":16,"enemies":"2 Orb Walkers","floor":42,"turns":2},{"damage":13,"enemies":"Giant Head","floor":44,"turns":4},{"damage":16,"enemies":"3 Shapes","floor":46,"turns":2},{"damage":18,"enemies":"Reptomancer","floor":48,"turns":3},{"damage":0,"enemies":"Donu and Deca","floor":50,"turns":6}],"seed_played":"-592360862665412808","potions_obtained":[{"floor":8,"key":"Fire Potion"},{"floor":11,"key":"BlessingOfTheForge"},{"floor":12,"key":"PotionOfCapacity"},{"floor":14,"key":"EntropicBrew"},{"floor":16,"key":"GamblersBrew"},{"floor":23,"key":"LiquidMemories"},{"floor":25,"key":"SkillPotion"},{"floor":30,"key":"FocusPotion"},{"floor":33,"key":"SmokeBomb"},{"floor":41,"key":"ColorlessPotion"},{"floor":42,"key":"ColorlessPotion"}],"is_trial":false,"path_per_floor":["M","M","?","?","T","E","M","M","T","M","M","M","R","M","R","B",null,"M","M","$","?","M","E","R","E","T","?","R","?","M","M","R","B",null,"M","$","?","?","$","R","E","?","T","E","R","M","R","E","R","B",null],"character_chosen":"DEFECT","items_purchased":["Defragment","Meat on the Bone","White Noise","MerchantsRug","Torii","Runic Capacitor","Storm"],"campfire_rested":2,"item_purchase_floors":[0,0,0,0,20,36,36],"current_hp_per_floor":[32,39,43,43,43,47,47,49,49,15,15,46,46,38,62,48,82,82,73,73,73,77,78,78,80,80,80,80,80,82,82,82,82,82,82,82,82,82,82,82,69,65,65,64,64,53,53,62,82,82],"gold":168,"neow_bonus":"","is_daily":false,"chose_seed":false,"campfire_upgraded":7,"win_rate":0.0,"timestamp":1610633984,"path_taken":["M","M","?","?","?","E","M","M","T","?","?","M","R","M","R","BOSS","M","M","$","?","M","E","R","E","T","?","R","?","?","M","R","BOSS","M","$","?","?","$","R","E","?","T","E","R","M","R","E","R","BOSS"],"items_purchased_type":["Card","Relic","Card","Relic","Relic","Relic","Card"],"build_version":"2020-12-22","purchased_purges":3,"victory":true,"max_hp_per_floor":[75,75,82,82,82,82,82,82,82,82,82,82,82,82,82,82,82,82,82,82,82,82,82,82,82,82,82,82,82,82,82,82,82,82,82,82,82,82,82,82,82,82,82,82,82,82,82,82,82,82],"card_choices":[{"not_picked":["Leap","Streamline"],"picked":"Heatsinks","floor":1},{"not_picked":["Sweeping Beam","Genetic Algorithm","Go for the Eyes"],"picked":"SKIP","floor":2},{"not_picked":["Chill","Scrape","Compile Driver"],"picked":"SKIP","floor":6},{"not_picked":["Coolheaded","Beam Cell","Cold Snap"],"picked":"SKIP","floor":7},{"not_picked":["Beam Cell","Sweeping Beam","Compile Driver"],"picked":"SKIP","floor":8},{"not_picked":["Go for the Eyes","Aggregate"],"picked":"Loop","floor":10},{"not_picked":["Rebound","Reboot"],"picked":"Defragment","floor":11},{"not_picked":["Barrage","Sweeping Beam"],"picked":"Hello World","floor":12},{"not_picked":["Compile Driver","Gash","Streamline"],"picked":"SKIP","floor":14},{"not_picked":["Meteor Strike","All For One"],"picked":"Echo Form","floor":16},{"not_picked":["Cold Snap","Steam Power","Go for the Eyes"],"picked":"SKIP","floor":18},{"not_picked":["Conserve Battery","Barrage","Coolheaded"],"picked":"SKIP","floor":19},{"not_picked":["Double Energy","Thunder Strike","Sunder"],"picked":"SKIP","floor":22},{"not_picked":["Steam","Heatsinks","Force Field"],"picked":"SKIP","floor":23},{"not_picked":["Blizzard","Cold Snap","Consume"],"picked":"SKIP","floor":25},{"not_picked":["Hologram+1","Sweeping Beam+1","Barrage+1"],"picked":"SKIP","floor":30},{"not_picked":["Doom and Gloom","Compile Driver","Fusion"],"picked":"SKIP","floor":30},{"not_picked":["Ball Lightning","Barrage","Steam Power"],"picked":"SKIP","floor":31},{"not_picked":["Gash","Amplify","Recycle"],"picked":"SKIP","floor":31},{"not_picked":["Rainbow","Multi-Cast"],"picked":"Buffer","floor":33},{"not_picked":["Turbo+1","Redo+1"],"picked":"Defragment+1","floor":35},{"not_picked":["Double Energy+1","Rebound+1"],"picked":"Storm+1","floor":35},{"not_picked":["Beam Cell","Leap"],"picked":"Defragment+1","floor":37},{"not_picked":["Ball Lightning+1","Recycle","All For One"],"picked":"SKIP","floor":41},{"not_picked":["Stack+1","Chill+1"],"picked":"Buffer","floor":44},{"not_picked":["Streamline","Melter","Turbo"],"picked":"SKIP","floor":46},{"not_picked":["Lockon","Auto Shields+1","Heatsinks+1"],"picked":"SKIP","floor":46},{"not_picked":["Gash+1","Turbo+1","Sweeping Beam+1"],"picked":"SKIP","floor":48}],"player_experience":211770,"relics_obtained":[{"floor":5,"key":"Lizard Tail"},{"floor":6,"key":"Mummified Hand"},{"floor":9,"key":"Sundial"},{"floor":23,"key":"Potion Belt"},{"floor":25,"key":"Prayer Wheel"},{"floor":26,"key":"War Paint"},{"floor":37,"key":"Emotion Chip"},{"floor":41,"key":"Art of War"},{"floor":41,"key":"Darkstone Periapt"},{"floor":42,"key":"CaptainsWheel"},{"floor":43,"key":"Girya"},{"floor":44,"key":"Omamori"},{"floor":44,"key":"PreservedInsect"},{"floor":48,"key":"Gambling Chip"},{"floor":48,"key":"DataDisk"}],"event_choices":[{"damage_healed":0,"gold_gain":0,"player_choice":"Success","damage_taken":3,"relics_obtained":["Strawberry"],"max_hp_gain":0,"max_hp_loss":0,"event_name":"Scrap Ooze","floor":3,"gold_loss":0},{"damage_healed":0,"gold_gain":0,"player_choice":"Take Wound","damage_taken":0,"relics_obtained":["Golden Idol"],"max_hp_gain":0,"max_hp_loss":0,"event_name":"Golden Idol","floor":4,"gold_loss":0,"cards_obtained":["Injury"]},{"damage_healed":0,"gold_gain":0,"player_choice":"Gave Idol","damage_taken":0,"relics_obtained":["Bloody Idol"],"max_hp_gain":0,"max_hp_loss":0,"event_name":"Forgotten Altar","floor":21,"relics_lost":["Golden Idol"],"gold_loss":0},{"damage_healed":0,"gold_gain":0,"player_choice":"Ignored","damage_taken":0,"max_hp_gain":0,"max_hp_loss":0,"event_name":"Vampires","floor":27,"gold_loss":0},{"cards_removed":["Multi-Cast"],"damage_healed":0,"gold_gain":0,"player_choice":"Gave Gold","damage_taken":0,"max_hp_gain":0,"max_hp_loss":0,"event_name":"Beggar","floor":29,"gold_loss":75},{"damage_healed":0,"gold_gain":0,"player_choice":"Fight","damage_taken":0,"max_hp_gain":0,"max_hp_loss":0,"event_name":"MindBloom","floor":37,"gold_loss":0},{"damage_healed":0,"gold_gain":0,"player_choice":"Ignored","damage_taken":0,"max_hp_gain":0,"max_hp_loss":0,"event_name":"Tomb of Lord Red Mask","floor":38,"gold_loss":0},{"damage_healed":0,"gold_gain":0,"player_choice":"Fight","damage_taken":0,"max_hp_gain":0,"max_hp_loss":0,"event_name":"Mysterious Sphere","floor":42,"gold_loss":0}],"is_beta":false,"boss_relics":[{"not_picked":["Cursed Key","Calling Bell"],"picked":"Pandora\u0027s Box"},{"not_picked":["Philosopher\u0027s Stone","Velvet Choker"],"picked":"Black Star"}],"items_purged_floors":[20,20,39],"is_endless":false,"potions_floor_spawned":[8,11,12,14,16,23,25,30,33,41,42,44,46],"ascension_level":1}}