{"host":"ecaj4hn004xnnrw9","time":1610631360,"event":{"mods":["AchievementEnabler","BaseMod","Better Third Choice","Hermit","Hubris","Infinite Spire","Jorbs\u0027s Wanderer Trilogy","Minty Spire (QoL Compilation)","Quick Restart","Shop Mod","StSLib","The Construct","The Jungle","The Runesmith"],"gold_per_floor":[118,118,18,30,50,50,84,100,125,125,143,162,162,237,237,340,340,358,376,376,376],"floor_reached":20,"language":"ENG","playtime":497,"items_purged":["Strike_P"],"score":237,"play_id":"8d254d34-3b92-49b8-8a9d-24ecbc81e776","local_time":"20210114133600","is_ascension_mode":true,"campfire_choices":[{"data":"Eruption","floor":6,"key":"SMITH"},{"floor":10,"key":"REST"},{"data":"Conclude","floor":13,"key":"SMITH"},{"data":"Vengeance","floor":15,"key":"SMITH"}],"circlet_count":0,"master_deck":["Strike_P","Strike_P","Strike_P","Defend_P","Defend_P","Defend_P","Defend_P","Eruption+1","Vigilance","SashWhip","BowlingBash","CutThroughFate","FlurryOfBlows","Vengeance+1","CutThroughFate","EmptyBody","Conclude+1","Blasphemy","ThirdEye+1","FollowUp+1"],"relics":["PureWater"],"acts_visited":["Exordium","TheCity"],"potions_floor_usage":[18,19,20],"damage_taken":[{"damage":7,"enemies":"2 Louse","floor":1,"turns":2},{"damage":0,"enemies":"Small Slimes","floor":4,"turns":3},{"damage":1,"enemies":"Jaw Worm","floor":5,"turns":3},{"damage":28,"enemies":"Gremlin Nob","floor":7,"turns":3},{"damage":8,"enemies":"Lots of Slimes","floor":8,"turns":3},{"damage":10,"enemies":"Looter","floor":11,"turns":2},{"damage":7,"enemies":"Exordium Thugs","floor":12,"turns":2},{"damage":0,"enemies":"Slime Boss","floor":16,"turns":4},{"damage":35,"enemies":"Shell Parasite","floor":18,"turns":6},{"damage":35,"enemies":"2 Thieves","floor":19,"turns":4},{"damage":9,"enemies":"Shelled Parasite and Fungi","floor":20,"turns":3}],"seed_played":"-3027070362403542703","potions_obtained":[{"floor":8,"key":"StancePotion"},{"floor":16,"key":"SneckoOil"},{"floor":19,"key":"SneckoOil"}],"is_trial":false,"path_per_floor":["M","?","$","M","M","R","E","M","T","R","M","M","R","?","R","B",null,"M","M","M"],"character_chosen":"WATCHER","items_purchased":["BowlingBash"],"campfire_rested":1,"item_purchase_floors":[3],"current_hp_per_floor":[72,72,72,72,71,71,43,35,35,58,48,41,41,30,30,30,79,44,9,0,0],"gold":376,"neow_bonus":"TEN_PERCENT_HP_BONUS","is_daily":false,"chose_seed":false,"campfire_upgraded":3,"win_rate":0.0,"timestamp":1610631360,"path_taken":["M","?","$","M","M","R","E","M","T","R","M","M","R","?","R","BOSS","M","M","M"],"items_purchased_type":["Card"],"build_version":"2020-12-22","purchased_purges":1,"victory":false,"max_hp_per_floor":[79,79,79,79,79,79,79,79,79,79,79,79,79,79,79,79,79,79,79,79,79],"card_choices":[{"not_picked":["Sanctity","Collect"],"picked":"SashWhip","floor":1},{"not_picked":["SashWhip","Protect"],"picked":"CutThroughFate","floor":4},{"not_picked":["Establishment","Crescendo"],"picked":"FlurryOfBlows","floor":5},{"not_picked":["Sanctity","Halt"],"picked":"Vengeance","floor":7},{"not_picked":["JustLucky","Crescendo"],"picked":"CutThroughFate","floor":8},{"not_picked":["ForeignInfluence","ClearTheMind"],"picked":"EmptyBody","floor":11},{"not_picked":["ConjureBlade","SashWhip"],"picked":"Conclude","floor":12},{"not_picked":["ConjureBlade","Wish"],"picked":"Blasphemy","floor":16},{"not_picked":["PathToVictory+1","Crescendo"],"picked":"ThirdEye+1","floor":18},{"not_picked":["SandsOfTime","ThirdEye"],"picked":"FollowUp+1","floor":19}],"player_experience":339921,"relics_obtained":[],"event_choices":[{"damage_healed":0,"gold_gain":75,"player_choice":"Gold","damage_taken":11,"max_hp_gain":0,"max_hp_loss":0,"event_name":"betterThird:BetterGoop","floor":14,"gold_loss":0}],"is_beta":false,"boss_relics":[{"not_picked":["Runic Dome","construct:WeddingRing","hubris:Backtick"]}],"items_purged_floors":[3],"is_endless":false,"potions_floor_spawned":[8,16,19],"killed_by":"Shelled Parasite and Fungi","ascension_level":1}}