{"host":"r53pw7z744tg3fxg","time":1610665363,"event":{"mods":["AchievementEnabler","BaseMod","Colored Map","Colored Powertips","Highlight Path","Minty Spire (QoL Compilation)","Quick Restart","Transform Curses"],"gold_per_floor":[111,131,150,160,14,14,34,34,88,99,114,127,159,159,159,236,236,251,264,264,278,30,30,30,30,30],"floor_reached":25,"language":"ENG","playtime":769,"items_purged":[],"score":383,"play_id":"47364b63-43f1-441b-89fa-63fb2721c1cd","local_time":"20210114160243","is_ascension_mode":true,"campfire_choices":[{"data":"ForeignInfluence","floor":6.0,"key":"SMITH"},{"floor":8.0,"key":"REST"},{"data":"ClearTheMind","floor":15,"key":"SMITH"},{"floor":23,"key":"REST"}],"circlet_count":0,"master_deck":["AscendersBane","Strike_P","Strike_P","Strike_P","Strike_P","Defend_P","Defend_P","Defend_P","Defend_P","Eruption+1","Vigilance","Consecrate","FlurryOfBlows","ForeignInfluence+1","FollowUp","Prostrate","Establishment","ClearTheMind+1","Tantrum","Regret","Ragnarok","ReachHeaven","BowlingBash","WindmillStrike"],"relics":["PureWater","Vajra","Centennial Puzzle","Bottled Tornado","Bag of Preparation","FaceOfCleric","Gremlin Horn"],"acts_visited":["Exordium","TheCity"],"potions_floor_usage":[16,16,19,21],"damage_taken":[{"damage":10.0,"enemies":"Cultist","floor":1.0,"turns":6.0},{"damage":0.0,"enemies":"2 Louse","floor":2.0,"turns":2.0},{"damage":7.0,"enemies":"Jaw Worm","floor":3.0,"turns":4.0},{"damage":0.0,"enemies":"Exordium Thugs","floor":4.0,"turns":4.0},{"damage":4.0,"enemies":"Exordium Wildlife","floor":7.0,"turns":4.0},{"damage":6.0,"enemies":"Looter","floor":10.0,"turns":2.0},{"damage":3.0,"enemies":"2 Fungi Beasts","floor":11.0,"turns":2.0},{"damage":0.0,"enemies":"Large Slime","floor":12.0,"turns":3.0},{"damage":0,"enemies":"3 Sentries","floor":13,"turns":1},{"damage":50,"enemies":"Hexaghost","floor":16,"turns":6},{"damage":5,"enemies":"Spheric Guardian","floor":18,"turns":3},{"damage":10,"enemies":"Chosen","floor":19,"turns":2},{"damage":26,"enemies":"Snake Plant","floor":21,"turns":4},{"damage":51,"enemies":"Book of Stabbing","floor":25,"turns":4}],"seed_played":"8733612377767256084","potions_obtained":[{"floor":1.0,"key":"Fruit Juice"},{"floor":4.0,"key":"Fire Potion"},{"floor":10.0,"key":"FearPotion"},{"floor":16,"key":"Energy Potion"},{"floor":18,"key":"AttackPotion"},{"floor":21,"key":"Energy Potion"}],"is_trial":false,"path_per_floor":["M","M","M","M","$","R","M","R","T","M","M","M","E","?","R","B",null,"M","M","?","M","$","R","$","E"],"character_chosen":"WATCHER","items_purchased":["Vajra","Gremlin Horn"],"campfire_rested":2,"item_purchase_floors":[5,22],"current_hp_per_floor":[60,60,53,53,53,53,49,72,72,66,63,63,63,63,63,13,61,56,46,46,21,21,44,44,0,0],"gold":30,"neow_bonus":"UPGRADE_CARD","is_daily":false,"chose_seed":false,"campfire_upgraded":2,"win_rate":0.0,"timestamp":1610665363,"path_taken":["M","M","M","M","$","R","M","R","T","?","M","M","E","?","R","BOSS","M","M","?","M","?","R","$","E"],"items_purchased_type":["Relic","Relic"],"build_version":"2020-12-22","purchased_purges":0,"victory":false,"max_hp_per_floor":[77,77,77,77,77,77,77,77,77,77,77,77,77,77,77,77,77,77,77,77,78,78,78,78,78,78],"card_choices":[{"not_picked":["PathToVictory","CrushJoints"],"picked":"Consecrate","floor":1.0},{"not_picked":["LikeWater","CrushJoints","JustLucky"],"picked":"SKIP","floor":2.0},{"not_picked":["CrushJoints","Collect"],"picked":"FlurryOfBlows","floor":3.0},{"not_picked":["EmptyFist","FlurryOfBlows"],"picked":"ForeignInfluence","floor":4.0},{"not_picked":["EmptyFist","Study"],"picked":"FollowUp","floor":7.0},{"not_picked":["Vengeance","Crescendo"],"picked":"Prostrate","floor":10.0},{"not_picked":["ClearTheMind","EmptyFist"],"picked":"Establishment","floor":11.0},{"not_picked":["Vengeance","Nirvana"],"picked":"ClearTheMind","floor":12.0},{"not_picked":["FlurryOfBlows","Wireheading"],"picked":"Tantrum","floor":13},{"not_picked":["ConjureBlade","Blasphemy"],"picked":"Ragnarok","floor":16},{"not_picked":["EmptyMind","ClearTheMind"],"picked":"ReachHeaven","floor":18},{"not_picked":["FollowUp","ClearTheMind"],"picked":"BowlingBash","floor":19},{"not_picked":["InnerPeace","FollowUp"],"picked":"WindmillStrike","floor":21}],"player_experience":1260131,"relics_obtained":[{"floor":9.0,"key":"Centennial Puzzle"},{"floor":13,"key":"Bottled Tornado"}],"event_choices":[{"damage_healed":0,"gold_gain":0,"player_choice":"Box","damage_taken":0,"relics_obtained":["Bag of Preparation"],"max_hp_gain":0,"max_hp_loss":0,"event_name":"Big Fish","floor":14,"gold_loss":0,"cards_obtained":["Regret"]},{"damage_healed":0,"gold_gain":0,"player_choice":"Trade","damage_taken":0,"relics_obtained":["FaceOfCleric"],"max_hp_gain":0,"max_hp_loss":0,"event_name":"FaceTrader","floor":20,"gold_loss":0}],"is_beta":false,"boss_relics":[{"not_picked":["Velvet Choker","Fusion Hammer","Runic Dome"]}],"items_purged_floors":[],"is_endless":false,"potions_floor_spawned":[1,4,10,16,18,21],"killed_by":"Book of Stabbing","ascension_level":13}}