{"host":"d7y1n6cxafpq47nx","time":1610623222,"event":{"mods":["BaseMod","Downfall","Marisa£®ÏF”Í°°ƒß¿Ì…≥£©","Minty Spire (QoL Compilation)","Remilia£®¿Ÿ√◊¿Ú—«£©","StSLib","The Bug Knight","The Hierophant","The Servant 0.9.4","Yuyuko"],"gold_per_floor":[116,132,132,29,29,29,70,70,95,119,119,184,202,252,252,406,406,420,470,539,562,612,612,683,683,683,697,846,881,88,63,63,83,83],"floor_reached":33,"language":"ZHS","playtime":2294,"items_purged":[],"score":316,"play_id":"659d4634-ba0d-456d-8ac2-8316ba41a4d0","local_time":"20210114192022","is_ascension_mode":false,"campfire_choices":[{"data":"CharismaGuard","floor":6,"key":"SMITH"},{"data":"Maim","floor":8,"key":"SMITH"},{"data":"MastersStateliness","floor":11,"key":"SMITH"},{"data":"VampireClaw","floor":15,"key":"SMITH"},{"floor":23,"key":"REST"},{"data":"Stigmanizer","floor":25,"key":"SMITH"},{"floor":32,"key":"REST"}],"circlet_count":0,"master_deck":["Strike_RM","Strike_RM","Strike_RM","Defend_RM","Defend_RM","Defend_RM","Defend_RM","RedMoon","ScarletShoot","VampireClaw+1","SuperhumanBloodyKnife","CharismaGuard+1","ChainGang","Maim+1","MastersStateliness+1","FavorOfDestiny","MiserableFate","Stigmanizer+1","BloodyCatastrophe","ScarletDevil","DevilSight","VampireKiss","VampireClaw+1","ScarletDevil+1","UnstableMagic+1","RedMagic+1","ScarletNetherworld","expansioncontent:StudyTheSpire","KillingBlow","UnderTheZenith"],"relics":["ScarletHat","NeowsBlessing","Golden Idol","SsserpentHead","PreservedInsect","Ancient Tea Set","Busted Crown","Spirit Poop","Matryoshka","Pen Nib","Gremlin Horn","Oddly Smooth Stone"],"acts_visited":["Exordium","TheCity"],"potions_floor_usage":[16,16,16,20,21,24,27,33,33,33],"damage_taken":[{"damage":0,"enemies":"Small Slimes","floor":1,"turns":1},{"damage":0,"enemies":"Cultist","floor":2,"turns":1},{"damage":0,"enemies":"Gremlin Nob","floor":7,"turns":1},{"damage":0,"enemies":"Jaw Worm","floor":10,"turns":4},{"damage":0,"enemies":"Red Slaver","floor":12,"turns":4},{"damage":0,"enemies":"Looter","floor":13,"turns":2},{"damage":0,"enemies":"3 Louse","floor":14,"turns":4},{"damage":50,"enemies":"Slime Boss","floor":16,"turns":8},{"damage":40,"enemies":"2 Thieves","floor":18,"turns":3},{"damage":8,"enemies":"Shell Parasite","floor":20,"turns":3},{"damage":4,"enemies":"Centurion and Healer","floor":21,"turns":9},{"damage":4,"enemies":"Sentry and Sphere","floor":24,"turns":6},{"damage":4,"enemies":"3 Cultists","floor":27,"turns":5},{"damage":24,"enemies":"Slavers","floor":29,"turns":3},{"damage":91,"enemies":"Automaton","floor":33,"turns":7}],"seed_played":"-8098903988152302826","potions_obtained":[{"floor":2,"key":"PowerPotion"},{"floor":7,"key":"Slimebound:ThreeZeroPotion"},{"floor":14,"key":"Dexterity Potion"},{"floor":16,"key":"FearPotion"},{"floor":18,"key":"PowerPotion"},{"floor":20,"key":"ColorlessPotion"},{"floor":21,"key":"Slimebound:ThreeZeroPotion"},{"floor":21,"key":"SmokeBomb"},{"floor":24,"key":"DuplicationPotion"},{"floor":27,"key":"SteroidPotion"},{"floor":27,"key":"Weak Potion"},{"floor":29,"key":"LiquidMemories"}],"is_trial":false,"path_per_floor":["M","M","?","$","?","R","E","R","T","M","R","M","M","M","R","B",null,"M","?","M","M","?","R","M","R","T","M","?","E","$","?","R","B"],"character_chosen":"REMILIA","items_purchased":["CharismaGuard","ChainGang","ScarletNetherworld","Gremlin Horn","expansioncontent:StudyTheSpire","KillingBlow","UnderTheZenith","Oddly Smooth Stone"],"campfire_rested":2,"item_purchase_floors":[4,4,30,30,30,30,30,30],"current_hp_per_floor":[75,75,75,75,75,75,75,75,75,78,78,78,78,78,78,28,78,40,40,35,34,34,57,53,53,53,50,50,27,27,27,50,0,0],"gold":83,"neow_bonus":"THREE_ENEMY_KILL","is_daily":false,"chose_seed":false,"campfire_upgraded":5,"win_rate":0.0,"timestamp":1610623222,"path_taken":["M","M","?","$","?","R","E","R","T","M","R","?","M","M","R","BOSS","M","?","?","M","?","R","?","R","T","M","?","E","$","?","R","BOSS"],"items_purchased_type":["Card","Card","Card","Relic","Card","Card","Card","Relic"],"build_version":"2020-12-22","purchased_purges":0,"victory":false,"max_hp_per_floor":[75,75,75,75,75,75,75,75,75,78,78,78,78,78,78,78,78,78,78,78,78,78,78,78,78,78,78,78,78,78,78,78,78,78],"card_choices":[{"not_picked":["BloodHunter","ForbiddenFruit"],"picked":"VampireClaw","floor":1},{"not_picked":["NightDance","RedRainbow"],"picked":"SuperhumanBloodyKnife","floor":2},{"not_picked":["BombardNight","UnstableMagic"],"picked":"Maim","floor":7},{"not_picked":["CharismaGuard","HunterOfTheNight"],"picked":"MastersStateliness","floor":10},{"not_picked":["RedRainbow","SuperhumanBloodyKnife"],"picked":"FavorOfDestiny","floor":12},{"not_picked":["RedRainbow","BlasphemousPunishment"],"picked":"MiserableFate","floor":13},{"not_picked":["NightDance","VampireKiss"],"picked":"Stigmanizer","floor":14},{"not_picked":["TransientEternity","HellCatastrophe"],"picked":"BloodyCatastrophe","floor":16},{"not_picked":[],"picked":"ScarletDevil","floor":18},{"not_picked":[],"picked":"DevilSight","floor":20},{"not_picked":[],"picked":"VampireKiss","floor":21},{"not_picked":[],"picked":"ScarletDevil+1","floor":24},{"not_picked":[],"picked":"UnstableMagic+1","floor":27},{"not_picked":[],"picked":"RedMagic+1","floor":29}],"player_experience":62840,"relics_obtained":[{"floor":7,"key":"PreservedInsect"},{"floor":9,"key":"Ancient Tea Set"},{"floor":26,"key":"Matryoshka"},{"floor":29,"key":"Pen Nib"}],"event_choices":[{"damage_healed":0,"gold_gain":0,"player_choice":"Take Wound","damage_taken":0,"relics_obtained":["Golden Idol"],"max_hp_gain":0,"max_hp_loss":0,"event_name":"Golden Idol","floor":3,"gold_loss":0,"cards_obtained":["Injury"]},{"damage_healed":0,"gold_gain":0,"player_choice":"Trade","damage_taken":0,"relics_obtained":["SsserpentHead"],"max_hp_gain":0,"max_hp_loss":0,"event_name":"FaceTrader","floor":5,"gold_loss":0},{"cards_removed":["Injury"],"damage_healed":0,"gold_gain":0,"player_choice":"Offered Curse","damage_taken":0,"relics_obtained":["Spirit Poop"],"max_hp_gain":0,"max_hp_loss":0,"event_name":"Bonfire Elementals","floor":19,"gold_loss":0},{"damage_healed":0,"gold_gain":0,"player_choice":"Copied","damage_taken":0,"max_hp_gain":0,"max_hp_loss":0,"event_name":"Duplicator","floor":22,"gold_loss":0,"cards_obtained":["VampireClaw"]},{"damage_healed":0,"gold_gain":99,"player_choice":"Stole From Cult","damage_taken":0,"max_hp_gain":0,"max_hp_loss":0,"event_name":"Nest","floor":28,"gold_loss":0},{"cards_removed":["Strike_RM"],"damage_healed":0,"gold_gain":0,"player_choice":"Gave Gold","damage_taken":0,"max_hp_gain":0,"max_hp_loss":0,"event_name":"Beggar","floor":31,"gold_loss":75}],"is_beta":false,"boss_relics":[{"not_picked":["Philosopher\u0027s Stone","Cursed Key"],"picked":"Busted Crown"}],"items_purged_floors":[],"is_endless":false,"potions_floor_spawned":[2,7,14,16,27,29],"killed_by":"Automaton","ascension_level":0}}