{"host":"5trcja4hacd149zc","time":1610653441,"event":{"mods":["BaseMod","Colored Map","GifTheSpireLib","Minty Spire (QoL Compilation)","Relic Stats","StSLib"],"gold_per_floor":[117,117,117,140,37,75,93,93,93,93,124,47,3,22,22,113,113,129,129,154,167,191,225,51,51,51,51,51,65,80,93,93,93,93],"floor_reached":33,"language":"ENG","playtime":1108,"items_purged":[],"score":604,"play_id":"66552f45-1425-4d13-8d95-7acaaa3ac3a4","local_time":"20210114134401","is_ascension_mode":true,"campfire_choices":[{"data":"Perfected Strike","floor":8,"key":"SMITH"},{"data":"Feel No Pain","floor":15,"key":"SMITH"},{"floor":25,"key":"REST"},{"data":"Inflame","floor":27,"key":"SMITH"},{"data":"Disarm","floor":32,"key":"SMITH"}],"circlet_count":0,"master_deck":["AscendersBane","Strike_R","Strike_R","Strike_R","Strike_R","Strike_R","Defend_R","Defend_R","Defend_R","Defend_R","Bash+1","Perfected Strike+1","Flame Barrier","Feel No Pain+1","Shrug It Off","Pommel Strike","Burning Pact","Wild Strike","Inflame+1","Perfected Strike","Impervious","Sword Boomerang","Fiend Fire","Reaper","Spot Weakness","Disarm+1"],"relics":["Burning Blood","NeowsBlessing","Lizard Tail","Golden Idol","PreservedInsect","FossilizedHelix","Vajra","Mummified Hand","Runic Pyramid","Thread and Needle","Shuriken"],"acts_visited":["Exordium","TheCity"],"potions_floor_usage":[23,23,33],"damage_taken":[{"damage":0,"enemies":"2 Louse","floor":1,"turns":1},{"damage":0,"enemies":"Jaw Worm","floor":4,"turns":1},{"damage":0,"enemies":"Gremlin Nob","floor":6,"turns":1},{"damage":4,"enemies":"Cultist","floor":7,"turns":4},{"damage":7,"enemies":"3 Sentries","floor":11,"turns":7},{"damage":14,"enemies":"Lots of Slimes","floor":14,"turns":5},{"damage":34,"enemies":"The Guardian","floor":16,"turns":9},{"damage":0,"enemies":"Spheric Guardian","floor":18,"turns":5},{"damage":11,"enemies":"2 Thieves","floor":20,"turns":5},{"damage":22,"enemies":"Snecko","floor":21,"turns":5},{"damage":8,"enemies":"Snake Plant","floor":22,"turns":5},{"damage":68,"enemies":"Slavers","floor":23,"turns":7},{"damage":14,"enemies":"Centurion and Healer","floor":29,"turns":9},{"damage":0,"enemies":"Snecko","floor":30,"turns":4},{"damage":0,"enemies":"Snake Plant","floor":31,"turns":4},{"damage":121,"enemies":"Collector","floor":33,"turns":15}],"seed_played":"-7308620589620974261","potions_obtained":[{"floor":1,"key":"SteroidPotion"},{"floor":16,"key":"DuplicationPotion"},{"floor":30,"key":"FairyPotion"},{"floor":31,"key":"Swift Potion"}],"is_trial":false,"path_per_floor":["M","?","?","M","$","E","M","R","T","$","E","?","$","M","R","B",null,"M","?","M","M","M","E","$","R","T","R","?","M","M","M","R","B"],"character_chosen":"IRONCLAD","items_purchased":["Feel No Pain","Shrug It Off","Inflame","Reaper"],"campfire_rested":1,"item_purchase_floors":[5,5,13,24],"current_hp_per_floor":[74,63,37,43,43,49,51,51,51,51,50,50,50,42,42,14,60,66,66,61,45,43,19,19,41,41,41,41,40,53,59,59,0,0],"gold":93,"neow_bonus":"THREE_ENEMY_KILL","is_daily":false,"chose_seed":false,"campfire_upgraded":4,"win_rate":0.0,"timestamp":1610653441,"path_taken":["M","?","?","M","$","E","M","R","T","?","E","?","$","M","R","BOSS","M","?","M","?","M","E","?","R","T","R","?","M","M","M","R","BOSS"],"items_purchased_type":["Card","Card","Card","Card"],"build_version":"2020-12-22","purchased_purges":0,"victory":false,"max_hp_per_floor":[75,75,75,75,75,75,75,75,75,75,75,75,75,75,75,75,75,75,75,75,75,75,75,75,75,75,75,75,75,75,75,75,75,75],"relic_stats":{"Lizard Tail":37,"counters":[16,87],"Golden Idol":77,"Mummified Hand":[23],"Shuriken":[4],"PreservedInsect":74,"obtain_stats":[{"Lizard Tail":2,"NeowsBlessing":0,"Golden Idol":3,"Mummified Hand":12,"Shuriken":26,"Vajra":11,"Thread and Needle":23,"PreservedInsect":6,"Burning Blood":0,"FossilizedHelix":9,"Runic Pyramid":17},{"Lizard Tail":1,"NeowsBlessing":0,"Golden Idol":1,"Mummified Hand":5,"Shuriken":12,"Vajra":5,"Thread and Needle":12,"PreservedInsect":3,"Burning Blood":0,"FossilizedHelix":4,"Runic Pyramid":7},{"Lizard Tail":1,"NeowsBlessing":0,"Golden Idol":1,"Mummified Hand":14,"Shuriken":55,"Vajra":14,"Thread and Needle":55,"PreservedInsect":3,"Burning Blood":0,"FossilizedHelix":7,"Runic Pyramid":28}],"Burning Blood":90},"card_choices":[{"not_picked":["Battle Trance","Pummel"],"picked":"Perfected Strike","floor":1},{"not_picked":["Armaments","Perfected Strike"],"picked":"Flame Barrier","floor":4},{"not_picked":["Pummel","Cleave"],"picked":"Pommel Strike","floor":6},{"not_picked":["Rampage","Barricade"],"picked":"Burning Pact","floor":7},{"not_picked":["Warcry","Headbutt"],"picked":"Wild Strike","floor":11},{"not_picked":["Havoc","Pommel Strike"],"picked":"Perfected Strike","floor":14},{"not_picked":["Brutality","Bludgeon"],"picked":"Impervious","floor":16},{"not_picked":["Twin Strike","Clash","Bloodletting"],"picked":"SKIP","floor":18},{"not_picked":["Sword Boomerang","Thunderclap","Pummel"],"picked":"SKIP","floor":20},{"not_picked":["Thunderclap","Pummel"],"picked":"Sword Boomerang","floor":20},{"not_picked":["Reckless Charge","Sword Boomerang","Rage"],"picked":"SKIP","floor":21},{"not_picked":["Flex","Clash","Perfected Strike"],"picked":"SKIP","floor":22},{"not_picked":["Sentinel","Demon Form"],"picked":"Fiend Fire","floor":23},{"not_picked":["Pommel Strike","Warcry","Cleave"],"picked":"SKIP","floor":29},{"not_picked":["Pummel","Wild Strike"],"picked":"Spot Weakness","floor":30},{"not_picked":["Cleave","Iron Wave"],"picked":"Disarm","floor":31}],"player_experience":764549,"relics_obtained":[{"floor":6,"key":"PreservedInsect"},{"floor":9,"key":"FossilizedHelix"},{"floor":11,"key":"Vajra"},{"floor":23,"key":"Thread and Needle"},{"floor":26,"key":"Shuriken"}],"event_choices":[{"damage_healed":0,"gold_gain":0,"player_choice":"Success","damage_taken":11,"relics_obtained":["Lizard Tail"],"max_hp_gain":0,"max_hp_loss":0,"event_name":"Scrap Ooze","floor":2,"gold_loss":0},{"damage_healed":0,"gold_gain":0,"player_choice":"Take Damage","damage_taken":26,"relics_obtained":["Golden Idol"],"max_hp_gain":0,"max_hp_loss":0,"event_name":"Golden Idol","floor":3,"gold_loss":0},{"damage_healed":0,"gold_gain":0,"player_choice":"Paid Gold","damage_taken":0,"relics_obtained":["Mummified Hand"],"max_hp_gain":0,"max_hp_loss":0,"event_name":"WeMeetAgain","floor":12,"gold_loss":77},{"damage_healed":0,"gold_gain":0,"player_choice":"Upgraded","damage_taken":0,"max_hp_gain":0,"max_hp_loss":0,"event_name":"Upgrade Shrine","floor":19,"gold_loss":0,"cards_upgraded":["Bash"]},{"damage_healed":0,"gold_gain":0,"player_choice":"Ignored","damage_taken":0,"max_hp_gain":0,"max_hp_loss":0,"event_name":"The Mausoleum","floor":28,"gold_loss":0}],"is_beta":false,"boss_relics":[{"not_picked":["Philosopher\u0027s Stone","Runic Dome"],"picked":"Runic Pyramid"}],"items_purged_floors":[],"is_endless":false,"potions_floor_spawned":[1,16,20,21,30,31],"killed_by":"Collector","ascension_level":20}}