{"host":"pi8b3ffzwvxqztac","time":1610619816,"event":{"mods":["BaseMod","Colored Map","Downfall","Minty Spire (QoL Compilation)","StSLib","The Jungle"],"gold_per_floor":[117,135,310,310,320,320,351,351,351,368,383,383,383,1,1,99,99,114,133,145,145,106,106,106,106,106,120,120,120,149,74,74,171,171,181,193,207,207,257,257,273,287,311,311,323,21,21,0,0,0],"floor_reached":51,"language":"ENG","playtime":3135,"items_purged":["Doubt"],"score":690,"play_id":"cd3aa0b5-99c7-4017-9893-065ff63fd33d","local_time":"20210114232336","is_ascension_mode":false,"campfire_choices":[{"data":"Neutralize","floor":6,"key":"SMITH"},{"data":"Backflip","floor":8,"key":"SMITH"},{"data":"Well Laid Plans","floor":12,"key":"SMITH"},{"data":"expansioncontent:CaCaw","floor":15,"key":"SMITH"},{"floor":23,"key":"REST"},{"floor":25,"key":"REST"},{"floor":28,"key":"REST"},{"data":"Blur","floor":29,"key":"SMITH"},{"floor":32,"key":"REST"},{"floor":40,"key":"REST"},{"floor":44,"key":"REST"},{"data":"Prepared","floor":47,"key":"SMITH"},{"floor":49,"key":"REST"}],"circlet_count":0,"master_deck":["Strike_G","Strike_G","Strike_G","Strike_G","Defend_G","Defend_G","Defend_G","Defend_G","Defend_G","Survivor","Neutralize+1","Bullet Time+1","Backflip+1","Finisher","Well Laid Plans+1","Underhanded Strike","expansioncontent:CaCaw+1","Heel Hook","A Thousand Cuts","Blur+1","Escape Plan","Sucker Punch+1","Blur","Eviscerate","Dagger Throw","Poisoned Stab+1","Corpse Explosion","Reflex","Footwork","Escape Plan","Dodge and Roll+1","Predator+1","Calculated Gamble+1","Prepared+1","Backflip+1"],"relics":["Ring of the Snake","WingedGreaves","Tingsha","Kunai","Pantograph","HoveringKite","Vajra","Dream Catcher","SlaversCollar","Torii","Bag of Preparation","Gambling Chip","Red Mask"],"acts_visited":["Exordium","Exordium","TheBeyond"],"potions_floor_usage":[2,10,16,42,50,50,50],"damage_taken":[{"damage":0,"enemies":"2 Louse","floor":1,"turns":3},{"damage":0,"enemies":"Jaw Worm","floor":2,"turns":5},{"damage":1,"enemies":"Cultist","floor":5,"turns":3},{"damage":40,"enemies":"3 Sentries","floor":7,"turns":11},{"damage":0,"enemies":"3 Louse","floor":10,"turns":5},{"damage":4,"enemies":"Gremlin Gang","floor":11,"turns":8},{"damage":46,"enemies":"Slime Boss","floor":16,"turns":10},{"damage":42,"enemies":"theJungle:GiantWrat","floor":18,"turns":8},{"damage":18,"enemies":"theJungle:Flameango_and_Byrd","floor":19,"turns":8},{"damage":8,"enemies":"theJungle:Lyon","floor":20,"turns":6},{"damage":7,"enemies":"theJungle:JungleHuntersEncounter","floor":27,"turns":8},{"damage":21,"enemies":"theJungle:Cassacara","floor":30,"turns":8},{"damage":23,"enemies":"theJungle:FunGuy","floor":33,"turns":11},{"damage":8,"enemies":"3 Shapes","floor":35,"turns":4},{"damage":3,"enemies":"Orb Walker","floor":36,"turns":4},{"damage":52,"enemies":"Maw","floor":37,"turns":9},{"damage":7,"enemies":"Mind Bloom Boss Battle","floor":39,"turns":6},{"damage":0,"enemies":"Writhing Mass","floor":41,"turns":8},{"damage":15,"enemies":"Jaw Worm Horde","floor":42,"turns":5},{"damage":0,"enemies":"Sphere and 2 Shapes","floor":45,"turns":3},{"damage":26,"enemies":"Donu and Deca","floor":50,"turns":6}],"seed_played":"-6127195382567462867","potions_obtained":[{"floor":1,"key":"Poison Potion"},{"floor":2,"key":"Fruit Juice"},{"floor":7,"key":"hexamod:EctoCoolerPotion"},{"floor":11,"key":"LiquidMemories"},{"floor":19,"key":"sneckomod:MuddlingPotion"},{"floor":20,"key":"SteroidPotion"},{"floor":33,"key":"SteroidPotion"},{"floor":36,"key":"Strength Potion"},{"floor":39,"key":"Block Potion"},{"floor":45,"key":"champ:CounterPotion"}],"is_trial":false,"path_per_floor":["M","M","?","?","M","R","E","R","T","M","M","R","?","$","R","B",null,"M","M","M","?","$","R","?","R","T","M","R","R","E","$","R","B",null,"M","M","M","?","?","R","M","M","T","R","M","$","R","?","R","B",null],"character_chosen":"THE_SILENT","items_purchased":["Pantograph","expansioncontent:CaCaw","Heel Hook","Blur","Gambling Chip"],"campfire_rested":7,"item_purchase_floors":[14,14,14,22,46],"current_hp_per_floor":[70,75,75,75,74,74,34,34,34,34,30,30,30,30,30,9,75,33,15,7,2,2,26,26,50,50,43,67,67,46,46,70,57,80,72,69,17,17,35,59,59,44,44,68,68,68,68,68,80,54],"gold":0,"neow_bonus":"ONE_RANDOM_RARE_CARD","is_daily":false,"chose_seed":false,"campfire_upgraded":6,"win_rate":0.0,"timestamp":1610619816,"path_taken":["M","M","?","?","M","R","E","R","T","M","?","R","?","$","R","BOSS","M","?","M","?","$","R","?","R","T","M","R","R","E","$","R","BOSS","M","?","M","?","?","R","M","M","T","R","M","$","R","?","R","BOSS"],"items_purchased_type":["Relic","Card","Card","Card","Relic"],"build_version":"2020-12-22","purchased_purges":1,"victory":true,"max_hp_per_floor":[70,75,75,75,75,75,75,75,75,75,75,75,75,75,75,75,75,75,75,75,80,80,80,80,80,80,80,80,80,80,80,80,80,80,80,80,80,80,80,80,80,80,80,80,80,80,80,80,80,80],"card_choices":[{"not_picked":["Dagger Spray","Flying Knee"],"picked":"Backflip","floor":1},{"not_picked":["Deadly Poison","Slice"],"picked":"Finisher","floor":2},{"not_picked":["Dagger Throw","Heel Hook"],"picked":"Well Laid Plans","floor":5},{"not_picked":["Prepared","Skewer","Flying Knee"],"picked":"SKIP","floor":7},{"not_picked":["Catalyst","Poisoned Stab","Flechettes"],"picked":"SKIP","floor":10},{"not_picked":["Endless Agony","Deflect"],"picked":"Underhanded Strike","floor":11},{"not_picked":["Bullet Time","Doppelganger"],"picked":"A Thousand Cuts","floor":16},{"not_picked":["Expertise","Sucker Punch"],"picked":"Blur","floor":18},{"not_picked":["Dodge and Roll","Quick Slash"],"picked":"Escape Plan","floor":19},{"not_picked":["Flying Knee+1","Dodge and Roll"],"picked":"Sucker Punch+1","floor":20},{"not_picked":["Underhanded Strike","Dagger Spray"],"picked":"Eviscerate","floor":27},{"not_picked":["Slice+1","Prepared"],"picked":"Dagger Throw","floor":30},{"not_picked":["Flying Knee","Underhanded Strike"],"picked":"Poisoned Stab+1","floor":32},{"not_picked":["Bullet Time","Glass Knife"],"picked":"Corpse Explosion","floor":33},{"not_picked":["Quick Slash","Bane+1","Flying Knee"],"picked":"SKIP","floor":35},{"not_picked":["Dodge and Roll+1","Deadly Poison+1"],"picked":"Reflex","floor":36},{"not_picked":["Dodge and Roll","Bane"],"picked":"Footwork","floor":37},{"not_picked":["Dagger Spray+1","Blade Dance"],"picked":"Escape Plan","floor":39},{"not_picked":["Underhanded Strike+1","Outmaneuver+1"],"picked":"Dodge and Roll+1","floor":40},{"not_picked":["Skewer+1","Leg Sweep+1"],"picked":"Predator+1","floor":41},{"not_picked":["Finisher","Acrobatics","Corpse Explosion"],"picked":"SKIP","floor":42},{"not_picked":["Acrobatics+1","Poisoned Stab+1"],"picked":"Calculated Gamble+1","floor":44},{"not_picked":["PiercingWail","Backstab"],"picked":"Prepared","floor":45},{"not_picked":["Sucker Punch+1","Catalyst+1"],"picked":"Backflip+1","floor":49}],"player_experience":524309,"relics_obtained":[{"floor":7,"key":"WingedGreaves"},{"floor":9,"key":"Tingsha"},{"floor":26,"key":"Vajra"},{"floor":30,"key":"Dream Catcher"},{"floor":39,"key":"Torii"},{"floor":43,"key":"Bag of Preparation"}],"event_choices":[{"damage_healed":0,"gold_gain":175,"player_choice":"AGREE","damage_taken":0,"max_hp_gain":0,"max_hp_loss":0,"event_name":"Liars Game","floor":3,"gold_loss":0,"cards_obtained":["Doubt"]},{"damage_healed":0,"gold_gain":0,"player_choice":"Upgraded","damage_taken":0,"max_hp_gain":0,"max_hp_loss":0,"event_name":"Upgrade Shrine","floor":4,"gold_loss":0,"cards_upgraded":["Bullet Time"]},{"damage_healed":0,"gold_gain":0,"player_choice":"Gave Potion","damage_taken":0,"relics_obtained":["Kunai"],"max_hp_gain":0,"max_hp_loss":0,"event_name":"WeMeetAgain","floor":13,"gold_loss":0},{"cards_removed":["Strike_G"],"damage_healed":0,"gold_gain":0,"player_choice":"Purged","damage_taken":0,"max_hp_gain":0,"max_hp_loss":0,"event_name":"Purifier","floor":24,"gold_loss":0},{"damage_healed":0,"gold_gain":0,"player_choice":"Ignored","damage_taken":0,"max_hp_gain":0,"max_hp_loss":0,"event_name":"Mysterious Sphere","floor":38,"gold_loss":0},{"damage_healed":0,"gold_gain":0,"player_choice":"Fight","damage_taken":0,"max_hp_gain":0,"max_hp_loss":0,"event_name":"MindBloom","floor":39,"gold_loss":0},{"damage_healed":0,"gold_gain":0,"player_choice":"Paid","damage_taken":0,"relics_obtained":["Red Mask"],"max_hp_gain":0,"max_hp_loss":0,"event_name":"Tomb of Lord Red Mask","floor":48,"gold_loss":21}],"is_beta":false,"boss_relics":[{"not_picked":["Coffee Dripper","Astrolabe"],"picked":"HoveringKite"},{"not_picked":["Sozu","Velvet Choker"],"picked":"SlaversCollar"}],"items_purged_floors":[31],"is_endless":false,"potions_floor_spawned":[1,2,7,11,19,20,33,36,39,45],"ascension_level":0}}