{"host":"txhhdwa0hqfs4jhb","time":1610641501,"event":{"mods":["BaseMod","Better Third Choice","Downfall","Filter the Spire","Hermit","Mad Scientist","Marked Mod","Minty Spire (QoL Compilation)","Relic Stats","Replay The Spire","StSLib","The Bug Knight","Thieving Mod"],"gold_per_floor":[117,67,67,81,45,72,72,72,72,100,126,3,20,20,20,117,117,129,179,189,209,10,10,10,25,25,25,25,25,59,84,84,182,182,201,219,238,238,1,1,30,30,56,68,143,143,159,9,9,9],"floor_reached":51,"language":"ENG","playtime":3396,"items_purged":["HollowMod:FocusHealStart"],"score":1199,"play_id":"23073440-71a7-4077-ae21-874f84659f1c","local_time":"20210114162501","is_ascension_mode":false,"campfire_choices":[{"data":"HollowMod:VoidDash","floor":7.0,"key":"SMITH"},{"data":"HollowMod:ShadowDash","floor":15.0,"key":"SMITH"},{"data":"HollowMod:WraithStrike","floor":15.0,"key":"SMITH"},{"data":"HollowMod:GreatSlash","floor":23.0,"key":"SMITH"},{"data":"HollowMod:CoiledNail","floor":23.0,"key":"SMITH"},{"data":"HollowMod:CrystalDash","floor":27.0,"key":"SMITH"},{"data":"HollowMod:NewJinnsSoul","floor":27.0,"key":"SMITH"},{"data":"HollowMod:SharpenedShadows","floor":29.0,"key":"SMITH"},{"data":"HollowMod:FastStrike","floor":29.0,"key":"SMITH"},{"data":"HollowMod:GoodIntentions","floor":32.0,"key":"SMITH"},{"data":"HollowMod:InfectedAttack","floor":32.0,"key":"SMITH"},{"data":"HollowMod:Weaversong","floor":40,"key":"SMITH"},{"data":"Transmutation","floor":40,"key":"SMITH"},{"data":"HandOfGreed","floor":42,"key":"SMITH"},{"data":"Replay:SS_fish_1","floor":42,"key":"SMITH"},{"floor":49,"key":"DIG"}],"circlet_count":0,"master_deck":["HollowMod:NailStrikeStart","HollowMod:NailStrikeStart","HollowMod:NailStrikeStart","HollowMod:QuickDashStart","HollowMod:QuickDashStart","HollowMod:QuickDashStart","HollowMod:PogoStrike","HollowMod:SoulSplash","HollowMod:InfectedAttack+1","HollowMod:CoiledNail+1","HollowMod:HeavyBlow+1","HollowMod:VoidDash+1","HollowMod:ShadowDash+1","HollowMod:CloakDash","HollowMod:WraithStrike+1","HollowMod:SiblingsShadow","HollowMod:NewJinnsSoul+1","HollowMod:NewJinnsSoul+1","HollowMod:GreatSlash+1","HollowMod:CrystalDash+1","HollowMod:HeavyBlow+1","HollowMod:SharpenedShadows+1","HollowMod:FastStrike+1","HollowMod:GoodIntentions+1","HollowMod:Weaversong+1","HollowMod:WraithStrike","HollowMod:WraithStrike+1","HollowMod:WraithStrike","HollowMod:GreatSlash+1","HollowMod:NewJinnsSoul+1","HollowMod:NewJinnsSoul+1","HandOfGreed+1","Transmutation+1","Replay:SS_fish_1+1","HollowMod:BlackTendrils","HollowMod:DescendingDark+1","HollowMod:DescendingDark+1","HollowMod:DungDefenderAura+1","HollowMod:AbyssShriek"],"relics":["HollowMod:VesselMask","Anchor","HornCleat","TheAbacus","Kunai","Eternal Feather","Onion Ring","Odd Mushroom","Replay:Arrowhead","Replay:Towering Pillar of Hats","Snecko Eye","Membership Card","Mummified Hand","Question Card","TungstenRod","Prayer Wheel","ClockworkSouvenir","Ornamental Fan","Happy Flower","Black Star","Replay:Rubber Ducky","Matryoshka","Akabeko","Quantum Egg","Blue Doll","Vajra","CaptainsWheel","Regal Pillow","Frozen Egg 2","HollowMod:StagPassRelic","FossilizedHelix"],"acts_visited":["Exordium","TheCity","TheBeyond"],"potions_floor_usage":[35,45,50,50,50,50,50],"damage_taken":[{"damage":0.0,"enemies":"2 Louse","floor":1.0,"turns":2.0},{"damage":0.0,"enemies":"Jaw Worm","floor":4.0,"turns":3.0},{"damage":3.0,"enemies":"Gremlin Nob","floor":6.0,"turns":3.0},{"damage":25.0,"enemies":"Lagavulin","floor":10.0,"turns":8.0},{"damage":0.0,"enemies":"The Mushroom Lair","floor":11.0,"turns":3.0},{"damage":0.0,"enemies":"Small Slimes","floor":13.0,"turns":2.0},{"damage":9.0,"enemies":"Slime Boss","floor":16.0,"turns":7.0},{"damage":6.0,"enemies":"2 Thieves","floor":18.0,"turns":3.0},{"damage":0.0,"enemies":"Spheric Guardian","floor":20.0,"turns":3.0},{"damage":0.0,"enemies":"3 Cultists","floor":21.0,"turns":4.0},{"damage":0.0,"enemies":"Chosen and Byrds","floor":25.0,"turns":4.0},{"damage":5.0,"enemies":"Slavers","floor":30.0,"turns":2.0},{"damage":0.0,"enemies":"Pondfish","floor":33.0,"turns":9.0},{"damage":0,"enemies":"3 Darklings","floor":35,"turns":3},{"damage":6,"enemies":"3 Shapes","floor":36,"turns":4},{"damage":0,"enemies":"Spire Growth","floor":37,"turns":3},{"damage":18,"enemies":"Giant Head","floor":41,"turns":8},{"damage":0,"enemies":"Sphere and 2 Shapes","floor":44,"turns":3},{"damage":1,"enemies":"Mind Bloom Boss Battle","floor":45,"turns":5},{"damage":0,"enemies":"Maw","floor":47,"turns":5},{"damage":0,"enemies":"Donu and Deca","floor":50,"turns":4}],"seed_played":"-5914153613080617784","potions_obtained":[{"floor":1.0,"key":"Swift Potion"},{"floor":6.0,"key":"sneckomod:MuddlingPotion"},{"floor":13.0,"key":"champ:CounterPotion"},{"floor":16.0,"key":"Venom Potion"},{"floor":18.0,"key":"Block Potion"},{"floor":21.0,"key":"LiquidMemories"},{"floor":30.0,"key":"EssenceOfSteel"},{"floor":33,"key":"FearPotion"},{"floor":36,"key":"Strength Potion"},{"floor":37,"key":"SkillPotion"},{"floor":45,"key":"ColorlessPotion"},{"floor":47,"key":"EntropicBrew"}],"is_trial":false,"path_per_floor":["M","?","?","M","$","E","R","?","T","E","?","$","M","$","R","B",null,"M","?","M","M","$","R","$","M","T","R","$","R","E","T","R","B",null,"M","M","M","?","$","R","E","R","T","M","?","T","M","?","R","B",null],"character_chosen":"THE_BUGKNIGHT","items_purchased":["HollowMod:HeavyBlow+1","HollowMod:CloakDash","HollowMod:GreatSlash","HollowMod:CrystalDash","Question Card","HollowMod:BlackTendrils","Replay:Rubber Ducky","Matryoshka"],"campfire_rested":0,"item_purchase_floors":[5,12,22,22,22,39,39,39],"current_hp_per_floor":[75,75,75,75,75,72,72,72,72,53,53,53,53,53,62,53,75,69,69,69,69,69,75,75,75,75,75,75,75,70,70,75,75,75,75,69,69,60,60,75,57,75,75,75,74,74,74,74,75,75],"gold":9,"neow_bonus":"RANDOM_COMMON_RELIC","is_daily":false,"chose_seed":false,"campfire_upgraded":15,"win_rate":0.0,"timestamp":1610641501,"path_taken":["M","?","?","M","$","E","R","?","T","E","?","?","M","$","R","BOSS","M","?","?","M","$","R","?","M","T","R","$","R","E","?","R","BOSS","BOSS","M","M","?","?","$","R","E","R","T","M","?","?","M","?","R","BOSS"],"items_purchased_type":["Card","Card","Card","Card","Relic","Card","Relic","Relic"],"build_version":"2020-12-22","purchased_purges":1,"victory":true,"max_hp_per_floor":[75,75,75,75,75,75,75,75,75,75,75,75,75,75,75,75,75,75,75,75,75,75,75,75,75,75,75,75,75,75,75,75,75,75,75,75,75,75,75,75,75,75,75,75,75,75,75,75,75,75],"relic_stats":{"Regal Pillow":0,"Happy Flower":[14],"counters":[21,88],"Eternal Feather":54,"Question Card":19,"TheAbacus":[144],"Mummified Hand":[39],"Ornamental Fan":[84],"Snecko Eye":[132,124,110,127],"Prayer Wheel":5,"Black Star":1,"Kunai":[36],"obtain_stats":[{"Regal Pillow":46,"Vajra":43,"HollowMod:VesselMask":0,"Blue Doll":43,"HollowMod:StagPassRelic":48,"ClockworkSouvenir":28,"Replay:Rubber Ducky":39,"HornCleat":5,"TheAbacus":5,"Matryoshka":39,"Mummified Hand":22,"Prayer Wheel":26,"Kunai":6,"Replay:Towering Pillar of Hats":14,"Happy Flower":31,"Quantum Egg":41,"Eternal Feather":9,"Odd Mushroom":11,"Frozen Egg 2":46,"Question Card":22,"Replay:Arrowhead":12,"Akabeko":41,"Anchor":0,"CaptainsWheel":45,"Ornamental Fan":30,"Snecko Eye":17,"Onion Ring":10,"Black Star":34,"Membership Card":22,"TungstenRod":24,"FossilizedHelix":49},{"Regal Pillow":19,"Vajra":17,"HollowMod:VesselMask":0,"Blue Doll":17,"HollowMod:StagPassRelic":20,"ClockworkSouvenir":11,"Replay:Rubber Ducky":16,"HornCleat":2,"TheAbacus":2,"Matryoshka":16,"Mummified Hand":10,"Prayer Wheel":11,"Kunai":3,"Replay:Towering Pillar of Hats":6,"Happy Flower":12,"Quantum Egg":17,"Eternal Feather":3,"Odd Mushroom":5,"Frozen Egg 2":19,"Question Card":10,"Replay:Arrowhead":5,"Akabeko":17,"Anchor":0,"CaptainsWheel":19,"Ornamental Fan":12,"Snecko Eye":7,"Onion Ring":4,"Black Star":13,"Membership Card":10,"TungstenRod":10,"FossilizedHelix":20},{"Regal Pillow":79,"Vajra":71,"HollowMod:VesselMask":0,"Blue Doll":71,"HollowMod:StagPassRelic":84,"ClockworkSouvenir":42,"Replay:Rubber Ducky":63,"HornCleat":5,"TheAbacus":5,"Matryoshka":63,"Mummified Hand":38,"Prayer Wheel":42,"Kunai":8,"Replay:Towering Pillar of Hats":21,"Happy Flower":44,"Quantum Egg":71,"Eternal Feather":8,"Odd Mushroom":19,"Frozen Egg 2":79,"Question Card":38,"Replay:Arrowhead":19,"Akabeko":71,"Anchor":0,"CaptainsWheel":79,"Ornamental Fan":44,"Snecko Eye":28,"Onion Ring":16,"Black Star":53,"Membership Card":38,"TungstenRod":38,"FossilizedHelix":84}],"TungstenRod":8},"card_choices":[{"not_picked":["HollowMod:HuntersJournal","HollowMod:BaldurShell"],"picked":"HollowMod:SoulSplash","floor":1.0},{"not_picked":["HollowMod:NewJinnsSoul","HollowMod:ChannelNail"],"picked":"HollowMod:InfectedAttack","floor":4.0},{"not_picked":["HollowMod:CloakDash","HollowMod:DoubleDash"],"picked":"HollowMod:VoidDash","floor":6.0},{"not_picked":["HollowMod:ShapeofUnn","HollowMod:Grubsong"],"picked":"HollowMod:ShadowDash","floor":10.0},{"not_picked":["HollowMod:NewLittleFool","HollowMod:HowlingWraiths"],"picked":"HollowMod:WraithStrike","floor":13.0},{"not_picked":["HollowMod:SiblingsSouls+1","HollowMod:HowlingWraiths+1"],"picked":"HollowMod:SiblingsShadow","floor":18.0},{"not_picked":["HollowMod:SoulVessel+1","HollowMod:FallenFury"],"picked":"HollowMod:NewJinnsSoul+1","floor":20.0},{"not_picked":["HollowMod:TaintedHusks","HollowMod:CloakDash"],"picked":"HollowMod:NewJinnsSoul","floor":21.0},{"not_picked":["HollowMod:SoulShaman","HollowMod:InfectedCysts","HollowMod:ChannelNail"],"picked":"HollowMod:HeavyBlow+1","floor":25.0},{"not_picked":["HollowMod:Hiveblood","HollowMod:CycloneSlash","HollowMod:HeavyBlow"],"picked":"HollowMod:GoodIntentions","floor":30.0},{"not_picked":["HollowMod:theNailsmith","HollowMod:AwokenDreamNail","HollowMod:MidwifesHunger"],"picked":"HollowMod:Weaversong","floor":33},{"not_picked":["HollowMod:NewJinnsSoul","HollowMod:HowlingWraiths+1","HollowMod:CornifersMapStart+1"],"picked":"HollowMod:WraithStrike","floor":35},{"not_picked":["HollowMod:RecoilStrike+1","HollowMod:TaintedHusks+1","HollowMod:Grubsong+1"],"picked":"HollowMod:WraithStrike+1","floor":35},{"not_picked":["HollowMod:CoiledNail","HollowMod:NewGlowingWomb","HollowMod:CycloneSlash"],"picked":"HollowMod:WraithStrike","floor":36},{"not_picked":["HollowMod:AwokenDreamNail","HollowMod:MawleksShell","HollowMod:InfectedAttack+1"],"picked":"HollowMod:GreatSlash+1","floor":36},{"not_picked":["HollowMod:TaintedHusks","HollowMod:SoulStrike+1","HollowMod:SoulSplash+1"],"picked":"HollowMod:NewJinnsSoul+1","floor":37},{"not_picked":["HollowMod:LifebloodCocoon","HollowMod:InfectedAttack+1","HollowMod:CycloneSlash"],"picked":"HollowMod:NewJinnsSoul+1","floor":37},{"not_picked":["Replay:SS_forest_5","PanicButton","expansioncontent:QuickStudy"],"picked":"HandOfGreed","floor":38},{"not_picked":["Specialist","Panache","HandOfGreed"],"picked":"Transmutation","floor":38},{"not_picked":["Jack Of All Trades","Survey Options","Specialist"],"picked":"Replay:SS_fish_1","floor":38},{"not_picked":["HollowMod:SiblingsShadow+1","HollowMod:FallenFury+1","HollowMod:Grubsong+1"],"picked":"HollowMod:DescendingDark+1","floor":41},{"not_picked":["HollowMod:ChannelNail","HollowMod:theNailsmith","HollowMod:NewLittleFool"],"picked":"HollowMod:DescendingDark+1","floor":44},{"not_picked":["HollowMod:CycloneSlash+1","HollowMod:CloakDash","HollowMod:InfectionAssault","HollowMod:RecoilStrike"],"picked":"SKIP","floor":44},{"not_picked":["HollowMod:HowlingWraiths","HollowMod:SoulSplash+1","HollowMod:RecoilStrike+1"],"picked":"HollowMod:DungDefenderAura+1","floor":47},{"not_picked":["HollowMod:VengefulVoid+1","HollowMod:InfectedCysts+1","HollowMod:CornifersMapStart"],"picked":"HollowMod:AbyssShriek","floor":47}],"player_experience":289690,"relics_obtained":[{"floor":6.0,"key":"Kunai"},{"floor":9.0,"key":"Eternal Feather"},{"floor":10.0,"key":"Onion Ring"},{"floor":11.0,"key":"Odd Mushroom"},{"floor":26.0,"key":"Prayer Wheel"},{"floor":30.0,"key":"Ornamental Fan"},{"floor":31.0,"key":"Happy Flower"},{"floor":41,"key":"Akabeko"},{"floor":41,"key":"Quantum Egg"},{"floor":43,"key":"Blue Doll"},{"floor":43,"key":"Vajra"},{"floor":45,"key":"CaptainsWheel"},{"floor":46,"key":"Regal Pillow"},{"floor":46,"key":"Frozen Egg 2"},{"floor":49,"key":"FossilizedHelix"}],"event_choices":[{"cards_removed":["HollowMod:QuickDashStart"],"damage_healed":0.0,"max_hp_gain":0.0,"max_hp_loss":0.0,"gold_gain":0.0,"event_name":"The Cleric","player_choice":"Card Removal","floor":2.0,"gold_loss":50.0,"damage_taken":0.0},{"damage_healed":0.0,"max_hp_gain":0.0,"max_hp_loss":0.0,"gold_gain":0.0,"event_name":"Mushrooms","player_choice":"Fought Mushrooms","floor":11.0,"gold_loss":0.0,"damage_taken":0.0},{"damage_healed":0.0,"max_hp_gain":0.0,"max_hp_loss":0.0,"gold_gain":100.0,"event_name":"The Joust","player_choice":"Bet on Murderer","floor":19.0,"gold_loss":50.0,"damage_taken":0.0},{"damage_healed":0,"gold_gain":0,"player_choice":"Memory 3","damage_taken":10,"max_hp_gain":0,"max_hp_loss":0,"event_name":"SensoryStone","floor":38,"gold_loss":0},{"damage_healed":0,"gold_gain":0,"player_choice":"Fight","damage_taken":0,"max_hp_gain":0,"max_hp_loss":0,"event_name":"MindBloom","floor":45,"gold_loss":0}],"is_beta":false,"boss_relics":[{"not_picked":["Empty Cage","Runic Dome"],"picked":"Snecko Eye"},{"not_picked":["Ring of Chaos","Replay:Ancient Bell"],"picked":"Black Star"}],"items_purged_floors":[12],"is_endless":false,"potions_floor_spawned":[1,6,13,16,18,21,30,33,36,37,45,47],"ascension_level":0}}