{"host":"chv1qanoipyt46jc","time":1610655434,"event":{"mods":["2.2 Compatiblity","AchievementEnabler","BaseMod","BetterRewards","CapriCore","Card Filter","Evolution","Gold Saver","Grow up Mod","Minty Spire (QoL Compilation)","Rare Cards Sparkle","Relic Filter","Remove Card Discount Mod","Reorder Act Four","StSLib"],"gold_per_floor":[968,981,975,975,993,993,1034,1057,1136,1164,1199,1215,1240,1284,1284,1409,1409,1434,1434,1459,1459,1459,1492,1492,1533,1533,1552,1575,1589,1630,1645,1645,1766,1766,1781,1775,1838,1838,1856,1856,1892,1892,1941,1957,2000,1996,2010,2035,2035,2035,2035,2035,2035,2070,2070],"floor_reached":56,"language":"ENG","playtime":1616,"items_purged":["ThirdEye","CutThroughFate","Eruption","Vigilance","CutThroughFate","ThirdEye","ThirdEye","ThirdEye","EmptyBody+1","CutThroughFate+1","CutThroughFate+1","LessonLearned+1","Madness+1","Madness+1"],"score":1689,"play_id":"b24e4852-0e01-44d0-bc4c-ed2b4e657c49","local_time":"20210114141714","is_ascension_mode":false,"campfire_choices":[{"floor":6,"key":"REST"},{"floor":15,"key":"RECALL"},{"floor":24,"key":"REST"},{"floor":32,"key":"REST"},{"data":"MasterReality","floor":40,"key":"SMITH"},{"floor":42,"key":"REST"},{"floor":49,"key":"REST"},{"floor":53,"key":"REST"}],"circlet_count":0,"master_deck":["PathToVictory+1","PathToVictory+1","Alpha+1","MasterReality+1","PathToVictory+1","PathToVictory+1","PathToVictory+1"],"relics":["HolyWater","EVO:Axolotl","Unceasing Top","Toxic Egg 2","Golden Idol","Lizard Tail","Odd Mushroom","Omamori","CloakClasp","Ornamental Fan","Prayer Wheel","Letter Opener","Eternal Feather","SlaversCollar","Calipers","Potion Belt","Boot","GoldenEye","Pen Nib"],"acts_visited":["Exordium","TheCity","TheBeyond","TheEnding"],"potions_floor_usage":[],"damage_taken":[{"damage":6,"enemies":"Cultist","floor":1,"turns":4},{"damage":8,"enemies":"Jaw Worm","floor":2,"turns":3},{"damage":0,"enemies":"Small Slimes","floor":5,"turns":2},{"damage":0,"enemies":"Lagavulin","floor":7,"turns":2},{"damage":12,"enemies":"Blue Slaver","floor":8,"turns":2},{"damage":13,"enemies":"The Mushroom Lair","floor":10,"turns":3},{"damage":0,"enemies":"Gremlin Nob","floor":11,"turns":2},{"damage":4,"enemies":"Gremlin Gang","floor":12,"turns":2},{"damage":11,"enemies":"3 Louse","floor":13,"turns":2},{"damage":36,"enemies":"3 Sentries","floor":14,"turns":5},{"damage":63,"enemies":"Hexaghost","floor":16,"turns":3},{"damage":9,"enemies":"3 Byrds","floor":18,"turns":2},{"damage":0,"enemies":"Chosen","floor":20,"turns":1},{"damage":3,"enemies":"Gremlin Leader","floor":23,"turns":2},{"damage":19,"enemies":"Slavers","floor":25,"turns":2},{"damage":7,"enemies":"Sentry and Sphere","floor":27,"turns":3},{"damage":0,"enemies":"Shelled Parasite and Fungi","floor":28,"turns":1},{"damage":0,"enemies":"Centurion and Healer","floor":29,"turns":1},{"damage":11,"enemies":"Book of Stabbing","floor":30,"turns":2},{"damage":0,"enemies":"Snake Plant","floor":31,"turns":1},{"damage":29,"enemies":"Collector","floor":33,"turns":4},{"damage":8,"enemies":"Orb Walker","floor":35,"turns":2},{"damage":0,"enemies":"Mind Bloom Boss Battle","floor":37,"turns":2},{"damage":25,"enemies":"3 Darklings","floor":39,"turns":3},{"damage":70,"enemies":"Reptomancer","floor":41,"turns":3},{"damage":18,"enemies":"Sphere and 2 Shapes","floor":44,"turns":3},{"damage":76,"enemies":"Nemesis","floor":45,"turns":5},{"damage":11,"enemies":"Spire Growth","floor":47,"turns":2},{"damage":0,"enemies":"Jaw Worm Horde","floor":48,"turns":2},{"damage":64,"enemies":"Donu and Deca","floor":50,"turns":4},{"damage":55,"enemies":"Shield and Spear","floor":54,"turns":3},{"damage":86,"enemies":"The Heart","floor":55,"turns":5}],"seed_played":"8562096098202022949","potions_obtained":[{"floor":2,"key":"Explosive Potion"},{"floor":7,"key":"SpeedPotion"},{"floor":8,"key":"Explosive Potion"},{"floor":11,"key":"BlessingOfTheForge"},{"floor":13,"key":"Energy Potion"},{"floor":16,"key":"FairyPotion"},{"floor":45,"key":"Dexterity Potion"},{"floor":47,"key":"Energy Potion"},{"floor":48,"key":"FairyPotion"}],"is_trial":false,"path_per_floor":["M","M","$","?","M","R","E","M","T","?","E","M","M","E","R","B",null,"M","$","M","?","?","E","R","E","T","M","M","M","E","M","R","B",null,"M","$","?","?","M","R","E","R","T","M","E","$","M","M","R","B",null,"$","R","E","B",null],"character_chosen":"WATCHER","items_purchased":["LessonLearned","Unceasing Top","Toxic Egg 2"],"campfire_rested":6,"item_purchase_floors":[0,0,0],"current_hp_per_floor":[52,54,64,41,51,106,116,114,124,121,131,137,136,110,120,67,272,273,283,293,303,313,320,342,333,343,346,356,366,365,375,422,403,442,444,454,464,415,400,413,353,519,529,521,455,465,464,474,592,538,612,622,632,587,511],"gold":2070,"neow_bonus":"","is_daily":false,"chose_seed":false,"campfire_upgraded":1,"win_rate":0.0,"timestamp":1610655434,"path_taken":["M","M","$","?","M","R","E","M","T","?","E","M","M","E","R","BOSS","M","$","M","?","?","E","R","E","T","M","M","?","E","M","R","BOSS","M","$","?","?","M","R","E","R","T","M","E","$","M","M","R","BOSS","$","R","E","BOSS"],"items_purchased_type":["Card","Relic","Relic"],"build_version":"2020-12-22","purchased_purges":14,"victory":true,"max_hp_per_floor":[112,122,132,142,152,162,172,182,192,202,212,222,232,242,252,262,272,282,292,302,312,322,332,342,352,362,372,382,392,402,412,422,432,442,452,462,472,482,492,502,512,522,532,542,552,562,572,582,592,602,612,622,632,642,652],"card_choices":[{"not_picked":["CrushJoints","FearNoEvil","EmptyMind+1"],"picked":"SKIP","floor":1},{"not_picked":["WheelKick","PathToVictory+1","WaveOfTheHand+1"],"picked":"SKIP","floor":2},{"not_picked":["WheelKick","WaveOfTheHand+1"],"picked":"PathToVictory+1","floor":2},{"not_picked":["Prostrate+1","Halt+1","SashWhip"],"picked":"SKIP","floor":5},{"not_picked":["Study","FlyingSleeves","Protect+1"],"picked":"SKIP","floor":7},{"not_picked":["TalkToTheHand","SashWhip","ReachHeaven"],"picked":"SKIP","floor":8},{"not_picked":["Halt+1","Adaptation","ClearTheMind+1"],"picked":"SKIP","floor":11},{"not_picked":["ReachHeaven","Pray+1","Adaptation"],"picked":"SKIP","floor":12},{"not_picked":["SignatureMove","JustLucky"],"picked":"PathToVictory+1","floor":13},{"not_picked":["SpiritShield+1","Nirvana","Vault+1"],"picked":"SKIP","floor":14},{"not_picked":["FlurryOfBlows","Prostrate+1","BowlingBash"],"picked":"SKIP","floor":18},{"not_picked":["CrushJoints","BattleHymn","Tantrum"],"picked":"SKIP","floor":20},{"not_picked":["Evaluate+1","ThirdEye+1","Adaptation"],"picked":"SKIP","floor":23},{"not_picked":["Conclude","Wireheading+1","Crescendo+1"],"picked":"SKIP","floor":25},{"not_picked":["BowlingBash+1","WheelKick","EmptyFist"],"picked":"SKIP","floor":27},{"not_picked":["Consecrate","BowlingBash+1","Prostrate+1"],"picked":"SKIP","floor":27},{"not_picked":["InnerPeace+1","Halt+1","FollowUp+1"],"picked":"SKIP","floor":28},{"not_picked":["Devotion","EmptyBody+1","SashWhip"],"picked":"SKIP","floor":28},{"not_picked":["ClearTheMind+1","Fasting2","FlurryOfBlows"],"picked":"SKIP","floor":29},{"not_picked":["EmptyBody+1","BowlingBash","SandsOfTime"],"picked":"SKIP","floor":29},{"not_picked":["Prostrate+1","EmptyMind+1","ForeignInfluence+1"],"picked":"SKIP","floor":30},{"not_picked":["LikeWater","EmptyFist"],"picked":"Alpha+1","floor":31},{"not_picked":["FlurryOfBlows","Indignation+1","Evaluate+1"],"picked":"SKIP","floor":31},{"not_picked":["Blasphemy+1","Wish+1"],"picked":"MasterReality","floor":33},{"not_picked":["SashWhip+1","TalkToTheHand"],"picked":"PathToVictory+1","floor":35},{"not_picked":["FlyingSleeves+1","ForeignInfluence+1"],"picked":"PathToVictory+1","floor":35},{"not_picked":["ClearTheMind+1","FollowUp+1","CutThroughFate"],"picked":"SKIP","floor":39},{"not_picked":["MentalFortress+1","ClearTheMind+1","Wallop"],"picked":"SKIP","floor":39},{"not_picked":["Pray+1","Tantrum","Protect+1"],"picked":"SKIP","floor":41},{"not_picked":["Perseverance+1","Crescendo+1","EmptyBody+1"],"picked":"SKIP","floor":44},{"not_picked":["FollowUp","Evaluate+1","Nirvana+1"],"picked":"SKIP","floor":44},{"not_picked":["FearNoEvil","FollowUp"],"picked":"PathToVictory+1","floor":45},{"not_picked":["Crescendo+1","ClearTheMind+1","Tantrum+1"],"picked":"SKIP","floor":47},{"not_picked":["Devotion","CarveReality+1","Collect+1"],"picked":"SKIP","floor":47},{"not_picked":["SandsOfTime+1","CrushJoints","Protect+1"],"picked":"SKIP","floor":48},{"not_picked":["ReachHeaven","PathToVictory+1","Halt+1"],"picked":"SKIP","floor":48},{"not_picked":["DevaForm","Prostrate+1","Consecrate"],"picked":"SKIP","floor":54}],"player_experience":306097,"relics_obtained":[{"floor":7,"key":"Lizard Tail"},{"floor":10,"key":"Odd Mushroom"},{"floor":11,"key":"Omamori"},{"floor":14,"key":"CloakClasp"},{"floor":23,"key":"Ornamental Fan"},{"floor":25,"key":"Prayer Wheel"},{"floor":26,"key":"Letter Opener"},{"floor":30,"key":"Eternal Feather"},{"floor":37,"key":"Calipers"},{"floor":41,"key":"Potion Belt"},{"floor":43,"key":"Boot"},{"floor":45,"key":"GoldenEye"},{"floor":54,"key":"Pen Nib"}],"event_choices":[{"damage_healed":0,"gold_gain":0,"player_choice":"Take Damage","damage_taken":33,"relics_obtained":["Golden Idol"],"max_hp_gain":0,"max_hp_loss":0,"event_name":"Golden Idol","floor":4,"gold_loss":0},{"damage_healed":0,"gold_gain":0,"player_choice":"Fought Mushrooms","damage_taken":0,"max_hp_gain":0,"max_hp_loss":0,"event_name":"Mushrooms","floor":10,"gold_loss":0},{"damage_healed":0,"gold_gain":0,"player_choice":"Ignored","damage_taken":0,"max_hp_gain":0,"max_hp_loss":0,"event_name":"Cursed Tome","floor":21,"gold_loss":0},{"damage_healed":0,"gold_gain":0,"player_choice":"Leave","damage_taken":0,"max_hp_gain":0,"max_hp_loss":0,"event_name":"FaceTrader","floor":22,"gold_loss":0},{"damage_healed":0,"gold_gain":0,"player_choice":"Fight","damage_taken":0,"max_hp_gain":0,"max_hp_loss":0,"event_name":"MindBloom","floor":37,"gold_loss":0},{"damage_healed":0,"gold_gain":0,"player_choice":"Embrace Madness","damage_taken":59,"max_hp_gain":0,"max_hp_loss":0,"event_name":"Winding Halls","floor":38,"gold_loss":0,"cards_obtained":["Madness","Madness"]}],"is_beta":false,"boss_relics":[{"not_picked":["Runic Dome","Runic Pyramid"],"picked":"HolyWater"},{"not_picked":["Astrolabe","Tiny House"],"picked":"SlaversCollar"}],"items_purged_floors":[0,0,0,0,0,0,3,3,3,36,36,36,46,46],"is_endless":false,"potions_floor_spawned":[2,7,8,11,13,14,16,23,25,29,30,31,33,39,45,47,48],"ascension_level":0}}