{"host":"y89x8uui45kcjy42","time":1610628836,"event":{"mods":["2.2 Compatiblity","BaseMod","CapriCore","Colored Map","Colored Powertips","Custom Start","Friendly Minions","Keyboard Shortcuts","Minty Spire (QoL Compilation)","Relic Stats","Slay the Relics Exporter","StSLib","SuperFastMode","Uncapped"],"gold_per_floor":[113,263,338,5,23,54,84,359,383,383,412,412,169,187,187,263,263,281,281,295,18,68,68,68,68],"floor_reached":24,"language":"KOR","playtime":706,"items_purged":[],"score":420,"play_id":"47c65b9b-20ee-4542-8200-4c1d74446f05","local_time":"20210114215356","is_ascension_mode":true,"campfire_choices":[{"data":"Entrench","floor":10,"key":"SMITH"},{"data":"Power Through","floor":12,"key":"SMITH"},{"data":"Dark Embrace","floor":15,"key":"SMITH"},{"data":"Disarm","floor":23,"key":"SMITH"}],"circlet_count":0,"master_deck":["Strike_R","Defend_R","Bash","Reprogram+1","Iron Wave","Entrench+1","Power Through+1","Disarm+1","Dark Embrace+1","Impervious","Shockwave"],"relics":["Black Blood","Charon\u0027s Ashes","MealTicket","Nunchaku","Oddly Smooth Stone","ClockworkSouvenir","Paper Frog","Matryoshka","Paper Crane"],"acts_visited":["Exordium","TheCity"],"potions_floor_usage":[16],"damage_taken":[{"damage":8,"enemies":"2 Louse","floor":1,"turns":3},{"damage":0,"enemies":"Jaw Worm","floor":5,"turns":5},{"damage":26,"enemies":"3 Sentries","floor":6,"turns":6},{"damage":35,"enemies":"Lagavulin","floor":7,"turns":6},{"damage":33,"enemies":"3 Sentries","floor":11,"turns":6},{"damage":0,"enemies":"Small Slimes","floor":14,"turns":4},{"damage":38,"enemies":"The Guardian","floor":16,"turns":11},{"damage":69,"enemies":"3 Byrds","floor":18,"turns":10},{"damage":41,"enemies":"Shell Parasite","floor":20,"turns":8},{"damage":85,"enemies":"Book of Stabbing","floor":24,"turns":7}],"seed_played":"-1555978632320320237","potions_obtained":[{"floor":5,"key":"SneckoOil"},{"floor":11,"key":"Regen Potion"},{"floor":14,"key":"DistilledChaos"},{"floor":18,"key":"Regen Potion"}],"is_trial":false,"path_per_floor":["M","?","?","$","M","E","E","?","T","R","E","R","$","M","R","B",null,"M","?","M","$","?","R","E"],"character_chosen":"IRONCLAD","items_purchased":["Charon\u0027s Ashes","Disarm","ClockworkSouvenir","Matryoshka"],"campfire_rested":0,"item_purchase_floors":[4,13,13,21],"current_hp_per_floor":[66,66,55,55,61,41,12,12,12,12,57,57,72,78,78,46,72,80,57,85,85,85,85,0,0],"gold":68,"neow_bonus":"ONE_RARE_RELIC","is_daily":false,"chose_seed":false,"campfire_upgraded":4,"win_rate":0.0,"timestamp":1610628836,"path_taken":["M","?","?","$","?","E","E","?","T","R","E","R","$","?","R","BOSS","M","?","M","$","?","R","E"],"items_purchased_type":["Relic","Card","Relic","Relic"],"build_version":"2020-12-22","purchased_purges":0,"victory":false,"max_hp_per_floor":[68,68,68,68,68,68,68,68,68,68,80,80,80,80,80,80,80,80,85,85,85,85,85,85,85],"relic_stats":{"Nunchaku":[6],"counters":[10,66],"Black Blood":49,"MealTicket":15,"Charon\u0027s Ashes":[145],"obtain_stats":[{"Oddly Smooth Stone":11,"Black Blood":17,"Charon\u0027s Ashes":4,"Omamori":2,"Paper Crane":24,"Burning Blood":0,"ClockworkSouvenir":13,"Nunchaku":7,"Matryoshka":21,"Gambling Chip":0,"MealTicket":6,"WingedGreaves":6,"Paper Frog":18},{"Oddly Smooth Stone":5,"Black Blood":7,"Charon\u0027s Ashes":1,"Omamori":1,"Paper Crane":10,"Burning Blood":0,"ClockworkSouvenir":5,"Nunchaku":4,"Matryoshka":9,"Gambling Chip":0,"MealTicket":3,"WingedGreaves":3,"Paper Frog":8},{"Oddly Smooth Stone":26,"Black Blood":41,"Charon\u0027s Ashes":3,"Omamori":3,"Paper Crane":60,"Burning Blood":0,"ClockworkSouvenir":26,"Nunchaku":20,"Matryoshka":59,"Gambling Chip":0,"MealTicket":14,"WingedGreaves":14,"Paper Frog":46}]},"card_choices":[{"not_picked":["Clash","Anger","Heavy Blade"],"picked":"SKIP","floor":1},{"not_picked":["Sever Soul","Battle Trance"],"picked":"Iron Wave","floor":5},{"not_picked":["Heavy Blade","Clash","Cleave"],"picked":"SKIP","floor":6},{"not_picked":["Heavy Blade","Rampage"],"picked":"Entrench","floor":7},{"not_picked":["Burning Pact","Body Slam"],"picked":"Power Through","floor":11},{"not_picked":["Bloodletting","Seeing Red"],"picked":"Dark Embrace","floor":14},{"not_picked":["Berserk","Fiend Fire"],"picked":"Impervious","floor":16},{"not_picked":["Clash","Body Slam"],"picked":"Shockwave","floor":18},{"not_picked":["Whirlwind","Armaments+1","Thunderclap"],"picked":"SKIP","floor":20}],"player_experience":606011,"relics_obtained":[{"floor":6,"key":"MealTicket"},{"floor":7,"key":"Nunchaku"},{"floor":11,"key":"Oddly Smooth Stone"}],"event_choices":[{"damage_healed":0,"gold_gain":150,"player_choice":"AGREE","damage_taken":0,"max_hp_gain":0,"max_hp_loss":0,"event_name":"Liars Game","floor":2,"gold_loss":0,"cards_obtained":["Doubt"]},{"damage_healed":0,"gold_gain":75,"player_choice":"Gather Gold","damage_taken":11,"max_hp_gain":0,"max_hp_loss":0,"event_name":"World of Goop","floor":3,"gold_loss":0},{"damage_healed":0,"gold_gain":275,"player_choice":"Desecrate","damage_taken":0,"max_hp_gain":0,"max_hp_loss":0,"event_name":"Golden Shrine","floor":8,"gold_loss":0,"cards_obtained":["Regret"]},{"damage_healed":0,"gold_gain":0,"player_choice":"Shed Blood","damage_taken":28,"max_hp_gain":5,"max_hp_loss":0,"event_name":"Forgotten Altar","floor":19,"gold_loss":0},{"damage_healed":0,"gold_gain":50,"player_choice":"Stole From Cult","damage_taken":0,"max_hp_gain":0,"max_hp_loss":0,"event_name":"Nest","floor":22,"gold_loss":0}],"is_beta":false,"boss_relics":[{"not_picked":["Empty Cage","Black Star"],"picked":"Black Blood"}],"items_purged_floors":[],"is_endless":false,"potions_floor_spawned":[5,11,14,18],"killed_by":"Book of Stabbing","ascension_level":20}}