{"host":"0gl1h2c0bid0oqhv","time":1610630325,"event":{"mods":["BaseMod","Colored Map","Googly Eyes","Highlight Path","Minty Spire (QoL Compilation)","Quick Restart","Rare Cards Sparkle","Shop Mod","StSLib","The Animator","The Dragon Tamer","The Jungle"],"gold_per_floor":[119,119,119,135,135,179,28,28,28,48,48,71,71,96,96,224,224,224,224,224,10,10,10,10,10,10,10],"floor_reached":25,"language":"ENG","playtime":935,"items_purged":[],"score":276,"play_id":"913880a8-a3fb-46d5-a2fb-93c9625887f0","local_time":"20210114131845","is_ascension_mode":false,"metric_token":787,"campfire_choices":[{"data":"DTMod:FlameSlash","floor":8,"key":"SMITH"},{"data":"DTMod:CleansingStrike","floor":11,"key":"SMITH"},{"data":"DTMod:DoubleHit","floor":13,"key":"SMITH"},{"data":"DTMod:FlameSlash","floor":15,"key":"SMITH"},{"floor":23,"key":"REST"}],"dtmod_dragon_data":[50,50,1,-1,8,0],"circlet_count":0,"master_deck":["DTMod:Strike","DTMod:Strike","DTMod:Strike","DTMod:Strike","DTMod:DoubleHit+1","DTMod:TargetDefense","DTMod:TargetDefense","DTMod:TargetDefense","DTMod:TargetDefense","DTMod:SwitchingTactic","DTMod:FlameSlash+1","DTMod:Conduct","DTMod:Feint","DTMod:CleansingStrike+1","DTMod:Shift","DTMod:FlameSlash+1","DTMod:SealedStrike","DTMod:Observe+1","DTMod:LastStand","DTMod:Threaten"],"relics":["DTMod:PactStone","NeowsBlessing","Golden Idol","DTMod:TacticalNote","Bronze Scales","Calipers","Ectoplasm","Lizard Tail","Orichalcum"],"acts_visited":["Exordium","Exordium"],"potions_floor_usage":[16,16,16,22,22,22,24],"damage_taken":[{"damage":0,"enemies":"2 Louse","floor":1,"turns":1},{"damage":0,"enemies":"Small Slimes","floor":4,"turns":1},{"damage":0,"enemies":"Gremlin Nob","floor":6,"turns":1},{"damage":0,"enemies":"Jaw Worm","floor":10,"turns":3},{"damage":0,"enemies":"Red Slaver","floor":12,"turns":3},{"damage":0,"enemies":"3 Louse","floor":14,"turns":2},{"damage":0,"enemies":"Slime Boss","floor":16,"turns":6},{"damage":15,"enemies":"theJungle:GiantWrat","floor":18,"turns":4},{"damage":0,"enemies":"theJungle:Flameango_and_Byrd","floor":22,"turns":3},{"damage":0,"enemies":"theJungle:JungleHuntersEncounter","floor":24,"turns":3},{"damage":0,"enemies":"Snake Plant","floor":25,"turns":1}],"seed_played":"1691458003193463413","potions_obtained":[{"floor":4,"key":"SneckoOil"},{"floor":6,"key":"LiquidBronze"},{"floor":10,"key":"AttackPotion"},{"floor":12,"key":"CultistPotion"},{"floor":14,"key":"Explosive Potion"},{"floor":18,"key":"EntropicBrew"}],"is_trial":false,"path_per_floor":["M","?","?","M","$","E","$","R","T","M","R","M","R","M","R","B",null,"M","T","?","$","M","R","M","M"],"character_chosen":"THE_DT","items_purchased":["Bronze Scales","Orichalcum","DTMod:LastStand"],"campfire_rested":1,"item_purchase_floors":[7,21,21],"current_hp_per_floor":[45,42,42,42,42,42,42,42,42,42,42,42,42,42,42,42,42,27,27,22,22,22,36,36,36,36,36],"gold":10,"neow_bonus":"THREE_ENEMY_KILL","is_daily":false,"chose_seed":false,"campfire_upgraded":4,"win_rate":0.0,"timestamp":1610630325,"path_taken":["M","?","?","M","$","E","?","R","T","M","R","?","R","M","R","BOSS","M","?","?","$","M","R","M","M"],"items_purchased_type":["Relic","Relic","Card"],"build_version":"2020-12-22","purchased_purges":0,"victory":false,"max_hp_per_floor":[45,42,42,42,42,42,42,42,42,42,42,42,42,42,42,42,42,42,42,47,47,47,47,47,47,47,47],"card_choices":[{"not_picked":["DTMod:BreakAttack","DTMod:Threaten"],"picked":"DTMod:FlameSlash","floor":1},{"not_picked":["DTMod:BuildUp","DTMod:QuickFly"],"picked":"DTMod:Conduct","floor":4},{"not_picked":["DTMod:Training","DTMod:MaximumCharge"],"picked":"DTMod:Feint","floor":6},{"not_picked":["DTMod:BurningEnergy","DTMod:Punisher"],"picked":"DTMod:CleansingStrike","floor":10},{"not_picked":["DTMod:BurningEnergy","DTMod:InvisibleFlame"],"picked":"DTMod:Shift","floor":12},{"not_picked":["DTMod:BurningForce","DTMod:MaximumCharge"],"picked":"DTMod:FlameSlash","floor":14},{"not_picked":["DTMod:Prediction","DTMod:ResonanceForm"],"picked":"DTMod:SealedStrike","floor":16},{"not_picked":["DTMod:MaximumCharge","DTMod:PurifyingFlame"],"picked":"DTMod:Observe+1","floor":18},{"not_picked":["DTMod:LowKick","DTMod:BuildUp"],"picked":"DTMod:Threaten","floor":22}],"player_experience":489,"relics_obtained":[{"floor":6,"key":"DTMod:TacticalNote"},{"floor":9,"key":"Calipers"},{"floor":19,"key":"Lizard Tail"}],"event_choices":[{"damage_healed":0,"gold_gain":0,"player_choice":"Lose Max HP","damage_taken":0,"relics_obtained":["Golden Idol"],"max_hp_gain":0,"max_hp_loss":3,"event_name":"Golden Idol","floor":2,"gold_loss":0},{"damage_healed":0,"gold_gain":0,"player_choice":"Ignored","damage_taken":0,"max_hp_gain":0,"max_hp_loss":0,"event_name":"Golden Wing","floor":3,"gold_loss":0}],"is_beta":false,"boss_relics":[{"not_picked":["Black Star","Snecko Eye"],"picked":"Ectoplasm"}],"items_purged_floors":[],"is_endless":false,"potions_floor_spawned":[4,6,10,12,14,18],"killed_by":"Snake Plant","ascension_level":0}}