{"host":"s58r5yp46srrl8k0","time":1610658728,"event":{"mods":["BaseMod","BetterRewards","Colored Powertips","Energized Spire","Minty Spire (QoL Compilation)","Relic Stats","StSLib"],"gold_per_floor":[115,6,181,192,12,45,45,55,104,117,150,150,150,168,168,263,263,273,24,24,37,50,50,68,103,126,144,144,162,162,180,180,278,278,290,301,324,3,13,13,13,32,32,32,42,42,42],"floor_reached":46,"language":"ENG","playtime":3167,"items_purged":["Strike_P","Doubt","Strike_P","SandsOfTime"],"score":529,"play_id":"855c2af6-cc5d-49fb-b6cf-329c0b092b8e","local_time":"20210114161208","is_ascension_mode":true,"campfire_choices":[{"data":"Consecrate","floor":7.0,"key":"SMITH"},{"data":"Evaluate","floor":12.0,"key":"SMITH"},{"data":"MasterReality","floor":15.0,"key":"SMITH"},{"data":"Eruption","floor":23.0,"key":"SMITH"},{"data":"Evaluate","floor":28.0,"key":"SMITH"},{"data":"LikeWater","floor":30.0,"key":"SMITH"},{"data":"Study","floor":32.0,"key":"SMITH"},{"data":"Devotion","floor":40.0,"key":"SMITH"},{"data":"LikeWater","floor":44,"key":"SMITH"}],"circlet_count":0,"master_deck":["Eruption+1","Vigilance+1","Consecrate+1","InnerPeace","Wireheading","Evaluate+1","CutThroughFate","Evaluate+1","MasterReality+1","Wish","Study+1","EmptyFist","PathToVictory+1","Perseverance+1","LikeWater+1","Perseverance","EmptyFist","Devotion+1","ThirdEye","WaveOfTheHand","PathToVictory","LikeWater+1","Parasite","Nirvana+1","Nirvana","PathToVictory+1"],"relics":["PureWater","NeowsBlessing","War Paint","Centennial Puzzle","Pen Nib","energizedSpire:NeverEndingSparkler","Oddly Smooth Stone","Potion Belt","Orichalcum","Pandora\u0027s Box","Anchor","Letter Opener"],"acts_visited":["Exordium","TheCity","TheBeyond"],"potions_floor_usage":[],"damage_taken":[{"damage":0.0,"enemies":"Small Slimes","floor":1.0,"turns":1.0},{"damage":0.0,"enemies":"2 Louse","floor":4.0,"turns":1.0},{"damage":0.0,"enemies":"Lagavulin","floor":6.0,"turns":1.0},{"damage":0.0,"enemies":"Cultist","floor":8.0,"turns":4.0},{"damage":2.0,"enemies":"Lots of Slimes","floor":10.0,"turns":2.0},{"damage":0.0,"enemies":"Gremlin Nob","floor":11.0,"turns":2.0},{"damage":2.0,"enemies":"Red Slaver","floor":14.0,"turns":3.0},{"damage":5.0,"enemies":"Slime Boss","floor":16.0,"turns":7.0},{"damage":5.0,"enemies":"Spheric Guardian","floor":18.0,"turns":3.0},{"damage":0.0,"enemies":"3 Byrds","floor":21.0,"turns":3.0},{"damage":1.0,"enemies":"Shelled Parasite and Fungi","floor":22.0,"turns":6.0},{"damage":29.0,"enemies":"Snecko","floor":24.0,"turns":6.0},{"damage":15.0,"enemies":"Slavers","floor":25.0,"turns":4.0},{"damage":2.0,"enemies":"Centurion and Healer","floor":27.0,"turns":5.0},{"damage":0.0,"enemies":"Snake Plant","floor":29.0,"turns":4.0},{"damage":0.0,"enemies":"3 Cultists","floor":31.0,"turns":6.0},{"damage":17.0,"enemies":"Collector","floor":33.0,"turns":11.0},{"damage":10.0,"enemies":"3 Darklings","floor":35.0,"turns":5.0},{"damage":7.0,"enemies":"Orb Walker","floor":36.0,"turns":5.0},{"damage":21.0,"enemies":"Writhing Mass","floor":39.0,"turns":6.0},{"damage":14.0,"enemies":"Transient","floor":42.0,"turns":5.0},{"damage":9,"enemies":"4 Shapes","floor":45,"turns":9},{"damage":11,"enemies":"3 Darklings","floor":46,"turns":2}],"seed_played":"-4875918203044046703","potions_obtained":[{"floor":4.0,"key":"Energy Potion"},{"floor":6.0,"key":"BottledMiracle"},{"floor":8.0,"key":"SteroidPotion"},{"floor":14.0,"key":"Swift Potion"},{"floor":24.0,"key":"ColorlessPotion"},{"floor":27.0,"key":"DistilledChaos"},{"floor":29.0,"key":"GamblersBrew"},{"floor":33.0,"key":"GamblersBrew"},{"floor":35.0,"key":"Dexterity Potion"},{"floor":39.0,"key":"Dexterity Potion"}],"is_trial":false,"path_per_floor":["M","$","?","M","$","E","R","M","T","M","E","R","?","M","R","B",null,"M","$","?","M","M","R","M","E","T","M","R","M","R","M","R","B",null,"M","M","T","$","M","R","?","M","T","R","M","M"],"character_chosen":"WATCHER","items_purchased":["InnerPeace","Wireheading","AttackPotion","DuplicationPotion","LikeWater","Block Potion","SkillPotion"],"campfire_rested":0,"item_purchase_floors":[2,5,19,19,38,38,38],"current_hp_per_floor":[72,72,72,72,72,72,72,72,72,70,70,70,63,61,61,56,72,67,67,67,67,66,66,37,22,22,20,20,20,20,20,20,3,72,62,55,55,55,34,34,34,20,20,20,11,0,0],"gold":42,"neow_bonus":"THREE_ENEMY_KILL","is_daily":false,"chose_seed":false,"campfire_upgraded":9,"win_rate":0.0,"timestamp":1610658728,"path_taken":["M","$","?","M","$","E","R","M","T","M","E","R","?","M","R","BOSS","M","$","?","M","M","R","M","E","T","M","R","M","R","?","R","BOSS","M","?","?","$","M","R","?","M","T","R","M","M"],"items_purchased_type":["Card","Card","Potion","Potion","Card","Potion","Potion"],"build_version":"2020-12-22","purchased_purges":4,"victory":false,"max_hp_per_floor":[72,72,72,72,72,72,72,72,72,72,72,72,72,72,72,72,72,72,72,72,72,72,72,72,72,72,72,72,72,72,72,72,72,72,72,72,72,72,72,72,72,72,72,72,72,72,72],"relic_stats":{"Centennial Puzzle":[45],"counters":[23,101],"Pandora\u0027s Box":["Perseverance","EmptyFist","Devotion","ThirdEye","WaveOfTheHand"],"Pen Nib":[19],"Letter Opener":[30],"War Paint":["Vigilance","Defend_P"],"Orichalcum":[30],"obtain_stats":[{"Potion Belt":25,"Centennial Puzzle":9,"Anchor":37,"NeowsBlessing":0,"energizedSpire:NeverEndingSparkler":17,"Oddly Smooth Stone":20,"Pandora\u0027s Box":34,"Pen Nib":11,"Letter Opener":43,"PureWater":0,"War Paint":6,"Orichalcum":26},{"Potion Belt":13,"Centennial Puzzle":4,"Anchor":19,"NeowsBlessing":0,"energizedSpire:NeverEndingSparkler":8,"Oddly Smooth Stone":9,"Pandora\u0027s Box":17,"Pen Nib":6,"Letter Opener":21,"PureWater":0,"War Paint":3,"Orichalcum":13},{"Potion Belt":43,"Centennial Puzzle":7,"Anchor":79,"NeowsBlessing":0,"energizedSpire:NeverEndingSparkler":21,"Oddly Smooth Stone":24,"Pandora\u0027s Box":69,"Pen Nib":11,"Letter Opener":90,"PureWater":0,"War Paint":3,"Orichalcum":43}]},"card_choices":[{"not_picked":["JustLucky","Prostrate"],"picked":"Consecrate","floor":1.0},{"not_picked":["Wallop","SashWhip"],"picked":"Weave","floor":4.0},{"not_picked":["SashWhip","EmptyBody","ClearTheMind"],"picked":"SKIP","floor":6.0},{"not_picked":["Protect","Wireheading"],"picked":"Evaluate","floor":8.0},{"not_picked":["DeceiveReality","WaveOfTheHand"],"picked":"CutThroughFate","floor":10.0},{"not_picked":["Sanctity","FollowUp"],"picked":"Evaluate","floor":11.0},{"not_picked":["Consecrate","PathToVictory"],"picked":"MasterReality","floor":14.0},{"not_picked":["SpiritShield","Scrawl"],"picked":"Wish","floor":16.0},{"not_picked":["PathToVictory","SignatureMove"],"picked":"Study","floor":18.0},{"not_picked":["Study","SignatureMove"],"picked":"EmptyFist","floor":21.0},{"not_picked":["WindmillStrike","ClearTheMind"],"picked":"PathToVictory+1","floor":22.0},{"not_picked":["Conclude","WreathOfFlame"],"picked":"SandsOfTime","floor":24.0},{"not_picked":["WreathOfFlame","JustLucky"],"picked":"Perseverance+1","floor":25.0},{"not_picked":["Prostrate","Evaluate","SandsOfTime"],"picked":"SKIP","floor":27.0},{"not_picked":["Weave","Vengeance"],"picked":"LikeWater","floor":29.0},{"not_picked":["WreathOfFlame","Wallop","BowlingBash+1"],"picked":"SKIP","floor":31.0},{"not_picked":["Wallop","Study","Conclude"],"picked":"SKIP","floor":35.0},{"not_picked":["Tantrum","EmptyMind+1"],"picked":"PathToVictory","floor":36.0},{"not_picked":["Protect","CrushJoints"],"picked":"Nirvana+1","floor":39.0},{"not_picked":["FlyingSleeves","WindmillStrike+1"],"picked":"Nirvana","floor":42.0},{"not_picked":["DeceiveReality","Halt"],"picked":"PathToVictory+1","floor":45}],"player_experience":308856,"relics_obtained":[{"floor":6.0,"key":"War Paint"},{"floor":9.0,"key":"Centennial Puzzle"},{"floor":11.0,"key":"Pen Nib"},{"floor":20.0,"key":"Oddly Smooth Stone"},{"floor":25.0,"key":"Potion Belt"},{"floor":26.0,"key":"Orichalcum"},{"floor":37.0,"key":"Anchor"},{"floor":43.0,"key":"Letter Opener"}],"event_choices":[{"damage_healed":0.0,"max_hp_gain":0.0,"max_hp_loss":0.0,"gold_gain":175.0,"event_name":"Liars Game","player_choice":"AGREE","floor":3.0,"gold_loss":0.0,"damage_taken":0.0,"cards_obtained":["Doubt"]},{"cards_removed":["Defend_P"],"damage_healed":0.0,"max_hp_gain":0.0,"max_hp_loss":0.0,"gold_gain":0.0,"event_name":"Golden Wing","player_choice":"Card Removal","floor":13.0,"gold_loss":0.0,"damage_taken":7.0},{"damage_healed":0.0,"max_hp_gain":0.0,"max_hp_loss":0.0,"gold_gain":0.0,"event_name":"Wheel of Change","player_choice":"Relic","floor":20.0,"gold_loss":0.0,"damage_taken":0.0},{"cards_removed":["Weave"],"damage_healed":0.0,"max_hp_gain":0.0,"max_hp_loss":0.0,"gold_gain":0.0,"event_name":"Falling","player_choice":"Removed Attack","floor":41.0,"gold_loss":0.0,"damage_taken":0.0}],"is_beta":false,"boss_relics":[{"not_picked":["Fusion Hammer","energizedSpire:StickyHand"],"picked":"energizedSpire:NeverEndingSparkler"},{"not_picked":["Coffee Dripper","Velvet Choker"],"picked":"Pandora\u0027s Box"}],"items_purged_floors":[2,5,19,38],"is_endless":false,"potions_floor_spawned":[4,6,8,14,24,27,29,33,35,39],"killed_by":"3 Darklings","ascension_level":1}}