{"host":"uzp1tn8qxn9571p9","time":1610661586,"event":{"mods":["BaseMod","Colored Map","Colored Powertips","Hermit","Minty Spire (QoL Compilation)","Shop Mod","StSLib","The Hierophant","óô»ðÖ¸ÄÏ"],"gold_per_floor":[119,119,119,131,161,173,211,233,269,17,17,43,61,76,76,153,153,165,165,185,25,25,50,67,67,147,147,13,24,24,24,24,112,112,127,139,139,154,154,154,186,199,269,269,284,284,294,295,295,345,345],"floor_reached":50,"language":"ZHS","playtime":2820,"items_purged":["hierophant:Strike_Hierophant","hierophant:Strike_Hierophant","hierophant:Strike_Hierophant"],"score":627,"play_id":"747d42c6-b4a2-481d-b30f-4dab33a39b3e","local_time":"20210115055946","is_ascension_mode":false,"campfire_choices":[{"data":"hierophant:ChurchCoffers","floor":6.0,"key":"SMITH"},{"data":"hierophant:DivineIntervention","floor":11.0,"key":"SMITH"},{"data":"hierophant:Martyrdom","floor":15.0,"key":"SMITH"},{"data":"J.A.X.","floor":25.0,"key":"SMITH"},{"data":"hierophant:Blessing","floor":27.0,"key":"SMITH"},{"data":"hierophant:DivineIntervention","floor":30.0,"key":"SMITH"},{"floor":32.0,"key":"REST"},{"data":"hierophant:Anathema","floor":40.0,"key":"SMITH"},{"data":"hierophant:Embezzle","floor":46,"key":"SMITH"},{"floor":49,"key":"RECALL"}],"circlet_count":0,"master_deck":["hierophant:Strike_Hierophant","hierophant:Punish+1","hierophant:Defend_Hierophant","hierophant:Defend_Hierophant","hierophant:Defend_Hierophant","hierophant:ChurchCoffers+1","hierophant:Blessing+1","hierophant:DivineIntervention+1","hierophant:Embezzle+1","hierophant:SolarFlare","hierophant:Martyrdom+1","hierophant:FlamingChariot+1","hierophant:Batter","hierophant:HammerAndAnvil","hierophant:DivineIntervention+1","hierophant:Patience+1","J.A.X.+1","hierophant:Chorus+1","hierophant:Anathema+1","hierophant:Exaltation+1","hierophant:DeathKnell","hierophant:Repentance+1","hierophant:Sermon+1","hierophant:Doomsaying+1"],"relics":["hierophant:PropheticMaskRelic","Happy Flower","Membership Card","Singing Bowl","Philosopher\u0027s Stone","ClockworkSouvenir","Nunchaku","Bottled Lightning","MerchantsRug","Art of War","SlaversCollar","Torii"],"acts_visited":["Exordium","TheCity","TheBeyond"],"potions_floor_usage":[41,45,50],"damage_taken":[{"damage":6.0,"enemies":"Jaw Worm","floor":1.0,"turns":5.0},{"damage":0.0,"enemies":"2 Louse","floor":5.0,"turns":2.0},{"damage":14.0,"enemies":"Gremlin Nob","floor":7.0,"turns":3.0},{"damage":0.0,"enemies":"Cultist","floor":8.0,"turns":2.0},{"damage":18.0,"enemies":"Lagavulin","floor":12.0,"turns":3.0},{"damage":0.0,"enemies":"Gremlin Gang","floor":13.0,"turns":1.0},{"damage":5.0,"enemies":"Lots of Slimes","floor":14.0,"turns":2.0},{"damage":45.0,"enemies":"Hexaghost","floor":16.0,"turns":6.0},{"damage":4.0,"enemies":"Shell Parasite","floor":18.0,"turns":2.0},{"damage":0.0,"enemies":"Spheric Guardian","floor":20.0,"turns":2.0},{"damage":52.0,"enemies":"Book of Stabbing","floor":23.0,"turns":5.0},{"damage":18.0,"enemies":"Snake Plant","floor":24.0,"turns":3.0},{"damage":14.0,"enemies":"Snecko","floor":29.0,"turns":3.0},{"damage":50.0,"enemies":"Automaton","floor":33.0,"turns":10.0},{"damage":14.0,"enemies":"3 Darklings","floor":35.0,"turns":4.0},{"damage":22.0,"enemies":"Orb Walker","floor":36.0,"turns":3.0},{"damage":29.0,"enemies":"Transient","floor":38.0,"turns":5.0},{"damage":15,"enemies":"Reptomancer","floor":41,"turns":2},{"damage":11,"enemies":"Sphere and 2 Shapes","floor":42,"turns":4},{"damage":15,"enemies":"3 Darklings","floor":45,"turns":2},{"damage":24,"enemies":"Spire Growth","floor":47,"turns":4},{"damage":14,"enemies":"Writhing Mass","floor":48,"turns":3},{"damage":64,"enemies":"Time Eater","floor":50,"turns":6}],"seed_played":"-968420912109177857","potions_obtained":[{"floor":5.0,"key":"Energy Potion"},{"floor":7.0,"key":"Fire Potion"},{"floor":8.0,"key":"Fire Potion"},{"floor":12.0,"key":"EssenceOfSteel"},{"floor":24.0,"key":"SteroidPotion"},{"floor":38.0,"key":"GamblersBrew"},{"floor":42,"key":"SkillPotion"},{"floor":48,"key":"Block Potion"}],"is_trial":false,"path_per_floor":["M","?","?","?","M","R","E","M","T","$","R","E","M","M","R","B",null,"M","?","M","$","?","E","M","R","T","R","$","M","R","?","R","B",null,"M","M","?","M","?","R","E","M","T","?","M","R","M","M","R","B"],"character_chosen":"HIEROPHANT","items_purchased":["Membership Card","hierophant:Batter","hierophant:Community","ClockworkSouvenir","MerchantsRug","Art of War"],"campfire_rested":1,"item_purchase_floors":[10,10,21,21,28,28],"current_hp_per_floor":[76,81,74,74,81,81,73,73,73,73,73,62,71,75,75,37,91,91,91,93,93,93,50,39,39,39,39,39,37,37,18,48,8,102,90,78,78,61,61,61,56,57,57,57,54,54,40,36,36,0,0],"gold":345,"neow_bonus":"TEN_PERCENT_HP_BONUS","is_daily":false,"chose_seed":false,"campfire_upgraded":8,"win_rate":0.0,"timestamp":1610661586,"path_taken":["M","?","?","?","?","R","E","M","T","$","R","E","?","?","R","BOSS","M","?","M","$","?","E","M","R","T","R","?","M","R","?","R","BOSS","M","M","?","?","?","R","E","M","T","?","M","R","M","?","R","BOSS"],"items_purchased_type":["Relic","Card","Card","Relic","Relic","Relic"],"build_version":"2020-12-22","purchased_purges":3,"victory":false,"max_hp_per_floor":[82,87,87,87,87,87,87,87,87,87,87,87,89,91,91,91,91,91,91,93,93,93,95,95,95,95,95,95,97,97,102,102,102,102,104,104,104,106,106,106,106,108,108,108,110,110,110,110,110,110,110],"card_choices":[{"not_picked":["hierophant:Purify","hierophant:Prophecy"],"picked":"hierophant:Blessing","floor":1.0},{"not_picked":["hierophant:TollTheBells","hierophant:MorningPrayer"],"picked":"hierophant:SolarFlare","floor":5.0},{"not_picked":["hierophant:RepressedViolence","hierophant:AuricShield"],"picked":"hierophant:Martyrdom","floor":7.0},{"not_picked":["hierophant:Empathy","hierophant:Sermon"],"picked":"hierophant:FlamingChariot","floor":8.0},{"not_picked":["hierophant:MorningPrayer","hierophant:CursedGold"],"picked":"hierophant:HammerAndAnvil","floor":12.0},{"not_picked":["hierophant:Remorse","hierophant:HammerAndAnvil","hierophant:MorningPrayer"],"picked":"Singing Bowl","floor":13.0},{"not_picked":["hierophant:AuricShield","hierophant:HammerAndAnvil","hierophant:Refuge"],"picked":"Singing Bowl","floor":14.0},{"not_picked":["hierophant:AuricForm","hierophant:Determination"],"picked":"hierophant:DivineIntervention","floor":16.0},{"not_picked":["hierophant:FlamingChariot+1","hierophant:FieryStrike+1"],"picked":"hierophant:Patience+1","floor":18.0},{"not_picked":["hierophant:Doubloon","hierophant:RepressedViolence","hierophant:Empathy"],"picked":"Singing Bowl","floor":20.0},{"not_picked":["hierophant:Patience+1","hierophant:RustyCrate","hierophant:RepressedViolence+1"],"picked":"Singing Bowl","floor":23.0},{"not_picked":["hierophant:HammerAndAnvil","hierophant:MintersHammer"],"picked":"hierophant:Chorus+1","floor":24.0},{"not_picked":["hierophant:Endure","hierophant:AuricBeam+1","hierophant:Doubloon"],"picked":"Singing Bowl","floor":29.0},{"not_picked":["hierophant:Cornucopia","hierophant:MintersHammer"],"picked":"hierophant:Anathema","floor":33.0},{"not_picked":["hierophant:Alms","hierophant:Prophecy+1","hierophant:Doubloon"],"picked":"Singing Bowl","floor":35.0},{"not_picked":["hierophant:PassingBell","hierophant:Charity+1"],"picked":"hierophant:Exaltation+1","floor":36.0},{"not_picked":["hierophant:AuricBeam","hierophant:Bribe","hierophant:Remorse"],"picked":"Singing Bowl","floor":38.0},{"not_picked":["hierophant:Empathy+1","hierophant:HolyVerse"],"picked":"hierophant:Repentance+1","floor":41},{"not_picked":["hierophant:PassingBell+1","hierophant:DisplayOfPower","hierophant:AuricBeam"],"picked":"Singing Bowl","floor":42},{"not_picked":["hierophant:RustyCrate+1","hierophant:AuricBeam","hierophant:Upheaval+1"],"picked":"Singing Bowl","floor":45},{"not_picked":["hierophant:RustyCrate","hierophant:HolyVerse"],"picked":"hierophant:Sermon+1","floor":47},{"not_picked":["hierophant:SealAway+1","hierophant:Doubloon+1"],"picked":"hierophant:Doomsaying+1","floor":48}],"player_experience":357954,"relics_obtained":[{"floor":7.0,"key":"Happy Flower"},{"floor":9.0,"key":"Whetstone"},{"floor":12.0,"key":"Singing Bowl"},{"floor":23.0,"key":"Nunchaku"},{"floor":26.0,"key":"Bottled Lightning"},{"floor":41,"key":"Torii"}],"event_choices":[{"damage_healed":0.0,"max_hp_gain":5.0,"max_hp_loss":0.0,"gold_gain":0.0,"event_name":"Big Fish","player_choice":"Donut","floor":2.0,"gold_loss":0.0,"damage_taken":0.0},{"damage_healed":0.0,"max_hp_gain":0.0,"max_hp_loss":0.0,"gold_gain":0.0,"event_name":"Scrap Ooze","player_choice":"Success","floor":3.0,"gold_loss":0.0,"damage_taken":7.0,"relics_obtained":["MawBank"]},{"damage_healed":0.0,"max_hp_gain":0.0,"max_hp_loss":0.0,"gold_gain":0.0,"event_name":"Match and Keep!","player_choice":"2 cards matched","floor":4.0,"gold_loss":0.0,"damage_taken":0.0,"cards_obtained":["hierophant:DivineIntervention","hierophant:Embezzle"]},{"damage_healed":0.0,"max_hp_gain":0.0,"max_hp_loss":0.0,"gold_gain":0.0,"event_name":"Match and Keep!","player_choice":"2 cards matched","floor":4.0,"gold_loss":0.0,"damage_taken":0.0,"cards_obtained":["hierophant:DivineIntervention","hierophant:Embezzle"]},{"damage_healed":0.0,"max_hp_gain":0.0,"max_hp_loss":0.0,"gold_gain":0.0,"event_name":"Ghosts","player_choice":"Ignored","floor":19.0,"gold_loss":0.0,"damage_taken":0.0},{"damage_healed":0.0,"max_hp_gain":0.0,"max_hp_loss":0.0,"gold_gain":0.0,"event_name":"Drug Dealer","player_choice":"Obtain J.A.X.","floor":22.0,"gold_loss":0.0,"damage_taken":0.0,"cards_obtained":["J.A.X."]},{"damage_healed":0.0,"max_hp_gain":5.0,"max_hp_loss":0.0,"gold_gain":0.0,"event_name":"Forgotten Altar","player_choice":"Shed Blood","floor":31.0,"gold_loss":0.0,"damage_taken":24.0},{"damage_healed":0.0,"max_hp_gain":0.0,"max_hp_loss":0.0,"gold_gain":0.0,"event_name":"Match and Keep!","player_choice":"1 cards matched","floor":37.0,"gold_loss":0.0,"damage_taken":0.0,"cards_obtained":["hierophant:DeathKnell"]},{"cards_removed":["hierophant:Community"],"damage_healed":0.0,"max_hp_gain":0.0,"max_hp_loss":0.0,"gold_gain":0.0,"event_name":"Falling","player_choice":"Removed Power","floor":39.0,"gold_loss":0.0,"damage_taken":0.0},{"cards_removed":["hierophant:Defend_Hierophant"],"damage_healed":0,"gold_gain":0,"player_choice":"Purged","damage_taken":0,"max_hp_gain":0,"max_hp_loss":0,"event_name":"Purifier","floor":44,"gold_loss":0}],"is_beta":false,"boss_relics":[{"not_picked":["Coffee Dripper","Black Star"],"picked":"Philosopher\u0027s Stone"},{"not_picked":["Busted Crown","Fusion Hammer"],"picked":"SlaversCollar"}],"items_purged_floors":[10,21,28],"is_endless":false,"potions_floor_spawned":[5,7,8,12,14,20,24,38,42,48],"killed_by":"Time Eater","ascension_level":0}}