{"host":"x21cvmfdo17nyhii","time":1610585954,"event":{"mods":["AchievementEnabler","BaseMod","Colored Map","Colored Powertips","DeckTracker","Highlight Path","Minty Spire (QoL Compilation)","Quick Restart","Rare Cards Sparkle","SuperFastMode"],"gold_per_floor":[113,113,113,113,128,128,140,152,152,1,1,11,24,37,37,140,140,158,33,36,36,46,46,61,61,61,71,71,86,86,86,86,184,184,198,218,218,118,168,168,181,181,181,181,181,197,24,55,55,55],"floor_reached":51,"language":"ENG","playtime":2228,"items_purged":["Bash","Sword Boomerang","Writhe"],"score":794,"play_id":"3be75d2f-727d-4237-b887-afb75c9b7cfb","local_time":"20210113165914","is_ascension_mode":false,"campfire_choices":[{"floor":6.0,"key":"REST"},{"data":"Barricade","floor":11.0,"key":"SMITH"},{"floor":15.0,"key":"REST"},{"floor":23.0,"key":"REST"},{"floor":28.0,"key":"REST"},{"floor":30.0,"key":"REST"},{"floor":32.0,"key":"REST"},{"data":"Body Slam","floor":40.0,"key":"SMITH"},{"data":"Corruption","floor":45.0,"key":"SMITH"},{"data":"Impervious","floor":49.0,"key":"SMITH"}],"circlet_count":0,"master_deck":["Strike_R+1","Defend_R+1","Defend_R","Battle Trance+1","Uppercut+1","Spot Weakness+1","Cleave","Barricade+1","Shrug It Off","Body Slam+1","Iron Wave","Warcry","Iron Wave","Shrug It Off","Ghostly Armor","Corruption+1","Warcry+1","Anger","Feed","Shrug It Off+1","Shrug It Off","Impervious+1","Body Slam+1","Finesse","Shrug It Off+1"],"relics":["Astrolabe"],"acts_visited":["Exordium","TheCity","TheBeyond"],"potions_floor_usage":[50],"damage_taken":[{"damage":8.0,"enemies":"Jaw Worm","floor":1.0,"turns":2.0},{"damage":0.0,"enemies":"Small Slimes","floor":5.0,"turns":2.0},{"damage":4.0,"enemies":"Cultist","floor":7.0,"turns":3.0},{"damage":1.0,"enemies":"Blue Slaver","floor":8.0,"turns":4.0},{"damage":10.0,"enemies":"Looter","floor":12.0,"turns":3.0},{"damage":15.0,"enemies":"Exordium Wildlife","floor":13.0,"turns":6.0},{"damage":0.0,"enemies":"Large Slime","floor":14.0,"turns":4.0},{"damage":0.0,"enemies":"Hexaghost","floor":16.0,"turns":7.0},{"damage":28.0,"enemies":"Spheric Guardian","floor":18.0,"turns":5.0},{"damage":13.0,"enemies":"2 Thieves","floor":20.0,"turns":4.0},{"damage":3.0,"enemies":"Centurion and Healer","floor":22.0,"turns":6.0},{"damage":15.0,"enemies":"Shelled Parasite and Fungi","floor":24.0,"turns":8.0},{"damage":24.0,"enemies":"Cultist and Chosen","floor":27.0,"turns":7.0},{"damage":22.0,"enemies":"Snake Plant","floor":29.0,"turns":6.0},{"damage":11.0,"enemies":"Champ","floor":33.0,"turns":12.0},{"damage":5.0,"enemies":"3 Shapes","floor":35.0,"turns":7.0},{"damage":36.0,"enemies":"3 Darklings","floor":36.0,"turns":6.0},{"damage":10.0,"enemies":"Mind Bloom Boss Battle","floor":39.0,"turns":10.0},{"damage":16.0,"enemies":"Spire Growth","floor":41.0,"turns":4.0},{"damage":0.0,"enemies":"Jaw Worm Horde","floor":46.0,"turns":5.0},{"damage":0.0,"enemies":"Giant Head","floor":48.0,"turns":8.0},{"damage":68,"enemies":"Time Eater","floor":50,"turns":13}],"seed_played":"-674705307388740872","potions_obtained":[{"floor":1.0,"key":"SkillPotion"},{"floor":8.0,"key":"DistilledChaos"},{"floor":12.0,"key":"Dexterity Potion"},{"floor":13.0,"key":"DuplicationPotion"},{"floor":18.0,"key":"Weak Potion"},{"floor":22.0,"key":"BloodPotion"},{"floor":33.0,"key":"FearPotion"},{"floor":35.0,"key":"Swift Potion"},{"floor":39.0,"key":"Strength Potion"},{"floor":48.0,"key":"ElixirPotion"}],"is_trial":false,"path_per_floor":["M","?","?","?","M","R","M","M","T","$","R","M","M","M","R","B",null,"M","$","M","?","M","R","M","?","T","M","R","M","R","?","R","B",null,"M","M","?","$","?","R","M","?","T","?","R","M","$","E","R","B",null],"character_chosen":"IRONCLAD","items_purchased":["Shrug It Off","Body Slam","Iron Wave","Shrug It Off","Dexterity Potion"],"campfire_rested":6,"item_purchase_floors":[10,10,10,19,47],"current_hp_per_floor":[72,65,49,49,49,73,69,68,68,68,68,58,43,43,67,67,80,52,52,39,39,36,60,45,45,45,21,45,23,47,32,57,63,85,80,44,44,44,34,34,18,39,39,74,74,77,77,77,77,9],"gold":55,"neow_bonus":"BOSS_RELIC","is_daily":false,"chose_seed":false,"campfire_upgraded":4,"win_rate":0.0,"timestamp":1610585954,"path_taken":["M","?","?","?","M","R","M","M","T","?","R","M","?","M","R","BOSS","M","$","M","?","M","R","M","?","T","?","R","M","R","?","R","BOSS","M","M","?","$","?","R","M","?","T","?","R","M","$","E","R","BOSS"],"items_purchased_type":["Card","Card","Card","Card","Potion"],"build_version":"2020-12-22","purchased_purges":3,"victory":true,"max_hp_per_floor":[80,80,80,80,80,80,80,80,80,80,80,80,80,80,80,80,80,80,80,80,80,80,80,80,80,80,80,80,80,80,85,85,85,85,85,85,85,85,85,85,85,85,85,74,74,77,77,77,77,77],"card_choices":[{"not_picked":["Carnage","Flex","True Grit"],"picked":"SKIP","floor":1.0},{"not_picked":["Thunderclap","Twin Strike"],"picked":"Cleave","floor":5.0},{"not_picked":["Carnage","Headbutt"],"picked":"Barricade","floor":7.0},{"not_picked":["Armaments","Headbutt","Metallicize"],"picked":"SKIP","floor":8.0},{"not_picked":["Flex","Clash"],"picked":"Warcry","floor":12.0},{"not_picked":["Offering","Second Wind"],"picked":"Iron Wave","floor":13.0},{"not_picked":["Anger","Uppercut","Havoc"],"picked":"SKIP","floor":14.0},{"not_picked":["Heavy Blade","Armaments","Sever Soul"],"picked":"SKIP","floor":18.0},{"not_picked":["Dropkick","Twin Strike"],"picked":"Ghostly Armor","floor":20.0},{"not_picked":["Wild Strike","Perfected Strike+1","Twin Strike"],"picked":"SKIP","floor":22.0},{"not_picked":["True Grit+1","Pommel Strike+1"],"picked":"Warcry+1","floor":24.0},{"not_picked":["Heavy Blade","Thunderclap+1"],"picked":"Shrug It Off+1","floor":27.0},{"not_picked":["Cleave+1","Bloodletting+1"],"picked":"Shrug It Off","floor":29.0},{"not_picked":["Fiend Fire","Bludgeon"],"picked":"Impervious","floor":33.0},{"not_picked":["Flame Barrier","Anger+1"],"picked":"Body Slam+1","floor":35.0},{"not_picked":["Shrug It Off","Blood for Blood","Pummel+1"],"picked":"SKIP","floor":36.0},{"not_picked":["Magnetism","Bandage Up"],"picked":"Finesse","floor":37.0},{"not_picked":["Clash+1","Feel No Pain+1","Anger+1"],"picked":"SKIP","floor":41.0},{"not_picked":["Flame Barrier","Combust+1"],"picked":"Shrug It Off+1","floor":46.0},{"not_picked":["Anger+1","Havoc+1","Sword Boomerang"],"picked":"SKIP","floor":48.0}],"player_experience":349513,"relics_obtained":[],"event_choices":[{"cards_removed":["Defend_R"],"damage_healed":0.0,"max_hp_gain":0.0,"max_hp_loss":0.0,"gold_gain":0.0,"event_name":"Golden Wing","player_choice":"Card Removal","floor":2.0,"gold_loss":0.0,"damage_taken":7.0},{"damage_healed":0.0,"max_hp_gain":0.0,"max_hp_loss":0.0,"gold_gain":0.0,"event_name":"Shining Light","player_choice":"Entered Light","floor":3.0,"gold_loss":0.0,"damage_taken":16.0,"cards_upgraded":["Strike_R","Defend_R"]},{"damage_healed":0.0,"max_hp_gain":0.0,"max_hp_loss":0.0,"gold_gain":0.0,"event_name":"Liars Game","player_choice":"Ignored","floor":4.0,"gold_loss":0.0,"damage_taken":0.0},{"damage_healed":0.0,"max_hp_gain":0.0,"max_hp_loss":0.0,"gold_gain":0.0,"cards_transformed":["Strike_R","Defend_R"],"event_name":"Drug Dealer","player_choice":"Became Test Subject","floor":21.0,"gold_loss":0.0,"damage_taken":0.0,"cards_obtained":["Sword Boomerang","Corruption"]},{"damage_healed":0.0,"max_hp_gain":0.0,"max_hp_loss":0.0,"gold_gain":0.0,"event_name":"Match and Keep!","player_choice":"2 cards matched","floor":25.0,"gold_loss":0.0,"damage_taken":0.0,"cards_obtained":["Anger","Feed"]},{"damage_healed":0.0,"max_hp_gain":5.0,"max_hp_loss":0.0,"gold_gain":0.0,"event_name":"Forgotten Altar","player_choice":"Shed Blood","floor":31.0,"gold_loss":0.0,"damage_taken":20.0},{"damage_healed":0.0,"max_hp_gain":0.0,"max_hp_loss":0.0,"gold_gain":0.0,"event_name":"SensoryStone","player_choice":"Memory 1","floor":37.0,"gold_loss":0.0,"damage_taken":0.0},{"damage_healed":0.0,"max_hp_gain":0.0,"max_hp_loss":0.0,"gold_gain":0.0,"event_name":"MindBloom","player_choice":"Fight","floor":39.0,"gold_loss":0.0,"damage_taken":0.0},{"damage_healed":21.0,"max_hp_gain":0.0,"max_hp_loss":0.0,"gold_gain":0.0,"event_name":"Winding Halls","player_choice":"Writhe","floor":42.0,"gold_loss":0.0,"damage_taken":0.0,"cards_obtained":["Writhe"]},{"damage_healed":74.0,"max_hp_gain":0.0,"max_hp_loss":11.0,"gold_gain":0.0,"event_name":"The Moai Head","player_choice":"Heal","floor":44.0,"gold_loss":0.0,"damage_taken":0.0}],"is_beta":false,"boss_relics":[{"not_picked":["Mark of Pain","Philosopher\u0027s Stone","Tiny House"]},{"not_picked":["Cursed Key","Tiny House","Black Star"]}],"items_purged_floors":[19,38,47],"is_endless":false,"potions_floor_spawned":[1,8,12,13,18,22,33,35,39,48],"ascension_level":0}}