{"host":"g01l53quoe6lrer0","time":1610659981,"event":{"mods":["2.2 Compatiblity","AchievementEnabler","BaseMod","Colored Map","Highlight Path","Keyboard Shortcuts","Minty Spire (QoL Compilation)","Permanent Neow","StSLib","SuperFastMode","everything is the same but u backflip on backflip"],"gold_per_floor":[117,133,150,163,173,173,208,223,223,223,237,237,237,247,247,324,324,339,350,350,265,17,17,17],"floor_reached":23,"language":"KOR","playtime":564,"items_purged":["Strike_B"],"score":361,"play_id":"b98333e4-13e5-488c-8e45-34bad05d9e3f","local_time":"20210115063301","is_ascension_mode":true,"campfire_choices":[{"floor":6.0,"key":"REST"},{"data":"Streamline","floor":10.0,"key":"SMITH"},{"data":"Zap","floor":13.0,"key":"SMITH"},{"data":"Dualcast","floor":15.0,"key":"SMITH"}],"circlet_count":0,"master_deck":["AscendersBane","Strike_B","Strike_B","Strike_B","Defend_B","Defend_B","Defend_B","Defend_B","Zap+1","Dualcast+1","Streamline+1","Undo","Rebound","Core Surge","Sunder+1","Steam","Compile Driver","Ball Lightning+1","Cold Snap+1","Biased Cognition","Sweeping Beam+1","Go for the Eyes+1","Ghostly","Ghostly","Ghostly","Blizzard+1","Chill"],"relics":["Cracked Core","NeowsBlessing","Regal Pillow","Molten Egg 2","Cursed Key","Bag of Preparation"],"acts_visited":["Exordium","TheCity"],"potions_floor_usage":[16],"damage_taken":[{"damage":0.0,"enemies":"2 Louse","floor":1.0,"turns":1.0},{"damage":0.0,"enemies":"Small Slimes","floor":2.0,"turns":1.0},{"damage":0.0,"enemies":"Jaw Worm","floor":3.0,"turns":1.0},{"damage":17.0,"enemies":"Gremlin Gang","floor":4.0,"turns":5.0},{"damage":18.0,"enemies":"Large Slime","floor":5.0,"turns":3.0},{"damage":13.0,"enemies":"Gremlin Nob","floor":7.0,"turns":5.0},{"damage":1.0,"enemies":"Looter","floor":8.0,"turns":3.0},{"damage":2.0,"enemies":"Blue Slaver","floor":11.0,"turns":2.0},{"damage":0.0,"enemies":"2 Fungi Beasts","floor":14.0,"turns":2.0},{"damage":12,"enemies":"Slime Boss","floor":16,"turns":8},{"damage":3,"enemies":"Chosen","floor":18,"turns":4},{"damage":11,"enemies":"2 Thieves","floor":19,"turns":2},{"damage":48,"enemies":"Gremlin Leader","floor":23,"turns":6}],"seed_played":"4194446726635480156","potions_obtained":[{"floor":1.0,"key":"Block Potion"},{"floor":3.0,"key":"Weak Potion"},{"floor":14.0,"key":"Energy Potion"},{"floor":18,"key":"EssenceOfSteel"}],"is_trial":false,"path_per_floor":["M","M","M","M","M","R","E","M","T","R","M","?","R","M","R","B",null,"M","M","?","?","$","E"],"character_chosen":"DEFECT","items_purchased":["Blizzard+1","Chill"],"campfire_rested":1,"item_purchase_floors":[22,22],"current_hp_per_floor":[64,64,64,47,29,50,37,36,36,36,34,34,34,34,34,22,59,56,45,35,35,35,0,0],"gold":17,"neow_bonus":"THREE_ENEMY_KILL","is_daily":false,"chose_seed":false,"campfire_upgraded":3,"win_rate":0.0,"timestamp":1610659981,"path_taken":["M","M","M","M","M","R","E","M","T","R","M","?","R","M","R","BOSS","M","M","?","?","$","E"],"items_purchased_type":["Card","Card"],"build_version":"2020-12-22","purchased_purges":1,"victory":false,"max_hp_per_floor":[71,71,71,71,71,71,71,71,71,71,71,71,71,71,71,71,71,71,71,35,35,35,35,35],"card_choices":[{"not_picked":["BootSequence","Recycle"],"picked":"Streamline","floor":1.0},{"not_picked":["Gash","Stack"],"picked":"Undo","floor":2.0},{"not_picked":["Streamline","Self Repair"],"picked":"Rebound","floor":3.0},{"not_picked":["Melter","Hologram"],"picked":"Core Surge","floor":4.0},{"not_picked":["Streamline","Conserve Battery"],"picked":"Sunder","floor":5.0},{"not_picked":["Rebound","Barrage"],"picked":"Steam","floor":7.0},{"not_picked":["Leap","Beam Cell"],"picked":"Compile Driver","floor":8.0},{"not_picked":["Coolheaded","Core Surge+1"],"picked":"Ball Lightning+1","floor":11.0},{"not_picked":["Static Discharge","Compile Driver+1"],"picked":"Cold Snap+1","floor":14.0},{"not_picked":["All For One+1","Fission"],"picked":"Biased Cognition","floor":16},{"not_picked":["Steam","White Noise"],"picked":"Sweeping Beam+1","floor":18},{"not_picked":["FTL+1","Blizzard+1"],"picked":"Go for the Eyes+1","floor":19}],"player_experience":195173,"relics_obtained":[{"floor":7.0,"key":"Regal Pillow"},{"floor":9.0,"key":"Molten Egg 2"}],"event_choices":[{"damage_healed":0.0,"max_hp_gain":0.0,"max_hp_loss":0.0,"gold_gain":0.0,"event_name":"Living Wall","player_choice":"Grow","floor":12.0,"gold_loss":0.0,"damage_taken":0.0,"cards_upgraded":["Sunder"]},{"damage_healed":0,"gold_gain":0,"player_choice":"Became a Ghost","damage_taken":0,"max_hp_gain":0,"max_hp_loss":36,"event_name":"Ghosts","floor":20,"gold_loss":0,"cards_obtained":["Ghostly","Ghostly","Ghostly"]},{"damage_healed":0,"gold_gain":0,"player_choice":"Obtained Relic","damage_taken":0,"relics_obtained":["Bag of Preparation"],"max_hp_gain":0,"max_hp_loss":0,"event_name":"Addict","floor":21,"gold_loss":85}],"is_beta":false,"boss_relics":[{"not_picked":["Black Star","Coffee Dripper"],"picked":"Cursed Key"}],"items_purged_floors":[22],"is_endless":false,"potions_floor_spawned":[1,3,5,14,18],"killed_by":"Gremlin Leader","ascension_level":17}}