{"host":"xt797mi8yhee06c1","time":1610626364,"event":{"mods":["BaseMod","Bestiary","Koishi","Marisa£¨Ùöéë¡¡Øª×âÞÞ£©","Minty Spire (QoL Compilation)","Poor People Problems","Prisma Mod","Relic Filter","Shop Mod","Spicy Shops","StSLib","The Marked","The Servant 0.9.4","WarShipGirlsR/??á´Ò³R mod"],"gold_per_floor":[114,62,237,253,72,106,106,123,123,150,150,167,167,194,194,325,325,342,342,371,470,511,555,555,555,555,33,79,79,152,164,164,365,365,394,394,405,405,444,507,507,525,525,555,555,555],"floor_reached":45,"language":"KOR","playtime":2934,"items_purged":["Doubt"],"score":603,"play_id":"620a3074-8b73-4094-8def-e379578bbc7e","local_time":"20210114211244","is_ascension_mode":false,"campfire_choices":[{"data":"EnergyFlow","floor":7.0,"key":"SMITH"},{"data":"MasterSpark","floor":13.0,"key":"SMITH"},{"data":"SatelliteIllusion","floor":15.0,"key":"SMITH"},{"floor":24.0,"key":"REST"},{"floor":29.0,"key":"REST"},{"floor":32.0,"key":"REST"},{"floor":41,"key":"DIG"}],"circlet_count":0,"master_deck":["Strike_MRS","Strike_MRS","Strike_MRS","Strike_MRS","Defend_MRS","Defend_MRS","Defend_MRS","Defend_MRS","MasterSpark+1","UpSweep","UnstableBomb","DoubleSpark","PowerUp","EnergyFlow+1","DarkMatter+1","IllusionStar","ChargingUp","Robbery","SatelliteIllusion+1","CollectingQuirk","MagicAbsorber","BigCrunch","MasterSpark","Enlightenment","WitchLeyline","PropBag","DC+1","MachineGunSpark+1","DoubleSpark","WitchOfGreed","UnstableBomb+1","DoubleSpark","6A","ChargingUp","TreasureHunter","FinalSpark+1","OrrerysSun+1","Sadistic Nature","Singularity+1","Clumsy","Parasite","IllusionStar+1"],"relics":["MiniHakkero","NeowsBlessing","Bag of Marbles","Sundial","Gambling Chip","Dream Catcher","Runic Pyramid","Meat on the Bone","Bird Faced Urn","Toolbox","Toolbox","Du-Vu Doll","MagicBroom","Cursed Key","Nunchaku","Shovel","Frozen Egg 2","Letter Opener"],"acts_visited":["Exordium","TheCity","TheBeyond"],"potions_floor_usage":[39,39,45,45,45],"damage_taken":[{"damage":0.0,"enemies":"2 Louse","floor":1.0,"turns":1.0},{"damage":0.0,"enemies":"Small Slimes","floor":4.0,"turns":1.0},{"damage":0.0,"enemies":"3 Sentries","floor":6.0,"turns":1.0},{"damage":0.0,"enemies":"Cultist","floor":8.0,"turns":1.0},{"damage":13.0,"enemies":"Lagavulin","floor":10.0,"turns":3.0},{"damage":0.0,"enemies":"Looter","floor":12.0,"turns":1.0},{"damage":6.0,"enemies":"Gremlin Nob","floor":14.0,"turns":3.0},{"damage":21.0,"enemies":"The Guardian","floor":16.0,"turns":9.0},{"damage":0.0,"enemies":"Spheric Guardian","floor":18.0,"turns":2.0},{"damage":26.0,"enemies":"Shell Parasite","floor":20.0,"turns":3.0},{"damage":15.0,"enemies":"Snecko","floor":22.0,"turns":4.0},{"damage":23.0,"enemies":"Gremlin Leader","floor":23.0,"turns":4.0},{"damage":15.0,"enemies":"Chosen and Byrds","floor":28.0,"turns":4.0},{"damage":64.0,"enemies":"Book of Stabbing","floor":30.0,"turns":5.0},{"damage":20.0,"enemies":"Centurion and Healer","floor":31.0,"turns":3.0},{"damage":23.0,"enemies":"Champ","floor":33.0,"turns":10.0},{"damage":29.0,"enemies":"3 Shapes","floor":35.0,"turns":3.0},{"damage":45,"enemies":"3 Darklings","floor":37,"turns":3},{"damage":32,"enemies":"Maw","floor":39,"turns":6},{"damage":15,"enemies":"Giant Head","floor":40,"turns":6},{"damage":32,"enemies":"Sphere and 2 Shapes","floor":42,"turns":3},{"damage":21,"enemies":"Writhing Mass","floor":44,"turns":3},{"damage":47,"enemies":"Reptomancer","floor":45,"turns":2}],"seed_played":"7394070494264982773","potions_obtained":[{"floor":6.0,"key":"DuplicationPotion"},{"floor":8.0,"key":"DistilledChaos"},{"floor":12.0,"key":"Ancient Potion"},{"floor":16.0,"key":"DistilledChaos"},{"floor":28.0,"key":"LiquidMemories"},{"floor":33.0,"key":"Weak Potion"},{"floor":33.0,"key":"AttackPotion"},{"floor":35.0,"key":"Explosive Potion"},{"floor":40,"key":"Explosive Potion"},{"floor":40,"key":"SkillPotion"}],"is_trial":false,"path_per_floor":["M","$","?","M","$","E","R","M","T","E","?","M","R","E","R","B",null,"M","?","M","?","M","E","R","?","T","$","M","R","E","M","R","B",null,"M","?","M","?","M","E","R","M","T","M","E"],"character_chosen":"MARISA","items_purchased":["DoubleSpark","EnergyFlow","WitchOfGreed","Fruit Juice","Toolbox","Toolbox"],"campfire_rested":3,"item_purchase_floors":[2,5,27,27,27,27],"current_hp_per_floor":[75,75,75,75,75,75,75,75,75,62,62,62,62,56,56,35,75,75,75,49,49,34,11,33,33,33,43,46,71,23,21,46,43,85,61,61,34,34,26,37,37,23,23,24,0,0],"gold":555,"neow_bonus":"THREE_ENEMY_KILL","is_daily":false,"chose_seed":false,"campfire_upgraded":3,"win_rate":0.0,"timestamp":1610626364,"path_taken":["M","$","?","M","$","E","R","?","T","E","?","?","R","E","R","BOSS","M","?","?","?","M","E","R","?","T","$","M","R","E","M","R","BOSS","M","?","M","?","M","E","R","M","T","M","E"],"items_purchased_type":["Card","Card","Card","Potion","Relic","Relic"],"build_version":"2020-12-22","purchased_purges":1,"victory":false,"max_hp_per_floor":[75,75,75,75,75,75,75,75,75,75,75,75,75,75,75,75,75,75,75,75,75,75,75,75,75,75,85,85,85,85,85,85,85,85,85,85,85,85,85,85,85,85,85,85,85,85],"card_choices":[{"not_picked":["StarlightTyphoon","SprinkleStarSeal"],"picked":"UnstableBomb","floor":1.0},{"not_picked":["DarkSpark","SporeBomb"],"picked":"PowerUp","floor":4.0},{"not_picked":["MaximisePower","SporeBomb"],"picked":"DarkMatter","floor":6.0},{"not_picked":["6A","NonDirectionalLaser"],"picked":"IllusionStar","floor":8.0},{"not_picked":["Occultation","GravityBeat"],"picked":"ChargingUp","floor":10.0},{"not_picked":["DC","Orbital"],"picked":"Robbery","floor":12.0},{"not_picked":["Acceleration","RefractionSpark"],"picked":"SatelliteIllusion","floor":14.0},{"not_picked":["MaximisePower","AbsoluteMagnitude"],"picked":"CollectingQuirk","floor":16.0},{"not_picked":["SprinkleStarSeal","GrandCross","MilkyWay+1"],"picked":"SKIP","floor":18.0},{"not_picked":["StarBarrage","MeteoricShower"],"picked":"PropBag","floor":20.0},{"not_picked":["AsteroidBelt","BinaryStars"],"picked":"DC+1","floor":22.0},{"not_picked":["PropBag","OrrerysSun"],"picked":"MachineGunSpark+1","floor":23.0},{"not_picked":["SporeBomb","LuminesStrike+1"],"picked":"DoubleSpark","floor":24.0},{"not_picked":["MagicAbsorber","IllusionStar+1"],"picked":"UnstableBomb+1","floor":28.0},{"not_picked":["UnstableBomb","6A"],"picked":"DoubleSpark","floor":29.0},{"not_picked":["Occultation+1","MilkyWay"],"picked":"6A","floor":30.0},{"not_picked":["GalacticHalo","MagicChant"],"picked":"ChargingUp","floor":31.0},{"not_picked":["WitchLeyline","Acceleration"],"picked":"TreasureHunter","floor":32.0},{"not_picked":["TreasureHunter","SuperNova"],"picked":"FinalSpark","floor":33.0},{"not_picked":["DoubleSpark+1","MachineGunSpark"],"picked":"OrrerysSun+1","floor":35.0},{"not_picked":["Blind","Chrysalis"],"picked":"Sadistic Nature","floor":36},{"not_picked":["GravityBeat+1","EnergyFlow+1"],"picked":"Singularity+1","floor":37},{"not_picked":["DragonMeteor+1","ShootingEcho+1","GasGiant"],"picked":"SKIP","floor":39},{"not_picked":["BlazeAway","MilkyWay+1","WitchLeyline+1"],"picked":"SKIP","floor":40},{"not_picked":["LuminesStrike+1","SporeBomb","BlazeAway"],"picked":"SKIP","floor":42},{"not_picked":["ManaConvection+1","GrandCross+1"],"picked":"IllusionStar+1","floor":44}],"player_experience":357464,"relics_obtained":[{"floor":6.0,"key":"Bag of Marbles"},{"floor":9.0,"key":"Sundial"},{"floor":10.0,"key":"Gambling Chip"},{"floor":14.0,"key":"Dream Catcher"},{"floor":23.0,"key":"Meat on the Bone"},{"floor":26.0,"key":"Bird Faced Urn"},{"floor":30.0,"key":"Du-Vu Doll"},{"floor":33.0,"key":"MagicBroom"},{"floor":40,"key":"Nunchaku"},{"floor":40,"key":"Shovel"},{"floor":41,"key":"Frozen Egg 2"}],"event_choices":[{"damage_healed":0.0,"max_hp_gain":0.0,"max_hp_loss":0.0,"gold_gain":175.0,"event_name":"Liars Game","player_choice":"AGREE","floor":3.0,"gold_loss":0.0,"damage_taken":0.0,"cards_obtained":["Doubt"]},{"damage_healed":0.0,"max_hp_gain":0.0,"max_hp_loss":0.0,"gold_gain":0.0,"event_name":"Upgrade Shrine","player_choice":"Upgraded","floor":11.0,"gold_loss":0.0,"damage_taken":0.0,"cards_upgraded":["DarkMatter"]},{"damage_healed":0.0,"max_hp_gain":0.0,"max_hp_loss":0.0,"gold_gain":0.0,"event_name":"Match and Keep!","player_choice":"5 cards matched","floor":19.0,"gold_loss":0.0,"damage_taken":0.0,"cards_obtained":["MagicAbsorber","BigCrunch","MasterSpark","Enlightenment","WitchLeyline"]},{"damage_healed":0.0,"max_hp_gain":0.0,"max_hp_loss":0.0,"gold_gain":99.0,"event_name":"Nest","player_choice":"Stole From Cult","floor":21.0,"gold_loss":0.0,"damage_taken":0.0},{"damage_healed":0.0,"max_hp_gain":0.0,"max_hp_loss":0.0,"gold_gain":0.0,"event_name":"Ghosts","player_choice":"Ignored","floor":25.0,"gold_loss":0.0,"damage_taken":0.0},{"damage_healed":0,"gold_gain":0,"player_choice":"Memory 1","damage_taken":0,"max_hp_gain":0,"max_hp_loss":0,"event_name":"SensoryStone","floor":36,"gold_loss":0},{"damage_healed":0,"gold_gain":0,"player_choice":"Upgraded","damage_taken":0,"max_hp_gain":0,"max_hp_loss":0,"event_name":"Upgrade Shrine","floor":38,"gold_loss":0,"cards_upgraded":["FinalSpark"]}],"is_beta":false,"boss_relics":[{"not_picked":["Fusion Hammer","Empty Cage"],"picked":"Runic Pyramid"},{"not_picked":["Sozu","Busted Crown"],"picked":"Cursed Key"}],"items_purged_floors":[5],"is_endless":false,"potions_floor_spawned":[6,8,12,16,22,28,33,35,40,42],"killed_by":"Reptomancer","ascension_level":0}}