{"host":"kig4ty9d1aubg29s","time":1610627135,"event":{"mods":["BaseMod","Minty Spire (QoL Compilation)","READ ME - Guardian Mod","READ ME - Snecko Mod","StSLib","The Cursed","The Gatherer","The Hierophant","The Runesmith"],"gold_per_floor":[117,31,31,51,62,62,76,102,171,171,2,2,15,41,41,115,115,135,145,165,165,175,175,175,175],"floor_reached":24,"language":"KOR","playtime":7089,"items_purged":[],"score":396,"play_id":"bb83fe00-c03e-4aa5-ae5b-97ca4076aeba","local_time":"20210114212535","is_ascension_mode":true,"campfire_choices":[{"data":"Zap","floor":6,"key":"SMITH"},{"floor":10,"key":"REST"},{"data":"Echo Form","floor":15,"key":"SMITH"},{"floor":23,"key":"REST"}],"circlet_count":0,"master_deck":["AscendersBane","Zap+1","Dualcast","Melter","Storm+1","Consume","Melter","Sweeping Beam","Echo Form+1","Ball Lightning","Creative AI","Undo","Echo Form","Static Discharge","Beam Cell","FTL","Double Energy","Cold Snap","Fusion","Aggregate","Loop","Sweeping Beam+1","Conserve Battery"],"relics":["Cracked Core","Omamori","Pocketwatch","Sundial","Lee\u0027s Waffle","Centennial Puzzle","Pandora\u0027s Box"],"acts_visited":["Exordium","TheCity"],"potions_floor_usage":[19,20,22],"damage_taken":[{"damage":1,"enemies":"Cultist","floor":1,"turns":3},{"damage":1,"enemies":"Small Slimes","floor":4,"turns":4},{"damage":7,"enemies":"Jaw Worm","floor":5,"turns":2},{"damage":17,"enemies":"Lots of Slimes","floor":7,"turns":4},{"damage":35,"enemies":"Lagavulin","floor":8,"turns":6},{"damage":8,"enemies":"3 Louse","floor":13,"turns":2},{"damage":38,"enemies":"Slime Boss","floor":16,"turns":6},{"damage":0,"enemies":"Spheric Guardian","floor":18,"turns":1},{"damage":31,"enemies":"2 Thieves","floor":19,"turns":3},{"damage":22,"enemies":"Snake Plant","floor":20,"turns":3},{"damage":15,"enemies":"Chosen and Byrds","floor":22,"turns":4},{"damage":51,"enemies":"Slavers","floor":24,"turns":3}],"seed_played":"6865992167029881691","potions_obtained":[{"floor":4,"key":"Dexterity Potion"},{"floor":7,"key":"ColorlessPotion"},{"floor":16,"key":"FearPotion"},{"floor":19,"key":"Ancient Potion"}],"is_trial":false,"path_per_floor":["M","$","?","M","M","R","M","E","T","R","$","?","M","T","R","B",null,"M","M","M","?","M","R","E"],"character_chosen":"DEFECT","items_purchased":["Storm","Lee\u0027s Waffle"],"campfire_rested":2,"item_purchase_floors":[2,11],"current_hp_per_floor":[63,63,63,62,55,55,38,3,3,24,78,78,70,70,70,32,67,67,36,14,30,15,38,0,0],"gold":175,"neow_bonus":"RANDOM_COMMON_RELIC","is_daily":false,"chose_seed":false,"campfire_upgraded":2,"win_rate":0.0,"timestamp":1610627135,"path_taken":["M","?","?","M","?","R","M","E","T","R","?","?","?","?","R","BOSS","M","M","?","?","M","R","E"],"items_purchased_type":["Card","Relic"],"build_version":"2020-12-22","purchased_purges":0,"victory":false,"max_hp_per_floor":[71,71,71,71,71,71,71,71,71,71,78,78,78,78,78,78,78,78,78,78,78,78,78,78,78],"card_choices":[{"not_picked":["Stack","Redo"],"picked":"Melter","floor":1},{"not_picked":["Compile Driver","Redo"],"picked":"Consume","floor":4},{"not_picked":["Compile Driver","Leap"],"picked":"Melter","floor":5},{"not_picked":["Coolheaded","Redo"],"picked":"Sweeping Beam","floor":7},{"not_picked":["Sweeping Beam","Conserve Battery"],"picked":"Echo Form","floor":8},{"not_picked":["FTL","Beam Cell"],"picked":"Ball Lightning","floor":13},{"not_picked":["Rainbow","All For One"],"picked":"Creative AI","floor":16},{"not_picked":["Streamline","Rip and Tear"],"picked":"Aggregate","floor":18},{"not_picked":["Conserve Battery","Capacitor"],"picked":"Loop","floor":19},{"not_picked":["Coolheaded","Lockon"],"picked":"Sweeping Beam+1","floor":20},{"not_picked":["Streamline","Compile Driver"],"picked":"Conserve Battery","floor":22}],"player_experience":1943331,"relics_obtained":[{"floor":8,"key":"Pocketwatch"},{"floor":9,"key":"Sundial"},{"floor":14,"key":"Centennial Puzzle"}],"event_choices":[{"damage_healed":0,"gold_gain":0,"player_choice":"Upgraded","damage_taken":0,"max_hp_gain":0,"max_hp_loss":0,"event_name":"Upgrade Shrine","floor":3,"gold_loss":0,"cards_upgraded":["Storm"]},{"damage_healed":0,"gold_gain":0,"player_choice":"Cursed","damage_taken":0,"max_hp_gain":0,"max_hp_loss":0,"event_name":"Wheel of Change","floor":12,"gold_loss":0,"cards_obtained":["Decay"]},{"damage_healed":16,"gold_gain":0,"player_choice":"Heal","damage_taken":0,"max_hp_gain":0,"max_hp_loss":0,"event_name":"The Library","floor":21,"gold_loss":0}],"is_beta":false,"boss_relics":[{"not_picked":["Runic Dome","Runesmith:UraniumAnvil"],"picked":"Pandora\u0027s Box"}],"items_purged_floors":[],"is_endless":false,"potions_floor_spawned":[4,7,13,16,19],"killed_by":"Slavers","ascension_level":20}}