{"host":"ywbsnexmk111etbw","time":1610656109,"event":{"mods":["100% Spire Juice","Act Like it!","BaseMod","Beaked The Cultist","Colored Powertips","Curses Come First","Downfall","Hubris","Infinite Spire","Marisa????????","Minty Spire (QoL Compilation)","Pale of the Ancients","Permanent Neow","Replay The Spire","Robot Space Explorer","StSLib","The Bladedancer","The Cursed","The Dragon Tamer","The Marked","The Mystic","The Necromancer","The Saiyan","Wandering Minibosses"],"gold_per_floor":[110,129,129,129,141,151,151,186,211,211,229,257,37,37,37,138,138,150,65,84,84,102,128,128,128,153,165,179,179,179,179,189,44,44,143,143,171,171,171],"floor_reached":38,"language":"ENG","playtime":2133,"items_purged":[],"score":2069,"play_id":"5cac82fe-3525-4617-80c7-0026d6d91ea4","local_time":"20210114152829","is_ascension_mode":false,"campfire_choices":[{"data":"blademaster:Sharpen","floor":7,"key":"SMITH"},{"floor":10,"key":"REST"},{"data":"Moonworks:AccelHyper","floor":15,"key":"SMITH"},{"floor":25,"key":"REST"}],"circlet_count":0,"master_deck":["Moonworks:AccelHyper+1","blademaster:Strike","blademaster:Strike","blademaster:Strike","blademaster:Defend","blademaster:Defend","blademaster:Defend","blademaster:Defend","blademaster:RagingBlow","blademaster:HighVoltage","blademaster:FuriousStrike","blademaster:Sharpen+1","blademaster:Stormstrike","blademaster:Flurry","blademaster:DaggerAndCloak","blademaster:CullingStrike","blademaster:AspectOfLightning","blademaster:Safeguard+1","blademaster:BladeMastery+1","blademaster:CloudOfSteel","blademaster:Sharpen","blademaster:Havoc","blademaster:SharpBlades","blademaster:KiBarrier+1","blademaster:Safeguard","blademaster:Frontflip+1","blademaster:ColdBlood","blademaster:AwakeningStrike+1"],"relics":["blademaster:DancersAmulet","NeowsBlessing","Singing Bowl","Quantum Egg","Oddly Smooth Stone","Odd Mushroom","infinitespire:Lucky Rock","SlaversCollar","hubris:ToyBattleship","FossilizedHelix","hubris:CuriousFeather","ReplayTheSpireMod:TigerMarble","Sling","infinitespire:EvilPickle","Philosopher\u0027s Stone"],"acts_visited":["Exordium","TheCity","TheBeyond"],"potions_floor_usage":[8,11,12,16,27,35],"damage_taken":[{"damage":0,"enemies":"infinitespire:Voidling","floor":1,"turns":1},{"damage":0,"enemies":"Cultist","floor":2,"turns":2},{"damage":0,"enemies":"Small Slimes","floor":5,"turns":2},{"damage":5,"enemies":"Looter","floor":6,"turns":4},{"damage":19,"enemies":"Lagavulin","floor":8,"turns":5},{"damage":1,"enemies":"Blue Slaver","floor":11,"turns":3},{"damage":4,"enemies":"The Mushroom Lair","floor":12,"turns":4},{"damage":26,"enemies":"Slime Boss","floor":16,"turns":6},{"damage":3,"enemies":"3 Byrds","floor":18,"turns":5},{"damage":0,"enemies":"Chosen","floor":20,"turns":5},{"damage":17,"enemies":"Shelled Parasite and Fungi","floor":22,"turns":5},{"damage":29,"enemies":"Slavers","floor":23,"turns":4},{"damage":14,"enemies":"Snake Plant","floor":27,"turns":4},{"damage":8,"enemies":"Snecko","floor":28,"turns":4},{"damage":14,"enemies":"Shelled Parasite and Fungi","floor":32,"turns":5},{"damage":3,"enemies":"Pondfish","floor":35,"turns":6},{"damage":18,"enemies":"3 Darklings","floor":37,"turns":4},{"damage":68,"enemies":"Orin","floor":38,"turns":6}],"seed_played":"1175698196851051981","potions_obtained":[{"floor":1,"key":"Energy Potion"},{"floor":5,"key":"Ancient Potion"},{"floor":6,"key":"SkillPotion"},{"floor":11,"key":"Explosive Potion"},{"floor":12,"key":"Doom Potion"},{"floor":23,"key":"champ:CounterPotion"},{"floor":27,"key":"Elixir"},{"floor":35,"key":"SmokeBomb"}],"is_trial":false,"path_per_floor":["M","M","T","?","M","M","R","E","T","R","M","?","$","?","R","B",null,"M","?","M","$","M","E","AVR","R","T","M","M","PTL","PTL","?","M","$","R","B",null,"M","?"],"character_chosen":"THE_BLADEMASTER","items_purchased":["infinitespire:Lucky Rock","blademaster:BladeMastery","Sling"],"campfire_rested":2,"item_purchase_floors":[13,13,33],"current_hp_per_floor":[75,75,75,75,75,70,70,51,51,73,72,74,74,74,74,54,75,75,75,75,75,64,41,41,63,63,57,55,55,55,55,47,47,70,73,77,65,0,0],"gold":171,"neow_bonus":"THREE_ENEMY_KILL","is_daily":false,"chose_seed":false,"campfire_upgraded":2,"win_rate":0.0,"timestamp":1610656109,"path_taken":["M","?","?","?","M","M","R","E","T","R","?","?","$","?","R","BOSS","M","?","M","$","M","E","AVR","R","T","M","M","PTL","PTL","?","?","$","R","BOSS","M","?"],"items_purchased_type":["Relic","Card","Relic"],"build_version":"2020-12-22","purchased_purges":0,"victory":false,"max_hp_per_floor":[75,75,75,75,75,75,75,75,75,75,75,75,75,75,75,75,75,75,75,75,75,75,75,75,75,75,77,77,77,77,77,77,77,77,77,77,77,77,77],"card_choices":[{"not_picked":["blademaster:Frontflip","blademaster:BladeCross"],"picked":"blademaster:FuriousStrike","floor":1},{"not_picked":["blademaster:EyeOfTheStorm","blademaster:CombatPrep"],"picked":"blademaster:Sharpen","floor":2},{"not_picked":["blademaster:AirSlash","blademaster:BladeCross"],"picked":"blademaster:Flurry","floor":5},{"not_picked":["blademaster:Thrust","blademaster:BloodyBlow"],"picked":"blademaster:DaggerAndCloak","floor":6},{"not_picked":["blademaster:Discharge","blademaster:Flash"],"picked":"blademaster:CullingStrike","floor":8},{"not_picked":["blademaster:AirSlash","blademaster:ChargingUp"],"picked":"blademaster:AspectOfLightning","floor":11},{"not_picked":["blademaster:CombatPrep","blademaster:BrainBloom"],"picked":"blademaster:Safeguard","floor":12},{"not_picked":["blademaster:Empower","blademaster:StanceMastery"],"picked":"blademaster:CloudOfSteel","floor":16},{"not_picked":["blademaster:Breeze","blademaster:AwakeningStrike"],"picked":"blademaster:Sharpen","floor":18},{"not_picked":["blademaster:AspectOfWind","blademaster:AwakeningDefend"],"picked":"blademaster:Havoc","floor":20},{"not_picked":["blademaster:CombatPrep","blademaster:Safeguard"],"picked":"blademaster:SharpBlades","floor":22},{"not_picked":["blademaster:AspectOfLightning","blademaster:ChargingUp+1"],"picked":"blademaster:KiBarrier+1","floor":23},{"not_picked":["blademaster:Hailwind","blademaster:ChargingUp","blademaster:Sunder"],"picked":"Singing Bowl","floor":27},{"not_picked":["blademaster:AwakeningDefend","blademaster:Sunder"],"picked":"blademaster:Safeguard","floor":28},{"not_picked":["blademaster:LeechingStrike","blademaster:Safeguard"],"picked":"blademaster:Frontflip+1","floor":32},{"not_picked":["blademaster:LightningDraw","blademaster:Flash"],"picked":"blademaster:ColdBlood","floor":35},{"not_picked":["blademaster:DragonStrike","blademaster:Thrust"],"picked":"blademaster:AwakeningStrike+1","floor":37}],"player_experience":154215,"relics_obtained":[{"floor":3,"key":"Singing Bowl"},{"floor":8,"key":"Quantum Egg"},{"floor":8,"key":"blademaster:StanceHealPerk"},{"floor":9,"key":"Oddly Smooth Stone"},{"floor":12,"key":"Odd Mushroom"},{"floor":23,"key":"FossilizedHelix"},{"floor":23,"key":"blademaster:ComboEveryTurnPerk"},{"floor":26,"key":"ReplayTheSpireMod:TigerMarble"}],"event_choices":[{"damage_healed":0,"gold_gain":0,"cards_transformed":["blademaster:Strike"],"player_choice":"Transformed","damage_taken":0,"max_hp_gain":0,"max_hp_loss":0,"event_name":"Transmorgrifier","floor":4,"gold_loss":0,"cards_obtained":["blademaster:Stormstrike"]},{"damage_healed":0,"gold_gain":0,"player_choice":"Fought Mushrooms","damage_taken":0,"max_hp_gain":0,"max_hp_loss":0,"event_name":"Mushrooms","floor":12,"gold_loss":0},{"damage_healed":0,"gold_gain":0,"player_choice":"Obtained Relic","damage_taken":0,"relics_obtained":["hubris:ToyBattleship"],"max_hp_gain":0,"max_hp_loss":0,"event_name":"Addict","floor":19,"gold_loss":85},{"cards_removed":["infinitespire:Execution"],"damage_healed":0,"gold_gain":0,"player_choice":"Purged","damage_taken":0,"max_hp_gain":0,"max_hp_loss":0,"event_name":"Purifier","floor":31,"gold_loss":0},{"damage_healed":0,"gold_gain":0,"player_choice":"Fight","damage_taken":0,"max_hp_gain":0,"max_hp_loss":0,"event_name":"OrinTheCat","floor":38,"gold_loss":0}],"is_beta":false,"boss_relics":[{"not_picked":["hubris:BlackHole","ChewingGum"],"picked":"SlaversCollar"},{"not_picked":["Honey Jar","hubris:GrandSneckoEye"],"picked":"Philosopher\u0027s Stone"}],"items_purged_floors":[],"is_endless":false,"potions_floor_spawned":[1,5,6,11,12,23,27,35],"killed_by":"Orin","ascension_level":0}}