{"host":"se62q65hiqxz7cab","time":1610630270,"event":{"mods":["Act Like it!","BaseMod","Colored Map","Downfall","Minty Spire (QoL Compilation)","Remilia£®¿Ÿ√◊¿Ú—«£©","Replay The Spire","Shop Mod","StSLib","The Bug Knight","The Cursed","The Servant 0.9.4"],"gold_per_floor":[99,109,109,109,119,138,163,163,175,190,206,206,232,250,268,369,369,369,369,385,405,405,405,405,435,435,435,455,466,466,484,497,601,601,601,619,619,619,638,656,682,732,748,748,748,748,748,761,781,781,781,781],"floor_reached":50,"language":"ZHS","playtime":2977,"items_purged":[],"score":485,"play_id":"0fb2713b-9f64-4b66-aa3c-9c7a682e8a5a","local_time":"20210114211750","is_ascension_mode":false,"campfire_choices":[{"floor":1,"key":"DIG"},{"data":"Guardian:TwinSlam","floor":8,"key":"SMITH"},{"data":"Guardian:CurlUp","floor":12,"key":"SMITH"},{"data":"Guardian:ShieldSpikes","floor":18,"key":"SMITH"},{"data":"Guardian:SpikerProtocol","floor":23,"key":"SMITH"},{"data":"Guardian:DecasProtection","floor":27,"key":"SMITH"},{"data":"Guardian:SentryBeam","floor":30,"key":"SMITH"},{"data":"Guardian:TemporalStrike","floor":35,"key":"SMITH"},{"data":"Guardian:PrismaticBeam","floor":44,"key":"SMITH"},{"data":"Guardian:ChargeCore","floor":46,"key":"SMITH"},{"data":"Guardian:Harden","floor":47,"key":"SMITH"}],"circlet_count":0,"master_deck":["Guardian:Strike_Guardian","Guardian:Strike_Guardian","Guardian:Strike_Guardian","Guardian:Defend_Guardian","Guardian:Defend_Guardian","Guardian:Defend_Guardian","Guardian:CurlUp+1","Guardian:TwinSlam+1","Guardian:ShieldSpikes+1","Guardian:ShieldCharger","Guardian:ChargeCore","Guardian:SpikerProtocol+1","Guardian:ChargeUp","Guardian:DecasProtection+1","Guardian:TemporalStrike+1","Guardian:SentryBeam+1","Guardian:Harden+1","Guardian:ChargeCore+1","Guardian:PrismaticBeam+1","Doubt","Guardian:SpikerProtocol+1","Guardian:TemporalStrike+1","Guardian:SentryBeam+1","Guardian:PiercingHide"],"relics":["Guardian:ModeShifterPlus","Bag of Preparation","Juzu Bracelet","ReplayFunnel","Pantograph","Snack Pack","Philosopher\u0027s Stone","Orichalcum","Replay:Towering Pillar of Hats","ReplayTheSpireMod:Ninjato"],"acts_visited":["Exordium","TheCity","TheBeyond"],"potions_floor_usage":[16,16,50,50,50],"damage_taken":[{"damage":1,"enemies":"2 Louse","floor":2,"turns":3},{"damage":1,"enemies":"Cultist","floor":5,"turns":5},{"damage":4,"enemies":"Jaw Worm","floor":6,"turns":4},{"damage":2,"enemies":"Gremlin Gang","floor":9,"turns":7},{"damage":2,"enemies":"Blue Slaver","floor":10,"turns":4},{"damage":11,"enemies":"Large Slime","floor":11,"turns":7},{"damage":0,"enemies":"2 Fungi Beasts","floor":14,"turns":3},{"damage":0,"enemies":"Blue Slaver","floor":15,"turns":4},{"damage":15,"enemies":"downfall:Ironclad","floor":16,"turns":9},{"damage":2,"enemies":"Shell Parasite","floor":20,"turns":6},{"damage":1,"enemies":"Snake Plant","floor":21,"turns":3},{"damage":0,"enemies":"Book of Stabbing","floor":25,"turns":5},{"damage":16,"enemies":"Cultist and Chosen","floor":28,"turns":8},{"damage":1,"enemies":"Centurion and Healer","floor":29,"turns":8},{"damage":8,"enemies":"Shelled Parasite and Fungi","floor":31,"turns":4},{"damage":15,"enemies":"Snake Plant","floor":32,"turns":4},{"damage":6,"enemies":"downfall:Watcher","floor":33,"turns":10},{"damage":4,"enemies":"3 Shapes","floor":36,"turns":4},{"damage":0,"enemies":"3 Darklings","floor":39,"turns":5},{"damage":0,"enemies":"4 Shapes","floor":40,"turns":6},{"damage":0,"enemies":"Mind Bloom Boss Battle","floor":42,"turns":6},{"damage":3,"enemies":"Spire Growth","floor":43,"turns":5},{"damage":21,"enemies":"3 Darklings","floor":48,"turns":4},{"damage":0,"enemies":"Transient","floor":49,"turns":5},{"damage":118,"enemies":"downfall:Silent","floor":50,"turns":6}],"seed_played":"-1259631877264072981","potions_obtained":[{"floor":5,"key":"Fire Potion"},{"floor":6,"key":"Fire Potion"},{"floor":10,"key":"Explosive Potion"},{"floor":29,"key":"Fire Potion"},{"floor":31,"key":"DuplicationPotion"},{"floor":48,"key":"LifebloodPotion"}],"is_trial":false,"path_per_floor":["R_BF","M","?","?","M","M","T","R","M","M","M","R","T","M","M","B",null,"R","?","M","M","?","R","T","E","?","R","M","M","R","M","M","B",null,"R","M","?","?","M","M","T","?","M","R","T","R","R","M","M","B"],"character_chosen":"GUARDIAN","items_purchased":[],"campfire_rested":0,"item_purchase_floors":[],"current_hp_per_floor":[88,87,87,87,86,82,82,82,80,78,67,67,67,67,67,52,88,88,88,86,85,85,85,85,85,85,85,69,78,78,72,59,83,88,88,88,88,88,88,88,88,88,88,88,88,88,88,69,83,0,0,0],"gold":781,"neow_bonus":"TEN_PERCENT_HP_BONUS","is_daily":false,"chose_seed":false,"campfire_upgraded":10,"win_rate":0.0,"timestamp":1610630270,"path_taken":["R_BF","M","?","?","M","?","T","R","M","M","M","R","?","M","M","BOSS","R","?","M","M","?","R","T","E","?","R","M","M","R","M","M","BOSS","R","M","?","?","M","M","T","?","M","R","?","R","R","M","M","BOSS"],"items_purchased_type":[],"build_version":"2020-12-22","purchased_purges":0,"victory":false,"max_hp_per_floor":[88,88,88,88,88,88,88,88,88,88,88,88,88,88,88,88,88,88,88,88,88,88,88,88,88,88,88,88,88,88,88,88,88,88,88,88,88,88,88,88,88,88,88,88,88,88,88,88,88,88,88,88],"card_choices":[{"not_picked":["Guardian:Recover","Guardian:Harden"],"picked":"Guardian:ShieldSpikes","floor":2},{"not_picked":["Guardian:BronzeArmor","Guardian:PrismaticBeam"],"picked":"Guardian:Gem_Purple","floor":5},{"not_picked":["Guardian:ChargeUp","Guardian:Reroute"],"picked":"Guardian:ShieldCharger","floor":6},{"not_picked":["Guardian:VentSteam","Guardian:TemporalShield"],"picked":"Guardian:Gem_Cyan","floor":9},{"not_picked":["Guardian:StasisField","Guardian:Gem_Green"],"picked":"Guardian:ChargeCore","floor":10},{"not_picked":["Guardian:ChargeCore","Guardian:Suspension"],"picked":"Guardian:Gem_Green","floor":11},{"not_picked":["Guardian:TemporalShield","Guardian:RollAttack"],"picked":"Guardian:Gem_Red","floor":14},{"not_picked":["Guardian:MultiBeam","Guardian:Gem_Purple"],"picked":"Guardian:SpikerProtocol","floor":15},{"not_picked":["Guardian:SphericShield","Guardian:StasisField"],"picked":"Guardian:Gem_Synthetic","floor":16},{"not_picked":["Guardian:GuardianWhirl","Guardian:Suspension"],"picked":"Guardian:ChargeUp","floor":20},{"not_picked":["Guardian:Harden","Guardian:Planning"],"picked":"Guardian:DecasProtection","floor":21},{"not_picked":["Guardian:Planning","Guardian:TimeCapacitor"],"picked":"Guardian:Gem_Fragmented","floor":25},{"not_picked":["Guardian:ShieldSpikes+1","Guardian:RollAttack"],"picked":"Guardian:TemporalStrike","floor":28},{"not_picked":["Guardian:Incinerate+1","Guardian:TemporalStrike"],"picked":"Guardian:SentryBeam","floor":29},{"not_picked":["Guardian:RollAttack","Guardian:MultiBeam+1"],"picked":"Guardian:Harden","floor":31},{"not_picked":["Guardian:Recover+1","Guardian:Gem_Red"],"picked":"Guardian:ChargeCore","floor":32},{"not_picked":["Guardian:ShieldCharger+1","Guardian:PiercingHide+1"],"picked":"Guardian:PrismaticBeam","floor":36},{"not_picked":["Guardian:Emergency+1","Guardian:ArmoredProtocol+1"],"picked":"Guardian:TemporalStrike+1","floor":39},{"not_picked":["Guardian:Harden+1","Guardian:BronzeOrb"],"picked":"Guardian:SentryBeam+1","floor":40},{"not_picked":["Guardian:DonusPower+1","Guardian:RollAttack"],"picked":"Guardian:Gem_Crimson","floor":42},{"not_picked":["Guardian:Recover+1","Guardian:StasisStrike"],"picked":"Guardian:Gem_Blue","floor":43},{"not_picked":["Guardian:GuardianWhirl+1","Guardian:BronzeArmor+1","Guardian:TemporalStrike"],"picked":"SKIP","floor":48},{"not_picked":["Guardian:Suspension","Guardian:Planning+1"],"picked":"Guardian:PiercingHide","floor":49}],"player_experience":205658,"relics_obtained":[{"floor":1,"key":"Bag of Preparation"},{"floor":7,"key":"Juzu Bracelet"},{"floor":13,"key":"ReplayFunnel"},{"floor":24,"key":"Pantograph"},{"floor":25,"key":"Snack Pack"},{"floor":41,"key":"Orichalcum"},{"floor":42,"key":"Replay:Towering Pillar of Hats"},{"floor":45,"key":"ReplayTheSpireMod:Ninjato"}],"event_choices":[{"damage_healed":0,"gold_gain":0,"player_choice":"Ignored","damage_taken":0,"max_hp_gain":0,"max_hp_loss":0,"event_name":"Vampires","floor":26,"gold_loss":0},{"damage_healed":0,"gold_gain":0,"player_choice":"Copied","damage_taken":0,"max_hp_gain":0,"max_hp_loss":0,"event_name":"Duplicator","floor":38,"gold_loss":0,"cards_obtained":["Guardian:SpikerProtocol"]}],"is_beta":false,"boss_relics":[{"not_picked":["downfall:Hecktoplasm","Snecko Eye"],"picked":"Guardian:ModeShifterPlus"},{"not_picked":["Ring of Chaos","Runic Pyramid"],"picked":"Philosopher\u0027s Stone"}],"items_purged_floors":[],"is_endless":false,"potions_floor_spawned":[5,6,10,14,29,31,32,33,39,48],"killed_by":"downfall:Silent","ascension_level":0}}