{"host":"vje6bedaj0fhalec","time":1610625976,"event":{"mods":["Act Like it!","BaseMod","Minty Spire (QoL Compilation)","Quick Restart","StSLib"],"gold_per_floor":[114,114,214,231,257,282,357,384,465,465,465,313,333,129,129,225,225,243,243,118,118,134,161,161,191,191,220,220,249,269,269,269,367,367,385,385,78,78,78,78,112,123,148,175,228,228,246,246,246,246],"floor_reached":51,"language":"ZHS","playtime":2878,"items_purged":["Defend_R","Strike_R","Strike_R","Defend_R"],"score":967,"play_id":"ea56bbb1-043d-4265-9c5f-79a1b77ed79e","local_time":"20210114200616","is_ascension_mode":true,"campfire_choices":[{"data":"Shockwave","floor":11.0,"key":"SMITH"},{"data":"Body Slam","floor":15.0,"key":"SMITH"},{"data":"True Grit","floor":28,"key":"SMITH"},{"data":"Armaments","floor":32,"key":"SMITH"},{"data":"Rage","floor":40,"key":"SMITH"},{"data":"Bloodletting","floor":49,"key":"SMITH"}],"circlet_count":0,"master_deck":["Bash","True Grit+1","Sword Boomerang","Brutality","Shockwave+1","Metallicize","Body Slam+1","Burning Pact","Ghostly Armor","Offering+1","Pommel Strike+1","J.A.X.","Bite","Bite","Bite","Bite","Bite","Bloodletting+1","Body Slam+1","Dark Embrace+1","Dark Embrace+1","Armaments+1","Juggernaut","CurseOfTheBell","Inflame+1","Violence+1","Purity","Rage+1","Iron Wave","Second Wind","Shrug It Off+1","Dark Embrace+1","Decay","Battle Trance+1","Writhe"],"relics":["Burning Blood","NeowsBlessing","Ancient Tea Set","Oddly Smooth Stone","Mummified Hand","Orichalcum","Coffee Dripper","Prayer Wheel","Centennial Puzzle","InkBottle","Darkstone Periapt","Toy Ornithopter","Paper Frog","Calling Bell","Juzu Bracelet","Mango","Ornamental Fan","Letter Opener","PreservedInsect","War Paint","Incense Burner"],"acts_visited":["Exordium","TheCity","TheBeyond"],"potions_floor_usage":[16,23,47,50],"damage_taken":[{"damage":0.0,"enemies":"Cultist","floor":1.0,"turns":1.0},{"damage":0.0,"enemies":"Jaw Worm","floor":4.0,"turns":1.0},{"damage":0.0,"enemies":"Lagavulin","floor":6.0,"turns":1.0},{"damage":18.0,"enemies":"Gremlin Nob","floor":8.0,"turns":4.0},{"damage":1.0,"enemies":"2 Louse","floor":13.0,"turns":2.0},{"damage":32,"enemies":"Hexaghost","floor":16,"turns":8},{"damage":6,"enemies":"Chosen","floor":18,"turns":4},{"damage":11,"enemies":"3 Byrds","floor":22,"turns":4},{"damage":32,"enemies":"Slavers","floor":23,"turns":5},{"damage":15,"enemies":"Book of Stabbing","floor":25,"turns":4},{"damage":31,"enemies":"Slavers","floor":27,"turns":6},{"damage":43,"enemies":"Gremlin Leader","floor":29,"turns":6},{"damage":15,"enemies":"Cultist and Chosen","floor":30,"turns":4},{"damage":42,"enemies":"Automaton","floor":33,"turns":6},{"damage":20,"enemies":"3 Shapes","floor":35,"turns":4},{"damage":21,"enemies":"Giant Head","floor":41,"turns":2},{"damage":9,"enemies":"Orb Walker","floor":42,"turns":1},{"damage":41,"enemies":"2 Orb Walkers","floor":45,"turns":4},{"damage":6,"enemies":"Jaw Worm Horde","floor":47,"turns":2},{"damage":43,"enemies":"Time Eater","floor":50,"turns":8}],"seed_played":"1848126481224137972","potions_obtained":[{"floor":4.0,"key":"FearPotion"},{"floor":8.0,"key":"CultistPotion"},{"floor":18,"key":"HeartOfIron"},{"floor":27,"key":"LiquidBronze"},{"floor":30,"key":"Swift Potion"},{"floor":33,"key":"Regen Potion"},{"floor":35,"key":"Energy Potion"},{"floor":41,"key":"Weak Potion"}],"is_trial":false,"path_per_floor":["M","?","?","M","T","E","?","E","T","T","R","$","M","$","R","B",null,"M","?","$","?","M","E","?","E","T","E","R","E","M","T","R","B",null,"M","?","$","?","?","R","E","M","T","T","?","?","M","?","R","B",null],"character_chosen":"IRONCLAD","items_purchased":["Metallicize","Burning Pact","Ghostly Armor","Purity","Rage"],"campfire_rested":0,"item_purchase_floors":[12,14,14,37,37],"current_hp_per_floor":[80,80,80,80,80,80,69,59,59,59,59,59,66,66,66,42,80,80,80,80,80,80,70,70,75,75,62,62,45,48,48,48,26,100,100,100,100,100,100,100,93,93,93,93,70,76,85,112,112,82],"gold":246,"neow_bonus":"THREE_ENEMY_KILL","is_daily":false,"chose_seed":false,"campfire_upgraded":6,"win_rate":0.0,"timestamp":1610625976,"path_taken":["M","?","?","?","?","E","?","E","T","?","R","$","M","$","R","BOSS","M","?","$","?","?","E","?","E","T","E","R","E","?","?","R","BOSS","M","?","$","?","?","R","E","M","T","?","?","?","M","?","R","BOSS"],"items_purchased_type":["Card","Card","Card","Card","Card"],"build_version":"2020-12-22","purchased_purges":4,"victory":true,"max_hp_per_floor":[80,80,80,80,80,80,80,80,80,80,80,80,80,80,80,80,80,80,80,80,80,80,80,80,80,80,80,80,80,80,80,80,80,100,100,100,100,100,100,100,100,100,100,100,100,106,106,112,112,112],"card_choices":[{"not_picked":["Cleave","Clash"],"picked":"True Grit","floor":1.0},{"not_picked":["Iron Wave","Warcry"],"picked":"Sword Boomerang","floor":4.0},{"not_picked":["Sword Boomerang","Clothesline"],"picked":"Brutality","floor":6.0},{"not_picked":["Pummel","Rupture"],"picked":"Shockwave","floor":8.0},{"not_picked":["Thunderclap","Headbutt"],"picked":"Body Slam","floor":13.0},{"not_picked":["Demon Form","Bludgeon"],"picked":"Offering","floor":16},{"not_picked":["Fire Breathing","Perfected Strike"],"picked":"Pommel Strike+1","floor":18},{"not_picked":["Pommel Strike+1","Infernal Blade+1"],"picked":"Bloodletting","floor":22},{"not_picked":["Clash+1","Battle Trance"],"picked":"Body Slam+1","floor":23},{"not_picked":["Sword Boomerang+1","Inflame","Anger+1"],"picked":"SKIP","floor":25},{"not_picked":["Wild Strike+1","Combust","Reaper"],"picked":"SKIP","floor":27},{"not_picked":["Heavy Blade","Seeing Red"],"picked":"Dark Embrace+1","floor":29},{"not_picked":["Heavy Blade","Iron Wave"],"picked":"Dark Embrace+1","floor":30},{"not_picked":["Clothesline","Inflame"],"picked":"Armaments","floor":30},{"not_picked":["Feed","Double Tap"],"picked":"Juggernaut","floor":33},{"not_picked":["Sever Soul","Flex+1"],"picked":"Inflame+1","floor":35},{"not_picked":["Spot Weakness+1","Combust+1","Shrug It Off"],"picked":"SKIP","floor":35},{"not_picked":["HandOfGreed","PanicButton"],"picked":"Violence","floor":36},{"not_picked":["Heavy Blade","Shrug It Off+1"],"picked":"Second Wind","floor":41},{"not_picked":["Power Through","True Grit"],"picked":"Shrug It Off+1","floor":42},{"not_picked":["Body Slam+1","Second Wind","Thunderclap"],"picked":"SKIP","floor":42},{"not_picked":["Dropkick","Sword Boomerang+1"],"picked":"Dark Embrace+1","floor":45},{"not_picked":["Anger+1","Armaments"],"picked":"Battle Trance+1","floor":47},{"not_picked":["Sever Soul","Ghostly Armor","Infernal Blade+1"],"picked":"SKIP","floor":47}],"player_experience":72370,"relics_obtained":[{"floor":5.0,"key":"Blood Vial"},{"floor":6.0,"key":"Ancient Tea Set"},{"floor":8.0,"key":"Oddly Smooth Stone"},{"floor":9.0,"key":"Mummified Hand"},{"floor":10.0,"key":"Orichalcum"},{"floor":23,"key":"Prayer Wheel"},{"floor":25,"key":"Centennial Puzzle"},{"floor":26,"key":"InkBottle"},{"floor":27,"key":"Darkstone Periapt"},{"floor":29,"key":"Toy Ornithopter"},{"floor":31,"key":"Paper Frog"},{"floor":34,"key":"Juzu Bracelet"},{"floor":34,"key":"Mango"},{"floor":34,"key":"Ornamental Fan"},{"floor":41,"key":"Letter Opener"},{"floor":43,"key":"PreservedInsect"},{"floor":44,"key":"War Paint"},{"floor":45,"key":"Incense Burner"}],"event_choices":[{"cards_removed":["Defend_R"],"damage_healed":0.0,"max_hp_gain":0.0,"max_hp_loss":0.0,"gold_gain":0.0,"event_name":"Living Wall","player_choice":"Forget","floor":2.0,"gold_loss":0.0,"damage_taken":0.0},{"damage_healed":0.0,"max_hp_gain":0.0,"max_hp_loss":0.0,"gold_gain":100.0,"event_name":"Golden Shrine","player_choice":"Pray","floor":3.0,"gold_loss":0.0,"damage_taken":0.0},{"damage_healed":0.0,"max_hp_gain":0.0,"max_hp_loss":0.0,"gold_gain":75.0,"event_name":"World of Goop","player_choice":"Gather Gold","floor":7.0,"gold_loss":0.0,"damage_taken":11.0},{"damage_healed":0,"gold_gain":0,"player_choice":"Obtain J.A.X.","damage_taken":0,"max_hp_gain":0,"max_hp_loss":0,"event_name":"Drug Dealer","floor":19,"gold_loss":0,"cards_obtained":["J.A.X."]},{"damage_healed":0,"gold_gain":0,"player_choice":"Became a vampire (Vial)","damage_taken":0,"max_hp_gain":0,"max_hp_loss":0,"event_name":"Vampires","floor":21,"relics_lost":["Blood Vial"],"gold_loss":0,"cards_obtained":["Bite","Bite","Bite","Bite","Bite"]},{"damage_healed":0,"gold_gain":0,"player_choice":"0 cards matched","damage_taken":0,"max_hp_gain":0,"max_hp_loss":0,"event_name":"Match and Keep!","floor":24,"gold_loss":0,"cards_obtained":[]},{"damage_healed":0,"gold_gain":0,"player_choice":"Memory 1","damage_taken":0,"max_hp_gain":0,"max_hp_loss":0,"event_name":"SensoryStone","floor":36,"gold_loss":0},{"damage_healed":0,"gold_gain":0,"player_choice":"Got Potions","damage_taken":0,"max_hp_gain":0,"max_hp_loss":0,"event_name":"Lab","floor":38,"gold_loss":0},{"cards_removed":["Defend_R"],"damage_healed":0,"gold_gain":0,"player_choice":"Took Card","damage_taken":0,"max_hp_gain":0,"max_hp_loss":0,"event_name":"NoteForYourself","floor":39,"gold_loss":0,"cards_obtained":["Iron Wave"]},{"damage_healed":0,"gold_gain":0,"player_choice":"Fight","damage_taken":0,"max_hp_gain":0,"max_hp_loss":0,"event_name":"Mysterious Sphere","floor":45,"gold_loss":0},{"damage_healed":0,"gold_gain":0,"player_choice":"Cursed","damage_taken":0,"max_hp_gain":0,"max_hp_loss":0,"event_name":"Wheel of Change","floor":46,"gold_loss":0,"cards_obtained":["Decay"]},{"damage_healed":27,"gold_gain":0,"player_choice":"Writhe","damage_taken":0,"max_hp_gain":0,"max_hp_loss":0,"event_name":"Winding Halls","floor":48,"gold_loss":0,"cards_obtained":["Writhe"]}],"is_beta":false,"boss_relics":[{"not_picked":["Busted Crown","Snecko Eye"],"picked":"Coffee Dripper"},{"not_picked":["Astrolabe","Runic Cube"],"picked":"Calling Bell"}],"items_purged_floors":[12,14,20,37],"is_endless":false,"potions_floor_spawned":[4,8,18,27,30,33,35,41],"ascension_level":1}}