{"host":"iyj530209nkhhjuz","time":1610664475,"event":{"mods":["AchievementEnabler","BaseMod","Better Match","Better Note","Better Third Choice","BetterRewards","Colored Map","Colored Powertips","Dark Map","Fox Events","Highlight Path","Minty Spire (QoL Compilation)","Permanent Neow","Random Character Button","Rare Cards Sparkle","Relic Stats","StSLib","Waifu the Spire"],"gold_per_floor":[119,44,57,57,111,145,145,173,299,318,351,371,371,381,381,486,586,597,614,358,377,396,396,396,426,449,482,500,500,541,569,569,670,670,692,182,182,194,213,213,240,262,315,21,51,65,65,100,100,100],"floor_reached":51,"language":"ENG","playtime":5489,"items_purged":["Defend_P","Defend_P","Strike_P","CarveReality"],"score":1243,"play_id":"f168c30f-95ab-406c-b161-cbf79eb85c83","local_time":"20210114234755","is_ascension_mode":true,"campfire_choices":[{"data":"WindmillStrike","floor":7.0,"key":"SMITH"},{"data":"Judgement","floor":13.0,"key":"SMITH"},{"floor":15.0,"key":"REST"},{"data":"Eruption","floor":23,"key":"SMITH"},{"floor":29,"key":"REST"},{"data":"Establishment","floor":32,"key":"SMITH"},{"data":"Evaluate","floor":40,"key":"SMITH"},{"floor":49,"key":"REST"}],"circlet_count":1,"master_deck":["Defend_P+1","Eruption+1","Vigilance","Evaluate+1","WindmillStrike+1","DeceiveReality","Judgement+1","PathToVictory","Establishment+1","Conclude","Protect","Vault+1","FlurryOfBlows","ThirdEye","PathToVictory","FlurryOfBlows","BattleHymn+1","Vault+1","Fasting2+1","Evaluate+1","WindmillStrike+1"],"relics":["PureWater","PreservedInsect","Toolbox","Ornamental Fan","Vajra","Circlet","Pen Nib","Nunchaku","Regal Pillow","Tiny Chest","Empty Cage","War Paint","CeramicFish","Omamori","Shuriken","Toy Ornithopter","SlaversCollar","Bottled Lightning","DollysMirror","Matryoshka","Strawberry","Gremlin Horn","Akabeko","Meat on the Bone","Pantograph","Sundial","Ancient Tea Set"],"acts_visited":["Exordium","TheCity","TheBeyond"],"potions_floor_usage":[35,41,46,46,46],"damage_taken":[{"damage":1.0,"enemies":"2 Louse","floor":1.0,"turns":2.0},{"damage":0.0,"enemies":"Cultist","floor":3.0,"turns":3.0},{"damage":2.0,"enemies":"Colosseum Slavers","floor":5.0,"turns":3.0},{"damage":8.0,"enemies":"Gremlin Nob","floor":6.0,"turns":3.0},{"damage":0.0,"enemies":"3 Sentries","floor":8.0,"turns":4.0},{"damage":0.0,"enemies":"Small Slimes","floor":10.0,"turns":2.0},{"damage":0.0,"enemies":"Gremlin Nob","floor":11.0,"turns":2.0},{"damage":1.0,"enemies":"Exordium Thugs","floor":12.0,"turns":4.0},{"damage":4.0,"enemies":"Blue Slaver","floor":14.0,"turns":2.0},{"damage":10.0,"enemies":"The Guardian","floor":16.0,"turns":8.0},{"damage":0.0,"enemies":"Chosen","floor":18.0,"turns":3.0},{"damage":0.0,"enemies":"Spheric Guardian","floor":19.0,"turns":3.0},{"damage":11.0,"enemies":"Shelled Parasite and Fungi","floor":21.0,"turns":4.0},{"damage":10,"enemies":"Centurion and Healer","floor":22,"turns":5},{"damage":9,"enemies":"Slavers","floor":25,"turns":5},{"damage":4,"enemies":"Gremlin Leader","floor":27,"turns":5},{"damage":3,"enemies":"Slavers","floor":30,"turns":4},{"damage":2,"enemies":"3 Cultists","floor":31,"turns":5},{"damage":11,"enemies":"Champ","floor":33,"turns":11},{"damage":19,"enemies":"3 Shapes","floor":35,"turns":4},{"damage":0,"enemies":"3 Darklings","floor":38,"turns":4},{"damage":18,"enemies":"Transient","floor":39,"turns":6},{"damage":16,"enemies":"4 Shapes","floor":41,"turns":3},{"damage":21,"enemies":"Spire Growth","floor":42,"turns":6},{"damage":0,"enemies":"Giant Head","floor":45,"turns":5},{"damage":16,"enemies":"Transient","floor":46,"turns":6},{"damage":0,"enemies":"Nemesis","floor":48,"turns":4},{"damage":38,"enemies":"Donu and Deca","floor":50,"turns":8}],"seed_played":"1455564716611130903","potions_obtained":[{"floor":3.0,"key":"Swift Potion"},{"floor":10.0,"key":"PowerPotion"},{"floor":35,"key":"FearPotion"},{"floor":41,"key":"SpeedPotion"}],"is_trial":false,"path_per_floor":["M","?","M","?","?","E","R","E","T","M","E","M","R","M","R","B",null,"M","M","$","M","M","R","?","E","T","E","?","R","E","M","R","B",null,"M","$","T","M","M","R","M","M","T","$","E","M","T","E","R","B",null],"character_chosen":"WATCHER","items_purchased":["PreservedInsect","Toolbox","Ornamental Fan","Evaluate","PowerPotion","PowerPotion","War Paint","Bottled Lightning","DollysMirror","Akabeko"],"campfire_rested":3,"item_purchase_floors":[0,0,0,0,0,0,20,36,36,44],"current_hp_per_floor":[49,49,49,42,40,32,32,32,32,32,32,31,31,27,63,53,72,72,72,72,61,51,51,38,29,29,25,25,63,60,58,58,47,77,58,58,58,58,40,40,29,8,15,15,15,26,26,38,78,46],"gold":100,"neow_bonus":"","is_daily":false,"chose_seed":false,"campfire_upgraded":5,"win_rate":0.0,"timestamp":1610664475,"path_taken":["M","?","?","?","?","E","R","E","T","M","E","M","R","M","R","BOSS","M","M","$","M","M","R","?","E","T","E","?","R","E","?","R","BOSS","M","$","?","M","M","R","?","M","T","?","E","?","?","E","R","BOSS"],"items_purchased_type":["Relic","Relic","Relic","Card","Potion","Potion","Relic","Relic","Relic","Relic"],"build_version":"2020-12-22","purchased_purges":4,"victory":true,"max_hp_per_floor":[72,72,72,72,72,72,72,72,72,72,72,72,72,72,72,72,72,72,72,72,72,72,72,77,77,77,77,77,77,77,77,77,77,77,77,77,77,77,77,77,77,77,84,84,84,84,84,84,84,84],"relic_stats":{"Regal Pillow":45,"Gremlin Horn":[1,1],"counters":[61,263],"CeramicFish":162,"PreservedInsect":368,"Pen Nib":[21],"War Paint":["Vigilance","Protect","Vault","Defend_P"],"Nunchaku":[16],"Ornamental Fan":[260],"Shuriken":[21],"Sundial":[0],"Pantograph":6,"Tiny Chest":2,"obtain_stats":[{"Regal Pillow":9,"Gremlin Horn":43,"CeramicFish":0,"Vajra":4,"Bag of Preparation":37,"Smiling Mask":26,"Ancient Tea Set":30,"Empty Cage":17,"Nunchaku":8,"Matryoshka":37,"DollysMirror":36,"Sundial":47,"Strawberry":0,"Pantograph":47,"Toolbox":0,"Tiny Chest":28,"Prayer Wheel":46,"Red Mask":41,"Ring of the Snake":0,"Runic Pyramid":17,"Golden Idol":3,"Circlet":0,"Pen Nib":44,"PreservedInsect":0,"Omamori":26,"Orichalcum":23,"War Paint":42,"Medical Kit":37,"White Beast Statue":37,"Akabeko":44,"SlaversCollar":34,"Ornamental Fan":9,"Shuriken":27,"Molten Egg 2":11,"Turnip":9,"foxEvents:LuckyCharm":5,"Bottled Lightning":6,"Membership Card":20,"PureWater":0,"Unceasing Top":43,"Toy Ornithopter":30,"Meat on the Bone":8,"Pocketwatch":7},{"Regal Pillow":38,"Gremlin Horn":57,"CeramicFish":5,"Vajra":35,"Bag of Preparation":27,"Smiling Mask":20,"Ancient Tea Set":23,"Empty Cage":43,"Nunchaku":38,"Matryoshka":53,"DollysMirror":53,"Sundial":59,"Strawberry":5,"Pantograph":59,"Toolbox":33,"Tiny Chest":22,"Prayer Wheel":31,"Red Mask":27,"Ring of the Snake":0,"Runic Pyramid":15,"Golden Idol":1,"Circlet":0,"Pen Nib":29,"PreservedInsect":33,"Omamori":48,"Orichalcum":19,"War Paint":28,"Medical Kit":27,"White Beast Statue":27,"Akabeko":57,"SlaversCollar":52,"Ornamental Fan":10,"Shuriken":49,"Molten Egg 2":11,"Turnip":4,"foxEvents:LuckyCharm":36,"Bottled Lightning":3,"Membership Card":17,"PureWater":0,"Unceasing Top":28,"Toy Ornithopter":50,"Meat on the Bone":4,"Pocketwatch":9},{"Regal Pillow":154,"Gremlin Horn":240,"CeramicFish":27,"Vajra":144,"Bag of Preparation":108,"Smiling Mask":82,"Ancient Tea Set":93,"Empty Cage":172,"Nunchaku":154,"Matryoshka":221,"DollysMirror":221,"Sundial":251,"Strawberry":27,"Pantograph":251,"Toolbox":139,"Tiny Chest":89,"Prayer Wheel":125,"Red Mask":108,"Ring of the Snake":0,"Runic Pyramid":62,"Golden Idol":4,"Circlet":0,"Pen Nib":116,"PreservedInsect":139,"Omamori":192,"Orichalcum":78,"War Paint":111,"Medical Kit":108,"White Beast Statue":108,"Akabeko":240,"SlaversCollar":217,"Ornamental Fan":44,"Shuriken":197,"Molten Egg 2":48,"Turnip":24,"foxEvents:LuckyCharm":147,"Bottled Lightning":16,"Membership Card":71,"PureWater":0,"Unceasing Top":111,"Toy Ornithopter":201,"Meat on the Bone":24,"Pocketwatch":42}],"Toy Ornithopter":15,"Meat on the Bone":24},"card_choices":[{"not_picked":["EmptyBody","Weave"],"picked":"WindmillStrike","floor":1.0},{"not_picked":["ReachHeaven","Worship"],"picked":"DeceiveReality","floor":2.0},{"not_picked":["Blasphemy","SpiritShield"],"picked":"Judgement","floor":2.0},{"not_picked":["SashWhip","Crescendo"],"picked":"PathToVictory","floor":3.0},{"not_picked":["Sanctity","SignatureMove"],"picked":"Establishment","floor":6.0},{"not_picked":["SashWhip","EmptyFist"],"picked":"CarveReality","floor":8.0},{"not_picked":["WheelKick","ClearTheMind"],"picked":"Conclude","floor":10.0},{"not_picked":["Ragnarok","FollowUp"],"picked":"Protect","floor":11.0},{"not_picked":["EmptyBody","Nirvana","SashWhip"],"picked":"SKIP","floor":12.0},{"not_picked":["ThirdEye","Halt","EmptyBody"],"picked":"SKIP","floor":14.0},{"not_picked":["Ragnarok","Scrawl"],"picked":"Vault","floor":16.0},{"not_picked":["BowlingBash","Halt+1","MentalFortress"],"picked":"SKIP","floor":18.0},{"not_picked":["FlyingSleeves","Wireheading","Prostrate"],"picked":"SKIP","floor":19.0},{"not_picked":["ThirdEye","WaveOfTheHand+1","MentalFortress"],"picked":"SKIP","floor":21.0},{"not_picked":["Swivel","CrushJoints","InnerPeace"],"picked":"SKIP","floor":22},{"not_picked":["EmptyMind","FearNoEvil","CrushJoints"],"picked":"SKIP","floor":25},{"not_picked":["FlyingSleeves","BowlingBash","Swivel"],"picked":"SKIP","floor":27},{"not_picked":["Omniscience","Swivel+1"],"picked":"PathToVictory","floor":30},{"not_picked":["EmptyFist","BowlingBash"],"picked":"FlurryOfBlows","floor":31},{"not_picked":["PathToVictory","FlyingSleeves+1"],"picked":"BattleHymn+1","floor":35},{"not_picked":["Adaptation+1","Crescendo+1","Halt"],"picked":"SKIP","floor":38},{"not_picked":["Wireheading+1","InnerPeace"],"picked":"Fasting2+1","floor":39},{"not_picked":["CutThroughFate+1","ForeignInfluence"],"picked":"Evaluate+1","floor":41},{"not_picked":["Ragnarok","CarveReality"],"picked":"WindmillStrike+1","floor":42},{"not_picked":["CutThroughFate","ClearTheMind+1","Consecrate+1"],"picked":"SKIP","floor":45},{"not_picked":["FollowUp+1","Meditate","DeceiveReality"],"picked":"SKIP","floor":46},{"not_picked":["ThirdEye","ForeignInfluence+1","Meditate+1"],"picked":"SKIP","floor":48}],"player_experience":401840,"relics_obtained":[{"floor":5.0,"key":"foxEvents:LuckyCharm"},{"floor":6.0,"key":"Pen Nib"},{"floor":8.0,"key":"Nunchaku"},{"floor":9.0,"key":"Regal Pillow"},{"floor":11.0,"key":"Tiny Chest"},{"floor":25,"key":"CeramicFish"},{"floor":26,"key":"Omamori"},{"floor":27,"key":"Shuriken"},{"floor":30,"key":"Toy Ornithopter"},{"floor":37,"key":"Matryoshka"},{"floor":43,"key":"Strawberry"},{"floor":43,"key":"Gremlin Horn"},{"floor":45,"key":"Meat on the Bone"},{"floor":47,"key":"Pantograph"},{"floor":47,"key":"Sundial"},{"floor":48,"key":"Ancient Tea Set"}],"event_choices":[{"damage_healed":0.0,"max_hp_gain":0.0,"max_hp_loss":0.0,"gold_gain":0.0,"event_name":"betterMatch:BetterMatch","player_choice":"1","floor":2.0,"gold_loss":0.0,"damage_taken":0.0,"cards_obtained":["betterMatch:UncommonCard","betterMatch:RareCard","betterMatch:CommonCard"]},{"damage_healed":0.0,"max_hp_gain":0.0,"max_hp_loss":0.0,"gold_gain":0.0,"event_name":"betterThird:BetterScrap","player_choice":"Relic ","floor":4.0,"gold_loss":0.0,"damage_taken":7.0,"cards_obtained":["Evolve"]},{"damage_healed":0,"gold_gain":0,"player_choice":"Shed Blood","damage_taken":18,"max_hp_gain":5,"max_hp_loss":0,"event_name":"Forgotten Altar","floor":24,"gold_loss":0},{"damage_healed":0,"gold_gain":0,"cards_transformed":["Strike_P","Defend_P"],"player_choice":"Became Test Subject","damage_taken":0,"max_hp_gain":0,"max_hp_loss":0,"event_name":"Drug Dealer","floor":28,"gold_loss":0,"cards_obtained":["FlurryOfBlows","ThirdEye"]}],"is_beta":false,"boss_relics":[{"not_picked":["Fusion Hammer","Sozu"],"picked":"Empty Cage"},{"not_picked":["Pandora\u0027s Box","Velvet Choker"],"picked":"SlaversCollar"}],"items_purged_floors":[0,20,36,44],"is_endless":false,"potions_floor_spawned":[3,6,10,14,19,21,27,31,35,41,45],"ascension_level":2}}