{"host":"0s686iw3hprdrk8c","time":1610637440,"event":{"mods":["BaseMod","Bestiary","Marisa????????","Minty Spire (QoL Compilation)","StSLib","The Hierophant"],"gold_per_floor":[116,5,5,5,5,60,60,97,97,124,124,124,124,148,148,104,104],"floor_reached":16,"language":"ENG","playtime":987,"items_purged":[],"score":131,"play_id":"c070b9fd-a319-49e0-9fbf-23f4b901b465","local_time":"20210114101720","is_ascension_mode":false,"campfire_choices":[{"floor":7,"key":"RECALL"},{"floor":13,"key":"REST"},{"floor":15,"key":"REST"}],"circlet_count":0,"master_deck":["hierophant:Strike_Hierophant","hierophant:Strike_Hierophant","hierophant:Strike_Hierophant","hierophant:Strike_Hierophant","hierophant:Punish","hierophant:Defend_Hierophant","hierophant:Defend_Hierophant","hierophant:Defend_Hierophant","hierophant:Defend_Hierophant","hierophant:ChurchCoffers","hierophant:SealAway","hierophant:ConvertCurrency","hierophant:Doubloon","hierophant:OrnateJavelin","hierophant:Flagellation+1","hierophant:Sermon","hierophant:OrnateBuckler","hierophant:Zeal"],"relics":["hierophant:PropheticMaskRelic","NeowsBlessing","Golden Idol","Unceasing Top","Sundial","Singing Bowl"],"acts_visited":["Exordium"],"potions_floor_usage":[10],"damage_taken":[{"damage":0,"enemies":"Jaw Worm","floor":1,"turns":1},{"damage":0,"enemies":"3 Sentries","floor":6,"turns":2},{"damage":0,"enemies":"2 Louse","floor":8,"turns":1},{"damage":54,"enemies":"Lagavulin","floor":10,"turns":9},{"damage":0,"enemies":"Small Slimes","floor":14,"turns":2},{"damage":20,"enemies":"Slime Boss","floor":16,"turns":7}],"seed_played":"9004318254447263888","potions_obtained":[{"floor":8,"key":"SkillPotion"}],"is_trial":false,"path_per_floor":["M","$","?","T","$","E","R","M","T","E","?","?","R","M","R","B"],"character_chosen":"HIEROPHANT","items_purchased":["hierophant:ConvertCurrency","hierophant:OrnateJavelin"],"campfire_rested":2,"item_purchase_floors":[2,2],"current_hp_per_floor":[75,75,57,57,57,57,57,57,57,3,3,3,25,25,47,27,27],"gold":104,"neow_bonus":"THREE_ENEMY_KILL","is_daily":false,"chose_seed":false,"campfire_upgraded":0,"win_rate":0.0,"timestamp":1610637440,"path_taken":["M","$","?","?","$","E","R","M","T","E","?","?","R","M","R","BOSS"],"items_purchased_type":["Card","Card"],"build_version":"2020-12-22","purchased_purges":0,"victory":false,"max_hp_per_floor":[75,75,75,75,75,75,75,75,75,75,75,75,75,75,75,75,75],"card_choices":[{"not_picked":["hierophant:AuricBeam","hierophant:DisplayOfPower"],"picked":"hierophant:SealAway","floor":1},{"not_picked":["hierophant:FlamingChariot","hierophant:Purify"],"picked":"hierophant:Flagellation","floor":6},{"not_picked":["hierophant:Smite","hierophant:HolyVerse"],"picked":"hierophant:Sermon","floor":8},{"not_picked":["hierophant:Endure","hierophant:SealAway"],"picked":"hierophant:OrnateBuckler","floor":10},{"not_picked":["hierophant:SealAway","hierophant:Doubloon"],"picked":"hierophant:Zeal","floor":14}],"player_experience":208261,"relics_obtained":[{"floor":6,"key":"Unceasing Top"},{"floor":9,"key":"Sundial"},{"floor":10,"key":"Singing Bowl"}],"event_choices":[{"damage_healed":0,"gold_gain":0,"player_choice":"Take Damage","damage_taken":18,"relics_obtained":["Golden Idol"],"max_hp_gain":0,"max_hp_loss":0,"event_name":"Golden Idol","floor":3,"gold_loss":0},{"damage_healed":0,"gold_gain":0,"player_choice":"Ignored","damage_taken":0,"max_hp_gain":0,"max_hp_loss":0,"event_name":"Shining Light","floor":11,"gold_loss":0},{"damage_healed":0,"gold_gain":0,"player_choice":"Grow","damage_taken":0,"max_hp_gain":0,"max_hp_loss":0,"event_name":"Living Wall","floor":12,"gold_loss":0,"cards_upgraded":["hierophant:Flagellation"]}],"is_beta":false,"boss_relics":[],"items_purged_floors":[],"is_endless":false,"potions_floor_spawned":[8],"killed_by":"Slime Boss","ascension_level":0}}