{"host":"74uvi6kym3vf3uk6","time":1610637320,"event":{"mods":["AchievementEnabler","BaseMod","Colored Map","Colored Powertips","Custom Start","Dark Map","Hermit","Highlight Path","Minty Spire (QoL Compilation)","Permanent Neow","Rare Cards Sparkle","StSLib","The Bug Knight","The Disciple","The Runesmith","The Servant 0.9.4"],"gold_per_floor":[211,221,221,232,6,32,32,9,32,47,47,60,10,27,27,128,128,146,146,146,146],"floor_reached":20,"language":"ENG","playtime":2347,"items_purged":["hermit:Misfire"],"score":174,"play_id":"be7031b9-2f08-4107-be22-cffac24eed58","local_time":"20210114091520","is_ascension_mode":false,"campfire_choices":[{"floor":7,"key":"REST"},{"data":"hermit:Maintenance","floor":11,"key":"SMITH"},{"floor":15,"key":"REST"}],"circlet_count":0,"master_deck":["hermit:Strike_Hermit","hermit:Strike_Hermit","hermit:Strike_Hermit","hermit:Strike_Hermit","hermit:Defend_Hermit","hermit:Defend_Hermit","hermit:Defend_Hermit","hermit:Defend_Hermit","hermit:Snapshot","hermit:Covet","hermit:Determination+1","hermit:Brawl","hermit:Maintenance+1","hermit:Quickdraw","hermit:Deadeye","hermit:GoldenBullet","hermit:DeadOrAlive","hermit:SprayPray+1"],"relics":["hermit:Momento","Membership Card","Runesmith:AutoHammer","Ancient Tea Set","Toy Ornithopter","Empty Cage"],"acts_visited":["Exordium","TheCity"],"potions_floor_usage":[10],"damage_taken":[{"damage":6,"enemies":"Jaw Worm","floor":1,"turns":5},{"damage":1,"enemies":"Cultist","floor":2,"turns":3},{"damage":0,"enemies":"2 Louse","floor":4,"turns":3},{"damage":21,"enemies":"HollowMod:MossKnight","floor":6,"turns":10},{"damage":6,"enemies":"Large Slime","floor":10,"turns":5},{"damage":13,"enemies":"Exordium Wildlife","floor":12,"turns":3},{"damage":4,"enemies":"Looter","floor":14,"turns":3},{"damage":52,"enemies":"The Guardian","floor":16,"turns":11},{"damage":69,"enemies":"Spheric Guardian","floor":18,"turns":8},{"damage":7,"enemies":"3 Byrds","floor":20,"turns":3}],"seed_played":"-4710534556058691823","potions_obtained":[{"floor":1,"key":"ColorlessPotion"},{"floor":2,"key":"Strength Potion"},{"floor":6,"key":"BlessingOfTheForge"},{"floor":10,"key":"Energy Potion"}],"is_trial":false,"path_per_floor":["M","M","?","M","$","E","R","$","T","M","R","M","$","M","R","B",null,"M","?","M"],"character_chosen":"HERMIT","items_purchased":["Membership Card","Runesmith:AutoHammer","hermit:Quickdraw","hermit:Vantage"],"campfire_rested":2,"item_purchase_floors":[5,5,8,13],"current_hp_per_floor":[69,68,68,68,68,47,69,69,69,68,68,55,55,51,73,21,75,6,6,0,0],"gold":146,"neow_bonus":"HUNDRED_GOLD","is_daily":false,"chose_seed":false,"campfire_upgraded":1,"win_rate":0.0,"timestamp":1610637320,"path_taken":["M","M","?","?","$","E","R","$","T","M","R","M","$","M","R","BOSS","M","?","M"],"items_purchased_type":["Relic","Relic","Card","Card"],"build_version":"2020-12-22","purchased_purges":1,"victory":false,"max_hp_per_floor":[75,75,75,75,75,75,75,75,75,75,75,75,75,75,75,75,75,75,75,75,75],"card_choices":[{"not_picked":["hermit:CursedWeapon","hermit:LoneWolf"],"picked":"hermit:Misfire","floor":1},{"not_picked":["hermit:Scavenge","hermit:Desperado"],"picked":"hermit:Determination","floor":2},{"not_picked":["hermit:PistolWhip","hermit:Manifest"],"picked":"hermit:Brawl","floor":4},{"not_picked":["hermit:Glare","hermit:Midnight"],"picked":"hermit:Maintenance","floor":6},{"not_picked":["hermit:Enervate","hermit:Vantage"],"picked":"hermit:Deadeye","floor":10},{"not_picked":["hermit:Ricochet","hermit:Snipe"],"picked":"hermit:ItchyTrigger","floor":12},{"not_picked":["hermit:Headshot","hermit:TakeCover"],"picked":"hermit:GoldenBullet","floor":14},{"not_picked":["hermit:Adapt","hermit:Gambit"],"picked":"hermit:DeadOrAlive","floor":16},{"not_picked":["hermit:LowProfile","hermit:Ricochet"],"picked":"hermit:SprayPray+1","floor":18}],"player_experience":152298,"relics_obtained":[{"floor":6,"key":"Ancient Tea Set"},{"floor":9,"key":"Toy Ornithopter"}],"event_choices":[{"damage_healed":0,"gold_gain":0,"player_choice":"Upgraded","damage_taken":0,"max_hp_gain":0,"max_hp_loss":0,"event_name":"Upgrade Shrine","floor":3,"gold_loss":0,"cards_upgraded":["hermit:Determination"]},{"damage_healed":0,"gold_gain":0,"player_choice":"Ignored","damage_taken":0,"max_hp_gain":0,"max_hp_loss":0,"event_name":"Cursed Tome","floor":19,"gold_loss":0}],"is_beta":false,"boss_relics":[{"not_picked":["Philosopher\u0027s Stone","Fusion Hammer"],"picked":"Empty Cage"}],"items_purged_floors":[13],"is_endless":false,"potions_floor_spawned":[1,2,6,10],"killed_by":"3 Byrds","ascension_level":0}}