{"host":"sc0o2qwpf9j16a4i","time":1610654135,"event":{"mods":["AchievementEnabler","BaseMod","BetterRewards","Block Reminder","Colored Map","Colored Powertips","Custom Start","Highlight Path","Minty Spire (QoL Compilation)","Relic Stats"],"gold_per_floor":[119,119,44,5,5,38,68,68,92,119,137,137,154,38,38,116,116,131,131,131,131,131,160,160,191,191,191,191,191],"floor_reached":28,"language":"ENG","playtime":434,"items_purged":["Strike_P"],"score":666,"play_id":"19760c61-bef6-4750-a88c-76cac7c611a4","local_time":"20210114215535","is_ascension_mode":true,"campfire_choices":[{"data":"CrushJoints","floor":8,"key":"SMITH"},{"data":"ReachHeaven","floor":12,"key":"SMITH"},{"data":"BowlingBash","floor":15,"key":"SMITH"},{"data":"Omniscience","floor":24,"key":"SMITH"},{"data":"Ghostly","floor":27,"key":"SMITH"}],"circlet_count":0,"master_deck":["AscendersBane","Defend_P+1","Defend_P+1","Defend_P+1","Defend_P+1","Eruption","Vigilance","BowlingBash+1","ReachHeaven+1","CrushJoints+1","Meditate","Crescendo","ClearTheMind","Tantrum","Omniscience+1","Halt","Ghostly+1","Ghostly","Ghostly","SashWhip","Protect","BattleHymn","Regret"],"relics":["PureWater","NeowsBlessing","PreservedInsect","Bag of Preparation","Akabeko","Cursed Key","Lantern","Nunchaku"],"acts_visited":["Exordium","TheCity"],"potions_floor_usage":[16,25],"damage_taken":[{"damage":0,"enemies":"Cultist","floor":1,"turns":1},{"damage":0,"enemies":"Lagavulin","floor":6,"turns":1},{"damage":0,"enemies":"3 Sentries","floor":10,"turns":2},{"damage":0,"enemies":"Small Slimes","floor":11,"turns":2},{"damage":0,"enemies":"Jaw Worm","floor":13,"turns":1},{"damage":4,"enemies":"Slime Boss","floor":16,"turns":4},{"damage":15,"enemies":"2 Thieves","floor":18,"turns":3},{"damage":3,"enemies":"Book of Stabbing","floor":23,"turns":3},{"damage":0,"enemies":"Slavers","floor":25,"turns":4},{"damage":34,"enemies":"Gremlin Leader","floor":28,"turns":3}],"seed_played":"6435425136666854093","potions_obtained":[{"floor":11,"key":"StancePotion"},{"floor":13,"key":"BottledMiracle"},{"floor":23,"key":"Block Potion"}],"is_trial":false,"path_per_floor":["M","?","?","$","?","E","?","R","T","E","M","R","M","$","R","B",null,"M","?","?","?","?","E","R","E","T","R","E"],"character_chosen":"WATCHER","items_purchased":["ReachHeaven","Tantrum"],"campfire_rested":0,"item_purchase_floors":[4,14],"current_hp_per_floor":[61,54,54,54,59,59,59,59,59,59,59,59,59,59,59,55,69,54,54,36,36,36,33,33,33,33,33,0,0],"gold":191,"neow_bonus":"THREE_ENEMY_KILL","is_daily":false,"chose_seed":false,"campfire_upgraded":5,"win_rate":0.0,"timestamp":1610654135,"path_taken":["M","?","?","$","?","E","?","R","T","E","M","R","?","$","R","BOSS","M","?","?","?","?","E","R","E","T","R","E"],"items_purchased_type":["Card","Card"],"build_version":"2020-12-22","purchased_purges":1,"victory":false,"max_hp_per_floor":[68,68,68,68,73,73,73,73,73,73,73,73,73,73,73,73,73,73,73,36,36,36,36,36,36,36,36,36,36],"relic_stats":{"Nunchaku":[0],"counters":[10,24],"PreservedInsect":129,"Bag of Preparation":[16],"Cursed Key":1,"obtain_stats":[{"Lantern":23,"Nunchaku":25,"NeowsBlessing":0,"PreservedInsect":6,"Bag of Preparation":9,"PureWater":0,"Cursed Key":17,"Akabeko":10},{"Lantern":8,"Nunchaku":9,"NeowsBlessing":0,"PreservedInsect":2,"Bag of Preparation":2,"PureWater":0,"Cursed Key":6,"Akabeko":3},{"Lantern":17,"Nunchaku":21,"NeowsBlessing":0,"PreservedInsect":2,"Bag of Preparation":2,"PureWater":0,"Cursed Key":11,"Akabeko":4}]},"card_choices":[{"not_picked":["CrushJoints","Indignation"],"picked":"BowlingBash","floor":1},{"not_picked":["ThirdEye","LikeWater"],"picked":"CrushJoints","floor":6},{"not_picked":["ThirdEye","Crescendo"],"picked":"Meditate","floor":10},{"not_picked":["Evaluate","Weave"],"picked":"Crescendo","floor":11},{"not_picked":["FlurryOfBlows","CrushJoints"],"picked":"ClearTheMind","floor":13},{"not_picked":["DevaForm","DeusExMachina"],"picked":"Omniscience","floor":16},{"not_picked":["FlurryOfBlows","Weave"],"picked":"Halt","floor":18},{"not_picked":["SignatureMove","CutThroughFate"],"picked":"Protect","floor":23},{"not_picked":["EmptyFist","ClearTheMind"],"picked":"BattleHymn","floor":25}],"player_experience":636659,"relics_obtained":[{"floor":6,"key":"PreservedInsect"},{"floor":9,"key":"Bag of Preparation"},{"floor":10,"key":"Akabeko"},{"floor":23,"key":"Lantern"},{"floor":25,"key":"Nunchaku"}],"event_choices":[{"cards_removed":["Strike_P"],"damage_healed":0,"gold_gain":0,"player_choice":"Card Removal","damage_taken":7,"max_hp_gain":0,"max_hp_loss":0,"event_name":"Golden Wing","floor":2,"gold_loss":0},{"cards_removed":["Strike_P"],"damage_healed":0,"gold_gain":0,"player_choice":"Card Removal","damage_taken":0,"max_hp_gain":0,"max_hp_loss":0,"event_name":"The Cleric","floor":3,"gold_loss":75},{"damage_healed":0,"gold_gain":0,"player_choice":"Donut","damage_taken":0,"max_hp_gain":5,"max_hp_loss":0,"event_name":"Big Fish","floor":5,"gold_loss":0},{"damage_healed":0,"gold_gain":30,"player_choice":"Searched \u00271\u0027 times","damage_taken":0,"max_hp_gain":0,"max_hp_loss":0,"event_name":"Dead Adventurer","floor":7,"gold_loss":0},{"damage_healed":0,"gold_gain":0,"player_choice":"Simplicity","damage_taken":0,"max_hp_gain":0,"max_hp_loss":0,"event_name":"Back to Basics","floor":19,"gold_loss":0,"cards_upgraded":["Strike_P","Defend_P","Defend_P","Defend_P","Defend_P"]},{"damage_healed":0,"gold_gain":0,"player_choice":"Became a Ghost","damage_taken":0,"max_hp_gain":0,"max_hp_loss":37,"event_name":"Ghosts","floor":20,"gold_loss":0,"cards_obtained":["Ghostly","Ghostly","Ghostly"]},{"damage_healed":0,"gold_gain":0,"player_choice":"Read","damage_taken":0,"max_hp_gain":0,"max_hp_loss":0,"event_name":"The Library","floor":21,"gold_loss":0,"cards_obtained":["SashWhip"]},{"cards_removed":["Strike_P"],"damage_healed":0,"gold_gain":0,"player_choice":"Offered Basic","damage_taken":0,"max_hp_gain":0,"max_hp_loss":0,"event_name":"Bonfire Elementals","floor":22,"gold_loss":0}],"is_beta":false,"boss_relics":[{"not_picked":["Coffee Dripper","SlaversCollar"],"picked":"Cursed Key"}],"items_purged_floors":[14],"is_endless":false,"potions_floor_spawned":[11,13,23],"killed_by":"Gremlin Leader","ascension_level":20}}