{"host":"52jmisti11ysmja4","time":1610593545,"event":{"mods":["Aspiration","BaseMod","Better Third Choice","Minty Spire (QoL Compilation)","Remove Card Discount Mod","StSLib","The Bladedancer"],"gold_per_floor":[111,131,148,163,175,175,188,188,188],"floor_reached":8,"language":"ENG","playtime":1247,"items_purged":[],"score":83,"play_id":"2bd93870-cc7f-4a75-bddb-7f1e3e862558","local_time":"20210113190545","is_ascension_mode":true,"campfire_choices":[{"data":"blademaster:EyeOfTheStorm","floor":6,"key":"SMITH"}],"circlet_count":0,"master_deck":["AscendersBane","blademaster:Strike","blademaster:Strike","blademaster:Strike","blademaster:Strike","blademaster:Defend","blademaster:Defend","blademaster:Defend","blademaster:Defend","blademaster:RagingBlow","blademaster:HighVoltage","blademaster:ThunderingOpener","blademaster:Cut","blademaster:DaggerAndCloak","blademaster:EyeOfTheStorm+1","blademaster:Slice","blademaster:Safeguard"],"relics":["blademaster:DancersAmulet","NeowsBlessing"],"acts_visited":["Exordium"],"potions_floor_usage":[7,8],"damage_taken":[{"damage":0,"enemies":"Cultist","floor":1,"turns":1},{"damage":0,"enemies":"Jaw Worm","floor":2,"turns":1},{"damage":0,"enemies":"Small Slimes","floor":3,"turns":1},{"damage":21,"enemies":"3 Louse","floor":4,"turns":3},{"damage":6,"enemies":"2 Fungi Beasts","floor":5,"turns":3},{"damage":21,"enemies":"Exordium Wildlife","floor":7,"turns":5},{"damage":3,"enemies":"Lagavulin","floor":8,"turns":2}],"seed_played":"-4941097395448853600","potions_obtained":[{"floor":3,"key":"Weak Potion"},{"floor":4,"key":"ColorlessPotion"}],"is_trial":false,"path_per_floor":["M","M","M","M","M","R","M","E"],"character_chosen":"THE_BLADEMASTER","items_purchased":[],"campfire_rested":0,"item_purchase_floors":[],"current_hp_per_floor":[68,68,68,47,41,41,20,17,17],"gold":188,"neow_bonus":"THREE_ENEMY_KILL","is_daily":false,"chose_seed":false,"campfire_upgraded":1,"win_rate":0.0,"timestamp":1610593545,"path_taken":["M","M","M","?","M","R","M","E"],"items_purchased_type":[],"build_version":"2020-12-22","purchased_purges":0,"victory":false,"max_hp_per_floor":[75,75,75,75,75,75,75,75,75],"card_choices":[{"not_picked":["blademaster:Bloodbath","blademaster:ThunderSlash"],"picked":"blademaster:ThunderingOpener","floor":1},{"not_picked":["blademaster:Reversal","blademaster:Hailwind"],"picked":"blademaster:Cut","floor":2},{"not_picked":["blademaster:DeadlyDance","blademaster:ParryingStrike"],"picked":"blademaster:DaggerAndCloak","floor":3},{"not_picked":["blademaster:Sunder","blademaster:ChargingUp"],"picked":"blademaster:EyeOfTheStorm","floor":4},{"not_picked":["blademaster:Stability","blademaster:DeadlyDance"],"picked":"blademaster:Slice","floor":5},{"not_picked":["blademaster:CombatPrep","blademaster:ChargingUp"],"picked":"blademaster:Safeguard","floor":7}],"player_experience":568698,"relics_obtained":[],"event_choices":[],"is_beta":false,"boss_relics":[],"items_purged_floors":[],"is_endless":false,"potions_floor_spawned":[3,4,5],"killed_by":"Lagavulin","ascension_level":12}}