{"host":"u7lm8z2rvb4dg2oo","time":1610593939,"event":{"mods":["AchievementEnabler","BaseMod","Bestiary","Block Reminder","Colored Map","Colored Powertips","Curses Come First","DeckTracker","Googly Eyes","Highlight Path","Minty Spire (QoL Compilation)","Quick Restart","StSLib"],"gold_per_floor":[115,115,128,49,60,89,99,99,99,125,125,144,119,132,132,258,258,272,290,290,390,8,8,49,49,49,65,89,123,138,152,152,273,273,292,306,325,325,658,689,317,345,393,393,393,393],"floor_reached":45,"language":"ENG","playtime":3699,"items_purged":["Regret","Injury"],"score":744,"play_id":"36f2be0e-1f84-4f53-9a75-a87469046d74","local_time":"20210113221219","is_ascension_mode":true,"campfire_choices":[{"floor":8.0,"key":"REST"},{"floor":15.0,"key":"REST"},{"data":"Accuracy","floor":23.0,"key":"SMITH"},{"data":"Finisher","floor":25.0,"key":"SMITH"},{"data":"Storm of Steel","floor":32.0,"key":"SMITH"},{"data":"Malaise","floor":44.0,"key":"SMITH"}],"circlet_count":0,"master_deck":["Strike_G","Strike_G","Strike_G","Strike_G","Strike_G","Defend_G","Defend_G","Defend_G","Defend_G","Defend_G","Survivor","Neutralize","Storm of Steel+1","PiercingWail","Accuracy+1","Bullet Time","Blade Dance","After Image","Finisher+1","Well Laid Plans","Cloak And Dagger","Deflect+1","Blade Dance","Accuracy+1","Caltrops+1","Malaise+1","Backstab+1","Madness","Madness","Deflect+1"],"relics":["Ring of the Snake","Letter Opener","Kunai","Ninja Scroll","HornCleat","Coffee Dripper","MutagenicStrength","Bronze Scales","Bag of Marbles","Snake Skull","Frozen Egg 2","Busted Crown","Omamori","Membership Card","Pear","Pantograph","Happy Flower"],"acts_visited":["TheBeyond"],"potions_floor_usage":[],"damage_taken":[{"damage":6.0,"enemies":"Jaw Worm","floor":1.0,"turns":5.0},{"damage":2.0,"enemies":"Small Slimes","floor":3.0,"turns":3.0},{"damage":1.0,"enemies":"Cultist","floor":5.0,"turns":3.0},{"damage":49.0,"enemies":"3 Sentries","floor":6.0,"turns":13.0},{"damage":5.0,"enemies":"Large Slime","floor":7.0,"turns":7.0},{"damage":15.0,"enemies":"Lagavulin","floor":10.0,"turns":8.0},{"damage":0.0,"enemies":"3 Louse","floor":12.0,"turns":3.0},{"damage":0.0,"enemies":"Red Slaver","floor":14.0,"turns":3.0},{"damage":8.0,"enemies":"Hexaghost","floor":16.0,"turns":8.0},{"damage":7.0,"enemies":"Shell Parasite","floor":18.0,"turns":6.0},{"damage":3.0,"enemies":"3 Byrds","floor":19.0,"turns":7.0},{"damage":22.0,"enemies":"Book of Stabbing","floor":24.0,"turns":6.0},{"damage":0.0,"enemies":"Centurion and Healer","floor":27.0,"turns":3.0},{"damage":0.0,"enemies":"Sentry and Sphere","floor":28.0,"turns":2.0},{"damage":0.0,"enemies":"Gremlin Leader","floor":29.0,"turns":1.0},{"damage":0.0,"enemies":"Chosen and Byrds","floor":30.0,"turns":3.0},{"damage":0.0,"enemies":"Shelled Parasite and Fungi","floor":31.0,"turns":3.0},{"damage":19.0,"enemies":"Champ","floor":33.0,"turns":13.0},{"damage":2.0,"enemies":"3 Darklings","floor":35.0,"turns":2.0},{"damage":0.0,"enemies":"Orb Walker","floor":36.0,"turns":2.0},{"damage":0.0,"enemies":"Writhing Mass","floor":37.0,"turns":1.0},{"damage":58.0,"enemies":"Giant Head","floor":40.0,"turns":9.0},{"damage":0.0,"enemies":"Reptomancer","floor":42.0,"turns":3.0},{"damage":16,"enemies":"Transient","floor":45,"turns":5}],"seed_played":"-3567763298313592492","potions_obtained":[{"floor":12.0,"key":"Energy Potion"},{"floor":14.0,"key":"PowerPotion"},{"floor":16.0,"key":"ColorlessPotion"},{"floor":18.0,"key":"SpeedPotion"},{"floor":24.0,"key":"ColorlessPotion"},{"floor":28.0,"key":"Block Potion"},{"floor":30.0,"key":"SkillPotion"},{"floor":31.0,"key":"Dexterity Potion"},{"floor":37.0,"key":"FairyPotion"},{"floor":40.0,"key":"SkillPotion"}],"is_trial":false,"path_per_floor":["M","?","M","$","M","E","M","R","T","E","?","M","?","M","R","B",null,"M","M","?","?","$","R","E","R","T","M","M","E","M","M","R","B",null,"M","M","M","?","?","E","$","E","T","R","M"],"character_chosen":"THE_SILENT","items_purchased":["Accuracy","Finisher","Bronze Scales","Well Laid Plans","Cloak And Dagger","Membership Card","Pear","EntropicBrew"],"campfire_rested":2,"item_purchase_floors":[4,22,22,22,22,41,41,41],"current_hp_per_floor":[64,64,62,62,61,12,7,28,28,13,13,13,13,13,34,26,59,52,49,49,49,49,49,27,27,27,27,27,27,27,27,27,8,55,53,53,53,44,44,11,21,21,21,21,5,5],"gold":393,"neow_bonus":"ONE_RANDOM_RARE_CARD","is_daily":false,"chose_seed":false,"campfire_upgraded":4,"win_rate":0.0,"timestamp":1610593939,"path_taken":["M","?","M","$","M","E","M","R","T","E","?","M","?","?","R","BOSS","M","M","?","?","$","R","E","R","T","M","?","E","M","M","R","BOSS","M","M","M","?","?","E","$","E","T","R","M"],"items_purchased_type":["Card","Card","Relic","Card","Card","Relic","Relic","Potion"],"build_version":"2020-12-22","purchased_purges":2,"victory":false,"max_hp_per_floor":[70,70,70,70,70,70,70,70,70,70,70,70,70,70,70,70,70,70,70,70,70,70,70,70,70,70,70,70,70,70,70,70,70,70,70,70,70,70,70,70,80,80,80,80,80,80],"card_choices":[{"not_picked":["Sucker Punch","Slice","Dagger Spray"],"picked":"SKIP","floor":1.0},{"not_picked":["Dodge and Roll","Riddle With Holes"],"picked":"PiercingWail","floor":3.0},{"not_picked":["Dagger Throw","Underhanded Strike","Tactician"],"picked":"SKIP","floor":5.0},{"not_picked":["Flying Knee","Flechettes"],"picked":"Bullet Time","floor":6.0},{"not_picked":["Prepared","Bouncing Flask","Quick Slash"],"picked":"SKIP","floor":7.0},{"not_picked":["Flying Knee","Bane","Escape Plan"],"picked":"SKIP","floor":10.0},{"not_picked":["PiercingWail","Dagger Spray"],"picked":"Blade Dance","floor":12.0},{"not_picked":["Quick Slash","Dagger Throw","Deflect"],"picked":"SKIP","floor":14.0},{"not_picked":["Corpse Explosion","A Thousand Cuts"],"picked":"After Image","floor":16.0},{"not_picked":["Deadly Poison","Bane","Slice"],"picked":"SKIP","floor":18.0},{"not_picked":["Sucker Punch","Deadly Poison+1","Concentrate"],"picked":"SKIP","floor":19.0},{"not_picked":["Sucker Punch","Concentrate+1"],"picked":"Deflect+1","floor":24.0},{"not_picked":["Endless Agony","Bane"],"picked":"Blade Dance","floor":27.0},{"not_picked":["Acrobatics","Dagger Spray"],"picked":"Accuracy+1","floor":28.0},{"not_picked":["Bullet Time","All Out Attack","Underhanded Strike"],"picked":"SKIP","floor":29.0},{"not_picked":["Endless Agony","Dagger Spray"],"picked":"Caltrops+1","floor":30.0},{"not_picked":["Well Laid Plans+1","Bane","Escape Plan"],"picked":"SKIP","floor":31.0},{"not_picked":["Storm of Steel","Glass Knife"],"picked":"Malaise","floor":33.0},{"not_picked":["All Out Attack"],"picked":"SKIP","floor":35.0},{"not_picked":[],"picked":"Backstab+1","floor":36.0},{"not_picked":["Calculated Gamble+1"],"picked":"SKIP","floor":37.0},{"not_picked":["Underhanded Strike"],"picked":"SKIP","floor":40.0},{"not_picked":[],"picked":"Deflect+1","floor":42.0}],"player_experience":979530,"relics_obtained":[{"floor":6.0,"key":"Kunai"},{"floor":9.0,"key":"Ninja Scroll"},{"floor":10.0,"key":"HornCleat"},{"floor":24.0,"key":"Bag of Marbles"},{"floor":26.0,"key":"Snake Skull"},{"floor":29.0,"key":"Frozen Egg 2"},{"floor":40.0,"key":"Omamori"},{"floor":42.0,"key":"Pantograph"},{"floor":43.0,"key":"Happy Flower"}],"event_choices":[{"damage_healed":0.0,"max_hp_gain":0.0,"max_hp_loss":0.0,"gold_gain":0.0,"event_name":"Big Fish","player_choice":"Box","floor":2.0,"gold_loss":0.0,"damage_taken":0.0,"relics_obtained":["Letter Opener"],"cards_obtained":["Regret"]},{"damage_healed":0.0,"max_hp_gain":0.0,"max_hp_loss":0.0,"gold_gain":0.0,"event_name":"Golden Idol","player_choice":"Take Wound","floor":11.0,"gold_loss":0.0,"damage_taken":0.0,"relics_obtained":["Golden Idol"],"cards_obtained":["Injury"]},{"damage_healed":0.0,"max_hp_gain":0.0,"max_hp_loss":0.0,"gold_gain":0.0,"event_name":"World of Goop","player_choice":"Left Gold","floor":13.0,"gold_loss":25.0,"damage_taken":0.0},{"damage_healed":0.0,"max_hp_gain":0.0,"max_hp_loss":0.0,"gold_gain":0.0,"event_name":"Drug Dealer","player_choice":"Inject Mutagens","floor":20.0,"gold_loss":0.0,"damage_taken":0.0,"relics_obtained":["MutagenicStrength"]},{"damage_healed":0.0,"max_hp_gain":0.0,"max_hp_loss":0.0,"gold_gain":100.0,"event_name":"Golden Shrine","player_choice":"Pray","floor":21.0,"gold_loss":0.0,"damage_taken":0.0},{"damage_healed":0.0,"max_hp_gain":0.0,"max_hp_loss":0.0,"gold_gain":0.0,"event_name":"Winding Halls","player_choice":"Embrace Madness","floor":38.0,"gold_loss":0.0,"damage_taken":9.0,"cards_obtained":["Madness","Madness"]},{"damage_healed":0.0,"max_hp_gain":0.0,"max_hp_loss":0.0,"gold_gain":333.0,"event_name":"The Moai Head","player_choice":"Gave Idol","floor":39.0,"relics_lost":["Golden Idol"],"gold_loss":0.0,"damage_taken":0.0}],"is_beta":false,"boss_relics":[{"not_picked":["Velvet Choker","Sozu"],"picked":"Coffee Dripper"},{"not_picked":["Runic Pyramid","Ring of the Serpent"],"picked":"Busted Crown"}],"items_purged_floors":[22,41],"is_endless":false,"potions_floor_spawned":[12,14,16,18,24,28,30,31,37,40],"killed_by":"Transient","ascension_level":5}}