{"host":"mai03x2ekbjy4059","time":1610599131,"event":{"mods":["2.2 Compatiblity","BaseMod","DeckTracker","Highlight Path","Keyboard Shortcuts","Minty Spire (QoL Compilation)","Permanent Neow","Quick Restart","SuperFastMode","everything is the same but u backflip on backflip"],"gold_per_floor":[119,134,134,149,149,176,176,201,248,264,281,312,312,326,326,403,403,419,419,419,438,453,507,507,507],"floor_reached":24,"language":"KOR","playtime":755,"items_purged":[],"score":579,"play_id":"71665723-24f0-40eb-ac97-4be3c29e0b64","local_time":"20210114133851","is_ascension_mode":true,"campfire_choices":[{"floor":7.0,"key":"REST"},{"data":"Fasting2","floor":15.0,"key":"SMITH"}],"circlet_count":0,"master_deck":["AscendersBane","Eruption","Vigilance","ThirdEye","CrushJoints+1","Protect","Fasting2+1","Wish","Crescendo","BowlingBash+1","Devotion","DeceiveReality","FearNoEvil+1","BowlingBash+1","Writhe","Wish"],"relics":["Snecko Eye","Molten Egg 2","Toy Ornithopter","Lantern","Shuriken","Du-Vu Doll","Pandora\u0027s Box","Mercury Hourglass","The Courier"],"acts_visited":["Exordium","TheCity"],"potions_floor_usage":[22],"damage_taken":[{"damage":0.0,"enemies":"Cultist","floor":1.0,"turns":2.0},{"damage":0.0,"enemies":"Small Slimes","floor":2.0,"turns":4.0},{"damage":4.0,"enemies":"Jaw Worm","floor":4.0,"turns":2.0},{"damage":35.0,"enemies":"Lagavulin","floor":6.0,"turns":5.0},{"damage":23.0,"enemies":"3 Sentries","floor":8.0,"turns":10.0},{"damage":0.0,"enemies":"Blue Slaver","floor":10.0,"turns":3.0},{"damage":2.0,"enemies":"Red Slaver","floor":11.0,"turns":2.0},{"damage":0.0,"enemies":"Lagavulin","floor":12.0,"turns":4.0},{"damage":0.0,"enemies":"Exordium Thugs","floor":14.0,"turns":2.0},{"damage":0.0,"enemies":"Slime Boss","floor":16.0,"turns":6.0},{"damage":6.0,"enemies":"Shell Parasite","floor":18.0,"turns":4.0},{"damage":7,"enemies":"2 Thieves","floor":21,"turns":4},{"damage":0,"enemies":"Sentry and Sphere","floor":22,"turns":4},{"damage":38,"enemies":"Slavers","floor":23,"turns":5},{"damage":0,"enemies":"Snake Plant","floor":24,"turns":1}],"seed_played":"-4286762373788891706","potions_obtained":[{"floor":4.0,"key":"SmokeBomb"},{"floor":10.0,"key":"ColorlessPotion"},{"floor":11.0,"key":"CultistPotion"},{"floor":16.0,"key":"SkillPotion"},{"floor":18.0,"key":"SpeedPotion"}],"is_trial":false,"path_per_floor":["M","M","?","M","?","E","R","E","T","M","M","E","?","M","R","B",null,"M","?","?","M","M","E","M"],"character_chosen":"WATCHER","items_purchased":[],"campfire_rested":1,"item_purchase_floors":[],"current_hp_per_floor":[61,61,61,57,50,15,35,12,12,12,10,20,9,9,9,9,53,47,47,47,40,45,7,7,7],"gold":507,"neow_bonus":"BOSS_RELIC","is_daily":false,"chose_seed":false,"campfire_upgraded":1,"win_rate":0.0,"timestamp":1610599131,"path_taken":["M","M","?","?","?","E","R","E","T","M","M","E","?","M","R","BOSS","M","?","?","?","M","E","M"],"items_purchased_type":[],"build_version":"2020-12-22","purchased_purges":0,"victory":false,"max_hp_per_floor":[68,68,68,68,68,68,68,68,68,68,68,68,68,68,68,68,68,68,68,68,68,68,68,68,68],"card_choices":[{"not_picked":["PathToVictory","Pray","EmptyBody"],"picked":"SKIP","floor":1.0},{"not_picked":["PathToVictory","FlyingSleeves","Crescendo"],"picked":"SKIP","floor":2.0},{"not_picked":["CutThroughFate","EmptyMind","EmptyFist"],"picked":"SKIP","floor":4.0},{"not_picked":["Pray","Wireheading"],"picked":"CrushJoints+1","floor":6.0},{"not_picked":["DeusExMachina","Collect","CrushJoints+1"],"picked":"SKIP","floor":8.0},{"not_picked":["CutThroughFate+1","EmptyFist+1"],"picked":"Protect","floor":10.0},{"not_picked":["Protect","ClearTheMind","EmptyFist+1"],"picked":"SKIP","floor":11.0},{"not_picked":["MasterReality","Prostrate","JustLucky+1"],"picked":"SKIP","floor":12.0},{"not_picked":["ClearTheMind","Adaptation"],"picked":"Fasting2","floor":14.0},{"not_picked":["Judgement","Brilliance+1"],"picked":"Wish","floor":16.0},{"not_picked":["MentalFortress","FollowUp+1","ThirdEye+1"],"picked":"SKIP","floor":18.0},{"not_picked":["FollowUp+1","Protect","FlurryOfBlows+1"],"picked":"SKIP","floor":21},{"not_picked":["FlurryOfBlows+1","LikeWater","Prostrate"],"picked":"SKIP","floor":22},{"not_picked":["FollowUp+1","EmptyBody","ClearTheMind"],"picked":"SKIP","floor":23}],"player_experience":985581,"relics_obtained":[{"floor":6.0,"key":"Molten Egg 2"},{"floor":8.0,"key":"Toy Ornithopter"},{"floor":9.0,"key":"Lantern"},{"floor":12.0,"key":"Shuriken"},{"floor":23,"key":"The Courier"}],"event_choices":[{"damage_healed":0.0,"max_hp_gain":0.0,"max_hp_loss":0.0,"gold_gain":0.0,"cards_transformed":["Strike_P"],"event_name":"Transmorgrifier","player_choice":"Transformed","floor":3.0,"gold_loss":0.0,"damage_taken":0.0,"cards_obtained":["ThirdEye"]},{"cards_removed":["Defend_P"],"damage_healed":0.0,"max_hp_gain":0.0,"max_hp_loss":0.0,"gold_gain":0.0,"event_name":"Golden Wing","player_choice":"Card Removal","floor":5.0,"gold_loss":0.0,"damage_taken":7.0},{"damage_healed":0.0,"max_hp_gain":0.0,"max_hp_loss":0.0,"gold_gain":0.0,"event_name":"Scrap Ooze","player_choice":"Success","floor":13.0,"gold_loss":0.0,"damage_taken":11.0,"relics_obtained":["Du-Vu Doll"]},{"damage_healed":0.0,"max_hp_gain":0.0,"max_hp_loss":0.0,"gold_gain":0.0,"event_name":"The Mausoleum","player_choice":"Opened","floor":19.0,"gold_loss":0.0,"damage_taken":0.0,"relics_obtained":["Mercury Hourglass"],"cards_obtained":["Writhe"]},{"damage_healed":0.0,"max_hp_gain":0.0,"max_hp_loss":0.0,"gold_gain":0.0,"event_name":"Duplicator","player_choice":"Copied","floor":20.0,"gold_loss":0.0,"damage_taken":0.0,"cards_obtained":["Wish"]}],"is_beta":false,"boss_relics":[{"not_picked":["Philosopher\u0027s Stone","Empty Cage"],"picked":"Pandora\u0027s Box"}],"items_purged_floors":[],"is_endless":false,"potions_floor_spawned":[4,10,11,16,18],"killed_by":"Snake Plant","ascension_level":17}}