{"host":"xt797mi8yhee06c1","time":1610635500,"event":{"mods":["BaseMod","Bestiary","Koishi","Marisa£¨Ùöéë¡¡Øª×âÞÞ£©","Minty Spire (QoL Compilation)","Poor People Problems","Prisma Mod","Relic Filter","Shop Mod","Spicy Shops","StSLib","The Marked","The Servant 0.9.4","WarShipGirlsR/??á´Ò³R mod"],"gold_per_floor":[116,126,126,145,145,145,67,95,119,136,152,187,44,89,89,188,238,250,230,24,40,40,73,73,102,102,137,168,180,227,239,251,359,371,398,410,422,454,476,521,547,559,646,671,733,777,804,250,250,250,250,250,73,103,103,103],"floor_reached":55,"language":"KOR","playtime":5156,"items_purged":[],"score":1032,"play_id":"fe1d8aef-d98e-4dbe-bcfd-589f59a851b1","local_time":"20210114234500","is_ascension_mode":true,"campfire_choices":[{"data":"PrismaMod:ChloeCheapAttack","floor":6.0,"key":"SMITH"},{"floor":15.0,"key":"REST"},{"data":"PrismaMod:ChloeUnlimitedBladeWorks","floor":24.0,"key":"SMITH"},{"floor":29.0,"key":"RECALL"},{"data":"PrismaMod:ChloeRuleBreaker","floor":32.0,"key":"SMITH"},{"data":"PrismaMod:ChloeAnyPowerTrace","floor":42.0,"key":"SMITH"},{"data":"PrismaMod:ChloeMordred","floor":49.0,"key":"SMITH"},{"data":"PrismaMod:ChloeMaid","floor":52.0,"key":"SMITH"}],"circlet_count":0,"master_deck":["PrismaMod:ChloeCommonAttack","PrismaMod:ChloeCommonAttack","PrismaMod:ChloeCommonAttack+1","PrismaMod:ChloeCommonAttack","PrismaMod:ChloeCommonAttack","PrismaMod:ChloeCommonDefend","PrismaMod:ChloeCommonDefend","PrismaMod:ChloeCommonDefend","PrismaMod:ChloeCommonDefend","PrismaMod:ChloeCommonDefend","PrismaMod:ChloeCheapAttack","PrismaMod:ChloeCheapDefend","PrismaMod:ChloeCheapAttack+1","PrismaMod:ChloeMaid+1","PrismaMod:ChloeCheapAttackTwo+1","PrismaMod:ChloeCommonAOEAttack","PrismaMod:ChloeMaid","PrismaMod:ChloeRuleBreaker+1","PrismaMod:ChloeMordred","PrismaMod:ChloeExhaustThree","PrismaMod:ChloeCarnivalDefend+1","PrismaMod:ChloeGaeBolg","PrismaMod:ChloeCheapAttackTwo+1","PrismaMod:ChloeCheapAttackTwo","PrismaMod:ChloeCheapAttack","PrismaMod:ChloeUnlimitedBladeWorks+1","PrismaMod:ChloeCaladbolg","PrismaMod:ChloeDiscardRecovery","PrismaMod:ChloeMordred+1","PrismaMod:ChloeMaid+1","PrismaMod:ChloeRitsuka+1","PrismaMod:ChloeMaid+1","PrismaMod:ChloeAnyPowerTrace+1","PrismaMod:ChloeEyeOfTheEuryale","PrismaMod:ChloeRhongomyniad+1","PrismaMod:ChloeExcalibur+1","PrismaMod:ChloeUnlimitedBladeWorks","PrismaMod:ChloeDemonicTutor","PrismaMod:ChloeChristmas+1"],"relics":["PrismaMod:PrismaTraceOn","Medical Kit","Kunai","MealTicket","Tiny Chest","Ancient Tea Set","Akabeko","Tiny House","Ornamental Fan","Whetstone","Art of War","MawBank","CaptainsWheel","Bag of Preparation","Sozu","Bottled Flame","StrikeDummy","Ginger","Unceasing Top","Strange Spoon","Strange Spoon","Sundial","Calipers"],"acts_visited":["Exordium","TheCity","TheBeyond","TheEnding"],"potions_floor_usage":[55],"damage_taken":[{"damage":0.0,"enemies":"Cultist","floor":1.0,"turns":4.0},{"damage":0.0,"enemies":"2 Louse","floor":2.0,"turns":2.0},{"damage":0.0,"enemies":"Jaw Worm","floor":4.0,"turns":2.0},{"damage":37.0,"enemies":"3 Sentries","floor":8.0,"turns":11.0},{"damage":14.0,"enemies":"Exordium Thugs","floor":10.0,"turns":3.0},{"damage":0.0,"enemies":"Looter","floor":11.0,"turns":4.0},{"damage":18.0,"enemies":"Lagavulin","floor":12.0,"turns":5.0},{"damage":32.0,"enemies":"The Guardian","floor":16.0,"turns":6.0},{"damage":8.0,"enemies":"Chosen","floor":18.0,"turns":4.0},{"damage":7.0,"enemies":"Spheric Guardian","floor":21.0,"turns":3.0},{"damage":36.0,"enemies":"Gremlin Leader","floor":23.0,"turns":7.0},{"damage":9.0,"enemies":"Book of Stabbing","floor":25.0,"turns":5.0},{"damage":16.0,"enemies":"Gremlin Leader","floor":27.0,"turns":6.0},{"damage":34.0,"enemies":"Snecko","floor":28.0,"turns":6.0},{"damage":0.0,"enemies":"Slavers","floor":30.0,"turns":3.0},{"damage":0.0,"enemies":"Champ","floor":33.0,"turns":5.0},{"damage":11.0,"enemies":"3 Shapes","floor":35.0,"turns":9.0},{"damage":16.0,"enemies":"Orb Walker","floor":38.0,"turns":3.0},{"damage":13.0,"enemies":"4 Shapes","floor":39.0,"turns":2.0},{"damage":3.0,"enemies":"Reptomancer","floor":40.0,"turns":6.0},{"damage":59.0,"enemies":"Writhing Mass","floor":41.0,"turns":9.0},{"damage":14.0,"enemies":"Spire Growth","floor":44.0,"turns":5.0},{"damage":14.0,"enemies":"Mind Bloom Boss Battle","floor":45.0,"turns":6.0},{"damage":9.0,"enemies":"Nemesis","floor":46.0,"turns":5.0},{"damage":17.0,"enemies":"Jaw Worm Horde","floor":47.0,"turns":6.0},{"damage":20.0,"enemies":"Time Eater","floor":50.0,"turns":7.0},{"damage":44.0,"enemies":"Shield and Spear","floor":54.0,"turns":5.0},{"damage":83,"enemies":"The Heart","floor":55,"turns":5}],"seed_played":"-2682485761568955593","potions_obtained":[{"floor":1.0,"key":"Dexterity Potion"},{"floor":8.0,"key":"ColorlessPotion"},{"floor":10.0,"key":"Strength Potion"},{"floor":11.0,"key":"Fire Potion"},{"floor":17.0,"key":"Swift Potion"},{"floor":25.0,"key":"EntropicBrew"},{"floor":27.0,"key":"PowerPotion"}],"is_trial":false,"path_per_floor":["M","M","$","M","?","R","$","E","T","M","M","E","$","T","R","B",null,"M","?","$","M","$","E","R","E","T","E","M","R","E","T","R","B",null,"M","?","$","M","M","E","M","R","T","M","?","E","M","$","R","B",null,"R","$","E","B"],"character_chosen":"CHLOE","items_purchased":["Medical Kit","Ancient Tea Set","Ornamental Fan","PrismaMod:ChloeCaladbolg","Strange Spoon","Strange Spoon","Sundial","PrismaMod:ChloeUnlimitedBladeWorks","PrismaMod:ChloeDemonicTutor"],"campfire_rested":1,"item_purchase_floors":[7,13,20,20,48,48,48,53,53],"current_hp_per_floor":[75,75,75,75,75,75,75,38,38,24,24,6,21,21,43,18,80,75,75,83,83,83,66,66,67,67,79,69,69,79,79,79,79,90,89,86,90,74,68,86,90,90,90,90,90,90,90,90,90,90,90,90,90,81,0,0],"gold":103,"neow_bonus":"THREE_CARDS","is_daily":false,"chose_seed":false,"campfire_upgraded":6,"win_rate":0.0,"timestamp":1610635500,"path_taken":["M","M","$","?","?","R","?","E","T","?","M","E","$","?","R","BOSS","M","?","?","M","$","E","R","E","T","E","M","R","E","?","R","BOSS","M","?","$","M","?","E","M","R","T","M","?","E","M","$","R","BOSS","R","$","E","BOSS"],"items_purchased_type":["Relic","Relic","Relic","Card","Relic","Relic","Relic","Card","Card"],"build_version":"2020-12-22","purchased_purges":0,"victory":false,"max_hp_per_floor":[75,75,75,75,75,75,75,75,75,75,75,75,75,75,75,75,80,83,83,83,83,83,86,86,86,86,90,90,90,90,90,90,90,90,90,90,90,90,90,90,90,90,90,90,90,90,90,90,90,90,90,90,90,90,90,90],"card_choices":[{"not_picked":["PrismaMod:ChloeDiscardRecovery","PrismaMod:ChloeDemonicTutor"],"picked":"PrismaMod:ChloeCheapAttack","floor":0.0},{"not_picked":["PrismaMod:ChloeCommonAOEAttack","PrismaMod:ChloeUncommonAOEAttack"],"picked":"PrismaMod:ChloeMaid","floor":1.0},{"not_picked":["PrismaMod:ChloeUncommonAttack","PrismaMod:ChloeCheapDefend"],"picked":"PrismaMod:ChloeCheapAttackTwo","floor":2.0},{"not_picked":["PrismaMod:ChloeBetterTracePools","PrismaMod:ChloeRuleBreaker"],"picked":"PrismaMod:ChloeCommonAOEAttack","floor":4.0},{"not_picked":["PrismaMod:ChloeCheapAttackTwo","PrismaMod:ChloeCheapDefend"],"picked":"PrismaMod:ChloeMaid","floor":8.0},{"not_picked":["PrismaMod:ChloeCheapDefend","PrismaMod:ChloeDiscardRecovery"],"picked":"PrismaMod:ChloeRuleBreaker","floor":10.0},{"not_picked":["PrismaMod:ChloeCommonAOEAttack","PrismaMod:ChloeCheapDefend"],"picked":"PrismaMod:ChloeMordred","floor":11.0},{"not_picked":["PrismaMod:ChloeCheapDefendTwo","PrismaMod:ChloeCheapDefend"],"picked":"PrismaMod:ChloeExhaustThree","floor":12.0},{"not_picked":["PrismaMod:ChloeHalloween","PrismaMod:ChloeReshuffleDiscard"],"picked":"PrismaMod:ChloeCarnivalDefend","floor":16.0},{"not_picked":["PrismaMod:ChloeExhaustOne","PrismaMod:ChloeRuleBreaker"],"picked":"PrismaMod:ChloeGaeBolg","floor":17.0},{"not_picked":["PrismaMod:ChloeUncommonAttack","PrismaMod:ChloeCheapAttack"],"picked":"PrismaMod:ChloeCheapAttackTwo+1","floor":18.0},{"not_picked":[],"picked":"PrismaMod:ChloeCheapAttackTwo","floor":19.0},{"not_picked":[],"picked":"PrismaMod:ChloeCheapAttack","floor":19.0},{"not_picked":[],"picked":"PrismaMod:ChloeUnlimitedBladeWorks","floor":19.0},{"not_picked":["PrismaMod:ChloeCheapDefend","PrismaMod:ChloeCarnivalAOEAttack"],"picked":"PrismaMod:ChloeDiscardRecovery","floor":21.0},{"not_picked":["PrismaMod:ChloeExhaustOne","PrismaMod:ChloeExcalibur"],"picked":"PrismaMod:ChloeMordred","floor":23.0},{"not_picked":["PrismaMod:ChloeUncommonAttack+1","PrismaMod:ChloeExhaustOne+1"],"picked":"PrismaMod:ChloeMaid","floor":25.0},{"not_picked":["PrismaMod:ChloeCheapAttack","PrismaMod:ChloeBetterTracePools"],"picked":"PrismaMod:ChloeRitsuka+1","floor":27.0},{"not_picked":["PrismaMod:ChloeUncommonAttack","PrismaMod:ChloeDiscardRecovery","PrismaMod:ChloeExhaustOne"],"picked":"SKIP","floor":28.0},{"not_picked":["PrismaMod:ChloeExhaustOne","PrismaMod:ChloeGaeBolg"],"picked":"PrismaMod:ChloeMaid+1","floor":30.0},{"not_picked":["PrismaMod:ChloeReshuffleDiscard","PrismaMod:ChloeHalloween"],"picked":"PrismaMod:ChloeAnyPowerTrace","floor":33.0},{"not_picked":["PrismaMod:ChloeDiscardRecovery","PrismaMod:ChloeCheapDefend+1","PrismaMod:ChloeCheapDefendTwo+1"],"picked":"SKIP","floor":35.0},{"not_picked":["PrismaMod:ChloeBetterTracePools","PrismaMod:ChloeUncommonDefend+1"],"picked":"PrismaMod:ChloeEyeOfTheEuryale","floor":38.0},{"not_picked":["PrismaMod:ChloeCommonAOEAttack+1","PrismaMod:ChloeCheapAttack"],"picked":"PrismaMod:ChloeRhongomyniad+1","floor":39.0},{"not_picked":["PrismaMod:ChloeCheapAttackTwo","PrismaMod:ChloeRhongomyniad+1"],"picked":"PrismaMod:ChloeExcalibur+1","floor":40.0},{"not_picked":["PrismaMod:ChloeCheapAttack+1","PrismaMod:ChloeExhaustOne","PrismaMod:ChloeDiscardRecovery+1"],"picked":"SKIP","floor":41.0},{"not_picked":["PrismaMod:ChloeCheapDefend+1","PrismaMod:ChloeCheapAttackTwo+1","PrismaMod:ChloeRhongomyniad+1"],"picked":"SKIP","floor":44.0},{"not_picked":["PrismaMod:ChloeGaeBolg","PrismaMod:ChloeBetterTracePools+1","PrismaMod:ChloeUncommonAttack+1"],"picked":"SKIP","floor":46.0},{"not_picked":["PrismaMod:ChloeExhaustTwo+1","PrismaMod:ChloeUncommonAttack","PrismaMod:ChloeDiscardRecovery+1"],"picked":"SKIP","floor":47.0},{"not_picked":["PrismaMod:ChloeCheapAttack+1","PrismaMod:ChloeDiscardRecovery+1"],"picked":"PrismaMod:ChloeChristmas+1","floor":54.0}],"player_experience":362460,"relics_obtained":[{"floor":8.0,"key":"Kunai"},{"floor":9.0,"key":"MealTicket"},{"floor":12.0,"key":"Tiny Chest"},{"floor":14.0,"key":"Akabeko"},{"floor":23.0,"key":"Whetstone"},{"floor":25.0,"key":"Art of War"},{"floor":27.0,"key":"MawBank"},{"floor":30.0,"key":"CaptainsWheel"},{"floor":31.0,"key":"Bag of Preparation"},{"floor":40.0,"key":"Bottled Flame"},{"floor":43.0,"key":"StrikeDummy"},{"floor":45.0,"key":"Ginger"},{"floor":46.0,"key":"Unceasing Top"},{"floor":54.0,"key":"Calipers"}],"event_choices":[{"damage_healed":0.0,"max_hp_gain":0.0,"max_hp_loss":0.0,"gold_gain":0.0,"event_name":"Upgrade Shrine","player_choice":"Upgraded","floor":5.0,"gold_loss":0.0,"damage_taken":0.0,"cards_upgraded":["PrismaMod:ChloeMaid"]},{"damage_healed":0.0,"max_hp_gain":0.0,"max_hp_loss":0.0,"gold_gain":0.0,"event_name":"Designer","player_choice":"Punched","floor":36.0,"gold_loss":0.0,"damage_taken":3.0},{"damage_healed":0.0,"max_hp_gain":0.0,"max_hp_loss":0.0,"gold_gain":0.0,"event_name":"MindBloom","player_choice":"Fight","floor":45.0,"gold_loss":0.0,"damage_taken":0.0}],"is_beta":false,"boss_relics":[{"not_picked":["Ectoplasm","Coffee Dripper"],"picked":"Tiny House"},{"not_picked":["Pandora\u0027s Box","Black Star"],"picked":"Sozu"}],"items_purged_floors":[],"is_endless":false,"potions_floor_spawned":[1,8,10,11,25,27,28,39,40,41,46],"killed_by":"The Heart","ascension_level":1}}