{"host":"t0r9wuv4zaiwets7","time":1610604394,"event":{"mods":["AchievementEnabler","BaseMod","Bestiary","Colored Map","Colored Powertips","Highlight Path","Minty Spire (QoL Compilation)","StSLib"],"gold_per_floor":[114,134,146,146,146,146,173,20,46,57,57,72,147,181,181,284,284,284,209,179,179,179,179,179,179,179,179,179,179,179,179,179,179,179,179,139,139,139,139,139,0,0,0,0,0,0,0,0,0,0],"floor_reached":51,"language":"ENG","playtime":2294,"items_purged":[],"score":874,"play_id":"872f4237-4061-4fee-8890-f6b84fe78e7c","local_time":"20210113220634","is_ascension_mode":true,"campfire_choices":[{"data":"Bludgeon","floor":6,"key":"SMITH"},{"data":"Shockwave","floor":11,"key":"SMITH"},{"data":"Flex","floor":15,"key":"SMITH"},{"data":"Exhume","floor":24,"key":"SMITH"},{"data":"Brutality","floor":32,"key":"SMITH"},{"data":"Berserk","floor":40,"key":"SMITH"},{"data":"Fiend Fire","floor":42,"key":"SMITH"},{"floor":49,"key":"REST"}],"circlet_count":0,"master_deck":["Strike_R","Strike_R","Strike_R","Defend_R","Defend_R","Defend_R","Defend_R","Bash","Bludgeon+1","Iron Wave","Flex+1","Armaments+1","Shockwave+1","Flame Barrier","Iron Wave","Cleave","Exhume+1","Battle Trance","Carnage+1","Cleave+1","Berserk+1","Brutality+1","Iron Wave+1","Shockwave","Fiend Fire+1","Cleave+1","Dark Embrace+1","Dropkick","Secret Technique","Madness","Bandage Up","Warcry+1"],"relics":["Black Blood","Bronze Scales","ClockworkSouvenir","Tiny Chest","Bag of Marbles","Ectoplasm","Bag of Preparation","Gremlin Horn","Regal Pillow","Happy Flower","Mummified Hand","Charon\u0027s Ashes","Orichalcum","Red Mask","HornCleat","Oddly Smooth Stone","StrikeDummy"],"acts_visited":["Exordium","TheCity","TheBeyond"],"potions_floor_usage":[10,25,50,50,50],"damage_taken":[{"damage":0,"enemies":"Cultist","floor":1,"turns":2},{"damage":12,"enemies":"Jaw Worm","floor":2,"turns":2},{"damage":4,"enemies":"2 Louse","floor":3,"turns":3},{"damage":8,"enemies":"Gremlin Nob","floor":7,"turns":3},{"damage":12,"enemies":"Gremlin Gang","floor":10,"turns":4},{"damage":4,"enemies":"3 Louse","floor":12,"turns":4},{"damage":15,"enemies":"Lagavulin","floor":14,"turns":5},{"damage":34,"enemies":"Hexaghost","floor":16,"turns":7},{"damage":0,"enemies":"Chosen","floor":18,"turns":4},{"damage":6,"enemies":"2 Thieves","floor":20,"turns":3},{"damage":3,"enemies":"3 Cultists","floor":22,"turns":3},{"damage":21,"enemies":"Slavers","floor":23,"turns":4},{"damage":11,"enemies":"Gremlin Leader","floor":25,"turns":3},{"damage":9,"enemies":"Book of Stabbing","floor":29,"turns":2},{"damage":7,"enemies":"Cultist and Chosen","floor":30,"turns":3},{"damage":1,"enemies":"Centurion and Healer","floor":31,"turns":2},{"damage":30,"enemies":"Automaton","floor":33,"turns":7},{"damage":1,"enemies":"3 Darklings","floor":35,"turns":2},{"damage":2,"enemies":"3 Shapes","floor":37,"turns":2},{"damage":31,"enemies":"Writhing Mass","floor":38,"turns":4},{"damage":18,"enemies":"3 Darklings","floor":45,"turns":3},{"damage":4,"enemies":"Transient","floor":47,"turns":5},{"damage":22,"enemies":"Reptomancer","floor":48,"turns":4},{"damage":55,"enemies":"Awakened One","floor":50,"turns":11}],"seed_played":"5801980664852087948","potions_obtained":[{"floor":3,"key":"Weak Potion"},{"floor":7,"key":"Energy Potion"},{"floor":14,"key":"FearPotion"},{"floor":16,"key":"Dexterity Potion"},{"floor":18,"key":"DistilledChaos"},{"floor":25,"key":"FearPotion"},{"floor":31,"key":"SkillPotion"},{"floor":33,"key":"Ancient Potion"},{"floor":36,"key":"SpeedPotion"},{"floor":45,"key":"HeartOfIron"}],"is_trial":false,"path_per_floor":["M","M","M","?","?","R","E","$","T","M","R","M","?","E","R","B",null,"M","?","M","T","M","E","R","E","T","?","T","E","M","M","R","B",null,"M","?","M","M","T","R","?","R","T","?","M","T","M","E","R","B",null],"character_chosen":"IRONCLAD","items_purchased":["ClockworkSouvenir"],"campfire_rested":1,"item_purchase_floors":[8],"current_hp_per_floor":[80,74,76,76,76,76,74,74,74,68,68,70,59,50,50,22,80,80,80,80,80,80,65,65,60,60,45,45,42,41,46,46,22,85,85,85,85,66,66,66,66,66,66,56,54,54,66,60,85,42],"gold":0,"neow_bonus":"ONE_RANDOM_RARE_CARD","is_daily":false,"chose_seed":false,"campfire_upgraded":7,"win_rate":0.0,"timestamp":1610604394,"path_taken":["M","M","?","?","?","R","E","$","T","?","R","M","?","E","R","BOSS","M","?","M","?","M","E","R","E","T","?","?","E","M","M","R","BOSS","M","?","M","M","?","R","?","R","T","?","?","?","?","E","R","BOSS"],"items_purchased_type":["Relic"],"build_version":"2020-12-22","purchased_purges":0,"victory":true,"max_hp_per_floor":[80,80,80,80,80,80,80,80,80,80,80,80,80,80,80,80,80,80,80,80,80,80,80,80,80,80,85,85,85,85,85,85,85,85,85,85,85,85,85,85,85,85,85,85,85,85,85,85,85,85],"card_choices":[{"not_picked":["Havoc","Heavy Blade"],"picked":"Iron Wave","floor":1},{"not_picked":["Anger","Feel No Pain"],"picked":"Flex","floor":2},{"not_picked":["Searing Blow","Thunderclap"],"picked":"Armaments","floor":3},{"not_picked":["Clash","Twin Strike"],"picked":"Shockwave","floor":7},{"not_picked":["Perfected Strike","Whirlwind"],"picked":"Flame Barrier","floor":10},{"not_picked":["Sentinel","Uppercut"],"picked":"Iron Wave","floor":12},{"not_picked":["Rupture","Carnage"],"picked":"Cleave","floor":14},{"not_picked":["Bludgeon","Fiend Fire"],"picked":"Exhume","floor":16},{"not_picked":["Pummel+1","Cleave+1"],"picked":"Battle Trance","floor":18},{"not_picked":["Sword Boomerang","Fire Breathing","Cleave"],"picked":"SKIP","floor":20},{"not_picked":["Cleave","Perfected Strike"],"picked":"Carnage+1","floor":22},{"not_picked":["Pommel Strike","Burning Pact"],"picked":"Cleave+1","floor":23},{"not_picked":["Pommel Strike+1","Twin Strike"],"picked":"Berserk","floor":25},{"not_picked":["Thunderclap","Twin Strike"],"picked":"Brutality","floor":29},{"not_picked":["Sword Boomerang","Warcry"],"picked":"Iron Wave+1","floor":30},{"not_picked":["Anger","Headbutt"],"picked":"Shockwave","floor":31},{"not_picked":["Brutality","Offering"],"picked":"Fiend Fire","floor":33},{"not_picked":["Armaments","Flex"],"picked":"Cleave+1","floor":35},{"not_picked":["Twin Strike+1","Flex"],"picked":"Dark Embrace+1","floor":37},{"not_picked":["True Grit","Anger+1"],"picked":"Dropkick","floor":38},{"not_picked":["Enlightenment","Deep Breath"],"picked":"Secret Technique","floor":44},{"not_picked":["Enlightenment","Jack Of All Trades"],"picked":"Madness","floor":44},{"not_picked":["Good Instincts","Trip"],"picked":"Bandage Up","floor":44},{"not_picked":["Clash+1","Cleave+1"],"picked":"Warcry+1","floor":45},{"not_picked":["Flex","Body Slam+1","Perfected Strike"],"picked":"SKIP","floor":47},{"not_picked":["Thunderclap+1","Sword Boomerang","True Grit"],"picked":"SKIP","floor":48}],"player_experience":161308,"relics_obtained":[{"floor":7,"key":"Bronze Scales"},{"floor":9,"key":"Tiny Chest"},{"floor":14,"key":"Bag of Marbles"},{"floor":21,"key":"Bag of Preparation"},{"floor":23,"key":"Gremlin Horn"},{"floor":25,"key":"Regal Pillow"},{"floor":26,"key":"Happy Flower"},{"floor":28,"key":"Mummified Hand"},{"floor":29,"key":"Charon\u0027s Ashes"},{"floor":39,"key":"Orichalcum"},{"floor":43,"key":"HornCleat"},{"floor":46,"key":"Oddly Smooth Stone"},{"floor":48,"key":"StrikeDummy"}],"event_choices":[{"damage_healed":0,"gold_gain":0,"player_choice":"Grow","damage_taken":0,"max_hp_gain":0,"max_hp_loss":0,"event_name":"Living Wall","floor":4,"gold_loss":0,"cards_upgraded":["Armaments"]},{"cards_removed":["Strike_R"],"damage_healed":0,"gold_gain":0,"player_choice":"Offered Basic","damage_taken":0,"max_hp_gain":0,"max_hp_loss":0,"event_name":"Bonfire Elementals","floor":5,"gold_loss":0},{"damage_healed":0,"gold_gain":75,"player_choice":"Gather Gold","damage_taken":11,"max_hp_gain":0,"max_hp_loss":0,"event_name":"World of Goop","floor":13,"gold_loss":0},{"cards_removed":["Strike_R"],"damage_healed":0,"gold_gain":0,"player_choice":"Gave Gold","damage_taken":0,"max_hp_gain":0,"max_hp_loss":0,"event_name":"Beggar","floor":19,"gold_loss":75},{"damage_healed":0,"gold_gain":0,"player_choice":"Shed Blood","damage_taken":20,"max_hp_gain":5,"max_hp_loss":0,"event_name":"Forgotten Altar","floor":27,"gold_loss":0},{"damage_healed":0,"gold_gain":0,"player_choice":"Bought 3 Potions","damage_taken":0,"max_hp_gain":0,"max_hp_loss":0,"event_name":"The Woman in Blue","floor":36,"gold_loss":0},{"damage_healed":0,"gold_gain":0,"player_choice":"Paid","damage_taken":0,"relics_obtained":["Red Mask"],"max_hp_gain":0,"max_hp_loss":0,"event_name":"Tomb of Lord Red Mask","floor":41,"gold_loss":139},{"damage_healed":0,"gold_gain":0,"player_choice":"Memory 3","damage_taken":10,"max_hp_gain":0,"max_hp_loss":0,"event_name":"SensoryStone","floor":44,"gold_loss":0}],"is_beta":false,"boss_relics":[{"not_picked":["Tiny House","Black Star"],"picked":"Ectoplasm"},{"not_picked":["Snecko Eye","Busted Crown"],"picked":"Black Blood"}],"items_purged_floors":[],"is_endless":false,"potions_floor_spawned":[3,7,14,16,18,25,31,33,37,45,47],"ascension_level":3}}