{"host":"oigynbtg272c19pw","time":1610617035,"event":{"mods":["BaseMod","Colored Map","Minty Spire (QoL Compilation)","Relic Stats","StSLib"],"gold_per_floor":[119,136,19,19,33,33,47,74,74,74,100,25,52,72,72,149,149,169,169,181,106,6,6,0,34,113,113,113,113],"floor_reached":28,"playtime":1364,"items_purged":["Strike_R","Strike_R"],"score":608,"play_id":"caec00d2-61e0-491f-82ca-82fe67d97284","local_time":"20210114103715","is_ascension_mode":true,"campfire_choices":[{"data":"Inflame","floor":6.0,"key":"SMITH"},{"data":"Disarm","floor":15.0,"key":"SMITH"},{"data":"Shockwave","floor":23.0,"key":"SMITH"},{"data":"Second Wind","floor":27,"key":"SMITH"}],"circlet_count":0,"master_deck":["AscendersBane","Defend_R+1","Defend_R","Defend_R+1","Defend_R","Bash","Disarm+1","Anger+1","Inflame+1","Pummel","Pommel Strike+1","Second Wind+1","Limit Break","Shockwave+1","Impervious","Shrug It Off"],"relics":["Burning Blood","War Paint","Torii","StoneCalendar","InkBottle","Paper Frog","Snecko Eye","Whetstone","White Beast Statue"],"acts_visited":["Exordium","TheCity"],"potions_floor_usage":[25],"damage_taken":[{"damage":0.0,"enemies":"Cultist","floor":1.0,"turns":3.0},{"damage":13.0,"enemies":"Small Slimes","floor":2.0,"turns":5.0},{"damage":6.0,"enemies":"2 Louse","floor":5.0,"turns":4.0},{"damage":4.0,"enemies":"Looter","floor":7.0,"turns":3.0},{"damage":8.0,"enemies":"Gremlin Nob","floor":8.0,"turns":3.0},{"damage":31.0,"enemies":"3 Sentries","floor":11.0,"turns":7.0},{"damage":32.0,"enemies":"Gremlin Nob","floor":13.0,"turns":4.0},{"damage":1.0,"enemies":"3 Louse","floor":14.0,"turns":3.0},{"damage":0.0,"enemies":"Hexaghost","floor":16.0,"turns":7.0},{"damage":13.0,"enemies":"Chosen","floor":18.0,"turns":5.0},{"damage":3.0,"enemies":"3 Byrds","floor":20.0,"turns":7.0},{"damage":18,"enemies":"Gremlin Leader","floor":25,"turns":8},{"damage":54,"enemies":"Slavers","floor":28,"turns":6}],"seed_played":"2767177988313777528","potions_obtained":[{"floor":1.0,"key":"ColorlessPotion"},{"floor":2.0,"key":"LiquidBronze"},{"floor":11.0,"key":"LiquidMemories"},{"floor":13.0,"key":"Weak Potion"}],"is_trial":false,"path_per_floor":["M","M","$","?","M","R","M","E","T","?","E","?","E","M","R","B",null,"M","?","M","?","$","R","?","E","T","R","E"],"character_chosen":"IRONCLAD","items_purchased":["Inflame"],"campfire_rested":0,"item_purchase_floors":[3],"current_hp_per_floor":[74,67,67,72,72,72,74,72,72,72,47,47,21,26,26,32,68,61,61,64,64,64,64,64,52,52,52,0,0],"gold":113,"neow_bonus":"RANDOM_COMMON_RELIC","is_daily":false,"chose_seed":false,"campfire_upgraded":4,"win_rate":0.0,"timestamp":1610617035,"path_taken":["M","?","?","?","M","R","M","E","T","?","E","?","E","M","R","BOSS","M","?","M","?","$","R","?","E","T","R","E"],"items_purchased_type":["Card"],"build_version":"2020-12-13","purchased_purges":2,"victory":false,"max_hp_per_floor":[75,75,75,80,80,80,80,80,80,80,80,80,80,80,80,80,80,80,80,80,80,80,80,80,80,80,80,80,80],"relic_stats":{"Torii":33,"counters":[13,65],"Snecko Eye":[47,40,42,47],"StoneCalendar":[152],"Whetstone":["Anger","Pommel Strike"],"War Paint":["Defend_R","Defend_R"],"obtain_stats":[{"Torii":8,"Snecko Eye":17,"StoneCalendar":9,"Whetstone":25,"War Paint":0,"Burning Blood":0,"InkBottle":11,"White Beast Statue":26,"Paper Frog":13},{"Torii":5,"Snecko Eye":9,"StoneCalendar":5,"Whetstone":12,"War Paint":0,"Burning Blood":0,"InkBottle":6,"White Beast Statue":12,"Paper Frog":7},{"Torii":18,"Snecko Eye":39,"StoneCalendar":18,"Whetstone":59,"War Paint":0,"Burning Blood":0,"InkBottle":25,"White Beast Statue":59,"Paper Frog":29}],"Burning Blood":72,"InkBottle":[10]},"card_choices":[{"not_picked":["Shockwave","True Grit"],"picked":"Disarm","floor":1.0},{"not_picked":["Twin Strike","Headbutt"],"picked":"Anger","floor":2.0},{"not_picked":["Havoc","Anger"],"picked":"Pummel","floor":5.0},{"not_picked":["Body Slam","Headbutt"],"picked":"Pommel Strike","floor":7.0},{"not_picked":["Dual Wield","Havoc"],"picked":"Second Wind","floor":8.0},{"not_picked":["Rupture","Rampage"],"picked":"Limit Break","floor":11.0},{"not_picked":["Blood for Blood","Dual Wield"],"picked":"Shockwave","floor":13.0},{"not_picked":["Anger","Fire Breathing","Sword Boomerang"],"picked":"SKIP","floor":14.0},{"not_picked":["Limit Break","Demon Form"],"picked":"Impervious","floor":16.0},{"not_picked":["Ghostly Armor+1","Power Through"],"picked":"Shrug It Off","floor":18.0},{"not_picked":["Seeing Red","Whirlwind","Infernal Blade"],"picked":"SKIP","floor":20.0},{"not_picked":["Wild Strike","Metallicize","Ghostly Armor"],"picked":"SKIP","floor":25}],"player_experience":1388331,"relics_obtained":[{"floor":8.0,"key":"Torii"},{"floor":9.0,"key":"StoneCalendar"},{"floor":11.0,"key":"InkBottle"},{"floor":13.0,"key":"Paper Frog"},{"floor":25,"key":"Whetstone"},{"floor":26,"key":"White Beast Statue"}],"event_choices":[{"damage_healed":0.0,"max_hp_gain":5.0,"max_hp_loss":0.0,"gold_gain":0.0,"event_name":"Big Fish","player_choice":"Donut","floor":4.0,"gold_loss":0.0,"damage_taken":0.0},{"cards_removed":["Strike_R"],"damage_healed":0.0,"max_hp_gain":0.0,"max_hp_loss":0.0,"gold_gain":0.0,"event_name":"Living Wall","player_choice":"Forget","floor":10.0,"gold_loss":0.0,"damage_taken":0.0},{"cards_removed":["Strike_R"],"damage_healed":0.0,"max_hp_gain":0.0,"max_hp_loss":0.0,"gold_gain":0.0,"event_name":"The Cleric","player_choice":"Card Removal","floor":12.0,"gold_loss":75.0,"damage_taken":0.0},{"damage_healed":0.0,"max_hp_gain":0.0,"max_hp_loss":0.0,"gold_gain":0.0,"event_name":"Vampires","player_choice":"Ignored","floor":19.0,"gold_loss":0.0,"damage_taken":0.0},{"cards_removed":["Strike_R"],"damage_healed":0.0,"max_hp_gain":0.0,"max_hp_loss":0.0,"gold_gain":0.0,"event_name":"Beggar","player_choice":"Gave Gold","floor":21.0,"gold_loss":75.0,"damage_taken":0.0},{"damage_healed":0,"gold_gain":0,"player_choice":"Paid Fearfully","damage_taken":0,"max_hp_gain":0,"max_hp_loss":0,"event_name":"Masked Bandits","floor":24,"gold_loss":6}],"is_beta":false,"boss_relics":[{"not_picked":["Black Star","Ectoplasm"],"picked":"Snecko Eye"}],"items_purged_floors":[3,22],"is_endless":false,"potions_floor_spawned":[1,2,11,13,18],"killed_by":"Slavers","ascension_level":20}}