{"host":"tnsigirk6wurdark","time":1610604639,"event":{"mods":["BaseMod","Bestiary","Colored Map","Colored Powertips","Curses Come First","DeckTracker","Highlight Path","Minty Spire (QoL Compilation)","Quick Restart","Relic Sorter","StSLib","Synergy Search"],"gold_per_floor":[99,99,99,24,24,24,24,24,24,24,24,0,0,0,0,0,0,0,0,0,0,0,0,0,0,0,0,0,0],"floor_reached":28,"language":"ENG","playtime":2465,"items_purged":["Regret"],"score":583,"play_id":"e5fe85e2-0ea8-4244-9c8d-e38e3eb1c0a3","local_time":"20210114061039","is_ascension_mode":true,"campfire_choices":[{"floor":7,"key":"REST"},{"data":"Footwork","floor":13,"key":"SMITH"},{"floor":15,"key":"REST"},{"floor":24,"key":"REST"}],"circlet_count":0,"master_deck":["AscendersBane","Strike_G","Strike_G","Strike_G","Strike_G","Defend_G+1","Defend_G","Defend_G","Defend_G","Defend_G","Survivor","Neutralize","Cloak And Dagger+1","Blade Dance","Leg Sweep","Footwork+1","Acrobatics","Poisoned Stab","Poisoned Stab","Bullet Time","CurseOfTheBell","Deflect","Catalyst+1","Poisoned Stab","Leg Sweep","Tactician","Dagger Throw","Heel Hook","Underhanded Strike"],"relics":["Ectoplasm","Calling Bell","Darkstone Periapt","Strawberry","War Paint","Ninja Scroll","Ice Cream","Snake Skull","Centennial Puzzle","Turnip","Art of War","Matryoshka"],"acts_visited":["Exordium","TheCity"],"potions_floor_usage":[6,16,20,23,25],"damage_taken":[{"damage":10,"enemies":"Small Slimes","floor":1,"turns":5},{"damage":5,"enemies":"Jaw Worm","floor":3,"turns":6},{"damage":0,"enemies":"2 Louse","floor":5,"turns":2},{"damage":22,"enemies":"3 Sentries","floor":6,"turns":9},{"damage":17,"enemies":"Gremlin Nob","floor":8,"turns":6},{"damage":6,"enemies":"Exordium Wildlife","floor":11,"turns":5},{"damage":0,"enemies":"Looter","floor":12,"turns":3},{"damage":0,"enemies":"2 Fungi Beasts","floor":14,"turns":3},{"damage":0,"enemies":"The Guardian","floor":16,"turns":10},{"damage":13,"enemies":"Spheric Guardian","floor":18,"turns":4},{"damage":0,"enemies":"3 Byrds","floor":19,"turns":6},{"damage":7,"enemies":"Shelled Parasite and Fungi","floor":20,"turns":4},{"damage":5,"enemies":"Sentry and Sphere","floor":21,"turns":5},{"damage":9,"enemies":"Chosen and Byrds","floor":22,"turns":7},{"damage":7,"enemies":"Book of Stabbing","floor":23,"turns":6},{"damage":28,"enemies":"Slavers","floor":25,"turns":9},{"damage":3,"enemies":"3 Cultists","floor":27,"turns":7},{"damage":15,"enemies":"Centurion and Healer","floor":28,"turns":6}],"seed_played":"-1457148130689644886","potions_obtained":[{"floor":5,"key":"Poison Potion"},{"floor":6,"key":"Energy Potion"},{"floor":8,"key":"LiquidBronze"},{"floor":12,"key":"SkillPotion"},{"floor":18,"key":"GamblersBrew"},{"floor":19,"key":"PowerPotion"},{"floor":23,"key":"SkillPotion"}],"is_trial":false,"path_per_floor":["M","?","M","$","M","E","R","E","T","?","M","M","R","M","R","B",null,"M","M","M","M","M","E","R","E","T","M","M"],"character_chosen":"THE_SILENT","items_purchased":[],"campfire_rested":3,"item_purchase_floors":[],"current_hp_per_floor":[49,56,51,51,51,29,50,33,33,26,20,20,20,20,41,41,65,52,52,45,40,31,24,45,17,17,14,0,0],"gold":0,"neow_bonus":"BOSS_RELIC","is_daily":false,"chose_seed":false,"campfire_upgraded":1,"win_rate":0.0,"timestamp":1610604639,"path_taken":["M","?","M","$","M","E","R","E","T","?","M","M","R","M","R","BOSS","M","M","M","M","M","E","R","E","T","M","M"],"items_purchased_type":[],"build_version":"2020-12-22","purchased_purges":1,"victory":false,"max_hp_per_floor":[66,73,73,73,73,73,73,73,73,73,73,73,73,73,73,73,73,73,73,73,73,73,73,73,73,73,73,73,73],"card_choices":[{"not_picked":["Flying Knee","Dagger Spray"],"picked":"Cloak And Dagger","floor":1},{"not_picked":["Sucker Punch","Slice"],"picked":"Blade Dance","floor":3},{"not_picked":["Bane","Quick Slash"],"picked":"Leg Sweep","floor":5},{"not_picked":["Dagger Throw","Die Die Die"],"picked":"Footwork","floor":6},{"not_picked":["Quick Slash","Bane"],"picked":"Acrobatics","floor":8},{"not_picked":["Dagger Throw","Prepared","Dodge and Roll"],"picked":"SKIP","floor":11},{"not_picked":["Skewer","Storm of Steel"],"picked":"Poisoned Stab","floor":12},{"not_picked":["Catalyst","Underhanded Strike"],"picked":"Poisoned Stab","floor":14},{"not_picked":["Burst","Glass Knife"],"picked":"Bullet Time","floor":16},{"not_picked":["Flying Knee","Deadly Poison"],"picked":"Deflect","floor":18},{"not_picked":["Calculated Gamble","Blur+1"],"picked":"Catalyst+1","floor":19},{"not_picked":["Quick Slash","Acrobatics"],"picked":"Poisoned Stab","floor":20},{"not_picked":["Outmaneuver","Dodge and Roll"],"picked":"Leg Sweep","floor":21},{"not_picked":["Dodge and Roll","Blade Dance"],"picked":"Tactician","floor":22},{"not_picked":["Accuracy","Unload"],"picked":"Dagger Throw","floor":23},{"not_picked":["Dodge and Roll","Skewer"],"picked":"Heel Hook","floor":25},{"not_picked":["Endless Agony","Riddle With Holes+1"],"picked":"Underhanded Strike","floor":27}],"player_experience":741537,"relics_obtained":[{"floor":6,"key":"War Paint"},{"floor":8,"key":"Ninja Scroll"},{"floor":9,"key":"Snake Skull"},{"floor":17,"key":"Centennial Puzzle"},{"floor":17,"key":"Darkstone Periapt"},{"floor":17,"key":"Ice Cream"},{"floor":23,"key":"Turnip"},{"floor":25,"key":"Art of War"},{"floor":26,"key":"Matryoshka"}],"event_choices":[{"damage_healed":0,"gold_gain":0,"player_choice":"Box","damage_taken":0,"relics_obtained":["Strawberry"],"max_hp_gain":0,"max_hp_loss":0,"event_name":"Big Fish","floor":2,"gold_loss":0,"cards_obtained":["Regret"]},{"cards_removed":["Strike_G"],"damage_healed":0,"gold_gain":0,"player_choice":"Card Removal","damage_taken":7,"max_hp_gain":0,"max_hp_loss":0,"event_name":"Golden Wing","floor":10,"gold_loss":0}],"is_beta":false,"boss_relics":[{"not_picked":["Tiny House","Astrolabe"],"picked":"Calling Bell"}],"items_purged_floors":[4],"is_endless":false,"potions_floor_spawned":[5,6,8,12,18,19,23],"killed_by":"Centurion and Healer","ascension_level":16}}