{"host":"r53pw7z744tg3fxg","time":1610655818,"event":{"mods":["AchievementEnabler","BaseMod","Colored Map","Colored Powertips","Highlight Path","Minty Spire (QoL Compilation)","Quick Restart","Transform Curses"],"gold_per_floor":[18,18,18,87,137,170,182,222,259,286,328,354,366,391,403,492,504,533,595,11,21,21,21,85,119,146,196,246,277,277,292,292,292,292],"floor_reached":33,"language":"ENG","playtime":1328,"items_purged":[],"score":586,"play_id":"72b0dcdf-40eb-40f3-8ec6-89a218838efc","local_time":"20210114132338","is_ascension_mode":true,"campfire_choices":[{"floor":7.0,"key":"REST"},{"data":"DeusExMachina","floor":13,"key":"SMITH"},{"floor":15,"key":"REST"},{"data":"Establishment","floor":23,"key":"SMITH"},{"floor":32,"key":"REST"}],"circlet_count":0,"master_deck":["AscendersBane","Strike_P+1","Strike_P+1","Strike_P","Strike_P","Defend_P","Defend_P","Defend_P","Defend_P","Eruption+1","Vigilance","ReachHeaven","Wallop","DeusExMachina+1","EmptyBody","Sanctity","Crescendo","Prostrate","Pray","Establishment+1","Halt","Protect","Evaluate","Judgement","ClearTheMind","FlurryOfBlows"],"relics":["PureWater","TungstenRod","SsserpentHead","MawBank","Centennial Puzzle","Strawberry","Whetstone","VioletLotus","StoneCalendar","Bottled Lightning","Girya","Damaru","Ornamental Fan"],"acts_visited":["Exordium","TheCity"],"potions_floor_usage":[11,11,18,24,30,33],"damage_taken":[{"damage":14.0,"enemies":"Small Slimes","floor":1.0,"turns":6.0},{"damage":0.0,"enemies":"Cultist","floor":4.0,"turns":4.0},{"damage":0.0,"enemies":"Gremlin Nob","floor":6.0,"turns":2.0},{"damage":17.0,"enemies":"Lagavulin","floor":8.0,"turns":7.0},{"damage":0.0,"enemies":"Jaw Worm","floor":10.0,"turns":3.0},{"damage":0,"enemies":"Gremlin Nob","floor":11,"turns":2},{"damage":0,"enemies":"Blue Slaver","floor":12,"turns":3},{"damage":13,"enemies":"Lots of Slimes","floor":14,"turns":4},{"damage":26,"enemies":"Slime Boss","floor":16,"turns":5},{"damage":0,"enemies":"3 Byrds","floor":18,"turns":4},{"damage":6,"enemies":"Spheric Guardian","floor":21,"turns":4},{"damage":12,"enemies":"Shelled Parasite and Fungi","floor":24,"turns":5},{"damage":30,"enemies":"Gremlin Leader","floor":25,"turns":9},{"damage":50,"enemies":"Book of Stabbing","floor":29,"turns":8},{"damage":0,"enemies":"Centurion and Healer","floor":30,"turns":1},{"damage":14,"enemies":"Snake Plant","floor":31,"turns":5},{"damage":61,"enemies":"Automaton","floor":33,"turns":6}],"seed_played":"5241170544221085361","potions_obtained":[{"floor":8.0,"key":"EntropicBrew"},{"floor":12,"key":"Energy Potion"},{"floor":16,"key":"SkillPotion"},{"floor":18,"key":"SmokeBomb"},{"floor":24,"key":"Fruit Juice"},{"floor":31,"key":"Explosive Potion"}],"is_trial":false,"path_per_floor":["M","?","$","M","?","E","R","E","T","M","E","M","R","M","R","B",null,"M","?","$","M","$","R","M","E","T","?","?","E","M","M","R","B"],"character_chosen":"WATCHER","items_purchased":["StoneCalendar","Bottled Lightning","Protect"],"campfire_rested":3,"item_purchase_floors":[20,20,20],"current_hp_per_floor":[51,51,51,51,51,51,72,55,62,62,62,62,62,49,72,46,71,71,71,71,65,65,65,58,28,28,56,84,34,34,20,45,0,0],"gold":292,"neow_bonus":"ONE_RARE_RELIC","is_daily":false,"chose_seed":false,"campfire_upgraded":2,"win_rate":0.0,"timestamp":1610655818,"path_taken":["M","?","$","?","?","E","R","E","T","M","E","M","R","M","R","BOSS","M","?","$","M","$","R","?","E","T","?","?","E","M","M","R","BOSS"],"items_purchased_type":["Relic","Relic","Card"],"build_version":"2020-12-22","purchased_purges":0,"victory":false,"max_hp_per_floor":[72,72,72,72,72,72,72,72,79,79,79,79,79,79,79,79,79,79,79,79,79,79,79,84,84,84,84,84,84,84,84,84,84,84],"card_choices":[{"not_picked":["PathToVictory","Crescendo"],"picked":"ReachHeaven","floor":1.0},{"not_picked":["ThirdEye","SashWhip"],"picked":"Wallop","floor":4.0},{"not_picked":["SashWhip","Adaptation"],"picked":"DeusExMachina","floor":6.0},{"not_picked":["WreathOfFlame","BowlingBash"],"picked":"EmptyBody","floor":8.0},{"not_picked":["Crescendo","ThirdEye"],"picked":"Sanctity","floor":10.0},{"not_picked":["ReachHeaven","Nirvana"],"picked":"Crescendo","floor":11},{"not_picked":["FlyingSleeves","EmptyBody"],"picked":"Prostrate","floor":12},{"not_picked":["FollowUp","CarveReality"],"picked":"Pray","floor":14},{"not_picked":["SpiritShield","Omniscience"],"picked":"Establishment","floor":16},{"not_picked":["EmptyBody","Indignation"],"picked":"Halt","floor":18},{"not_picked":["SandsOfTime","Halt"],"picked":"Worship","floor":21},{"not_picked":["SashWhip","Crescendo+1"],"picked":"Evaluate","floor":24},{"not_picked":["SignatureMove","Protect"],"picked":"Judgement","floor":25},{"not_picked":["EmptyFist+1","Alpha"],"picked":"ClearTheMind","floor":29},{"not_picked":["CrushJoints","MentalFortress"],"picked":"FlurryOfBlows","floor":31}],"player_experience":1256433,"relics_obtained":[{"floor":6.0,"key":"MawBank"},{"floor":8.0,"key":"Centennial Puzzle"},{"floor":9.0,"key":"Strawberry"},{"floor":11,"key":"Whetstone"},{"floor":25,"key":"Girya"},{"floor":26,"key":"Damaru"},{"floor":29,"key":"Ornamental Fan"}],"event_choices":[{"damage_healed":0.0,"max_hp_gain":0.0,"max_hp_loss":0.0,"gold_gain":0.0,"event_name":"FaceTrader","player_choice":"Trade","floor":2.0,"gold_loss":0.0,"damage_taken":0.0,"relics_obtained":["SsserpentHead"]},{"damage_healed":0.0,"max_hp_gain":0.0,"max_hp_loss":0.0,"gold_gain":0.0,"event_name":"Upgrade Shrine","player_choice":"Upgraded","floor":5.0,"gold_loss":0.0,"damage_taken":0.0,"cards_upgraded":["Eruption"]},{"damage_healed":0,"gold_gain":0,"player_choice":"Ignored","damage_taken":0,"max_hp_gain":0,"max_hp_loss":0,"event_name":"Purifier","floor":19,"gold_loss":0},{"damage_healed":28,"gold_gain":0,"player_choice":"Heal","damage_taken":0,"max_hp_gain":0,"max_hp_loss":0,"event_name":"The Library","floor":27,"gold_loss":0},{"cards_removed":["Worship"],"damage_healed":28,"gold_gain":0,"player_choice":"Offered Uncommon","damage_taken":0,"max_hp_gain":0,"max_hp_loss":0,"event_name":"Bonfire Elementals","floor":28,"gold_loss":0}],"is_beta":false,"boss_relics":[{"not_picked":["Cursed Key","Snecko Eye"],"picked":"VioletLotus"}],"items_purged_floors":[],"is_endless":false,"potions_floor_spawned":[8,10,12,16,18,24,31],"killed_by":"Automaton","ascension_level":13}}