{"host":"o7j6aatxjwpw1421","time":1610641128,"event":{"mods":["2.2 Compatiblity","AchievementEnabler","BaseMod","Colored Map","DeckTracker","Highlight Path","Keyboard Shortcuts","Minty Spire (QoL Compilation)","Permanent Neow","Quick Restart","StSLib","SuperFastMode","everything is the same but u backflip on backflip"],"gold_per_floor":[110,110,120,137,137,137,148,148,148,158,185,204,7,17,17,17,17],"floor_reached":16,"language":"KOR","playtime":487,"items_purged":["Decay"],"score":258,"play_id":"1bdec661-248d-42f7-bb6d-51ad4dcb9de8","local_time":"20210115011848","is_ascension_mode":true,"campfire_choices":[{"data":"Immolate","floor":6.0,"key":"SMITH"},{"data":"Dual Wield","floor":8.0,"key":"SMITH"},{"data":"Power Through","floor":15.0,"key":"SMITH"}],"circlet_count":0,"master_deck":["AscendersBane","Strike_R","Strike_R","Strike_R","Strike_R","Strike_R","Defend_R","Defend_R","Defend_R","Defend_R","Bash","Immolate+1","Dual Wield+1","Pummel","Power Through+1","Anger"],"relics":["Burning Blood","Lantern","The Courier","Omamori"],"acts_visited":["Exordium"],"potions_floor_usage":[16,16],"damage_taken":[{"damage":6.0,"enemies":"Cultist","floor":1.0,"turns":4.0},{"damage":7.0,"enemies":"Small Slimes","floor":3.0,"turns":3.0},{"damage":0.0,"enemies":"2 Louse","floor":4.0,"turns":2.0},{"damage":20.0,"enemies":"Large Slime","floor":7.0,"turns":4.0},{"damage":18.0,"enemies":"Blue Slaver","floor":10.0,"turns":3.0},{"damage":0.0,"enemies":"Gremlin Nob","floor":11.0,"turns":2.0},{"damage":1.0,"enemies":"2 Fungi Beasts","floor":12.0,"turns":3.0},{"damage":0.0,"enemies":"3 Louse","floor":14.0,"turns":2.0},{"damage":31,"enemies":"The Guardian","floor":16,"turns":12}],"seed_played":"-1783299962653809236","potions_obtained":[{"floor":1.0,"key":"SteroidPotion"},{"floor":7.0,"key":"FearPotion"},{"floor":11.0,"key":"SkillPotion"},{"floor":12.0,"key":"LiquidMemories"}],"is_trial":false,"path_per_floor":["M","?","M","M","?","R","M","R","T","M","E","M","$","M","R","B"],"character_chosen":"IRONCLAD","items_purchased":["Omamori"],"campfire_rested":0,"item_purchase_floors":[13],"current_hp_per_floor":[50,46,45,51,51,51,37,37,37,25,31,36,36,42,42,11,11],"gold":17,"neow_bonus":"THREE_RARE_CARDS","is_daily":false,"chose_seed":false,"campfire_upgraded":3,"win_rate":0.0,"timestamp":1610641128,"path_taken":["M","?","?","M","?","R","M","R","T","M","E","M","$","M","R","BOSS"],"items_purchased_type":["Relic"],"build_version":"2020-12-22","purchased_purges":1,"victory":false,"max_hp_per_floor":[75,75,75,75,75,75,75,75,75,75,75,75,75,75,75,75,75],"card_choices":[{"not_picked":["Reaper","Berserk"],"picked":"Immolate","floor":0.0},{"not_picked":["Fire Breathing","Feel No Pain"],"picked":"Dual Wield","floor":1.0},{"not_picked":["Blood for Blood","Sever Soul","Havoc"],"picked":"SKIP","floor":3.0},{"not_picked":["Warcry","Iron Wave","Burning Pact"],"picked":"SKIP","floor":4.0},{"not_picked":["Reckless Charge","Anger"],"picked":"Pummel","floor":7.0},{"not_picked":["Body Slam","Havoc"],"picked":"Power Through","floor":10.0},{"not_picked":["Wild Strike","Spot Weakness"],"picked":"Anger","floor":11.0},{"not_picked":["Metallicize","Cleave","Thunderclap"],"picked":"SKIP","floor":12.0},{"not_picked":["Dark Embrace","Second Wind","Corruption"],"picked":"SKIP","floor":14.0}],"player_experience":512073,"relics_obtained":[{"floor":9.0,"key":"Lantern"},{"floor":11.0,"key":"The Courier"}],"event_choices":[{"damage_healed":0.0,"max_hp_gain":0.0,"max_hp_loss":0.0,"gold_gain":0.0,"event_name":"The Woman in Blue","player_choice":"Bought 0 Potions","floor":2.0,"gold_loss":0.0,"damage_taken":0.0},{"damage_healed":0.0,"max_hp_gain":0.0,"max_hp_loss":0.0,"gold_gain":0.0,"event_name":"Wheel of Change","player_choice":"Cursed","floor":5.0,"gold_loss":0.0,"damage_taken":0.0,"cards_obtained":["Decay"]}],"is_beta":false,"boss_relics":[],"items_purged_floors":[13],"is_endless":false,"potions_floor_spawned":[1,7,11,12],"killed_by":"The Guardian","ascension_level":20}}