{"host":"a5lz0e76zb3fcwkm","time":1610626438,"event":{"mods":["AchievementEnabler","BaseMod","Colored Map","Colored Powertips","Minty Spire (QoL Compilation)","StSLib","SuperFastMode"],"gold_per_floor":[114,114,126,126,139,167,167,202,276,292,217,217,235,16,16,16,16],"floor_reached":16,"language":"KOR","playtime":345,"items_purged":["Strike_B"],"score":220,"play_id":"fb00260c-6ded-460f-bfa1-14d552184271","local_time":"20210114211358","is_ascension_mode":true,"campfire_choices":[{"data":"Recycle","floor":15,"key":"SMITH"}],"circlet_count":0,"master_deck":["AscendersBane","Strike_B","Strike_B","Defend_B","Defend_B+1","Defend_B","Defend_B","Zap","Dualcast+1","Electrodynamics","Ball Lightning","Turbo","Cold Snap","Genetic Algorithm","Recycle+1","Streamline","Coolheaded","Self Repair"],"relics":["Cracked Core","Emotion Chip","Anchor","MealTicket","The Courier","Membership Card"],"acts_visited":["Exordium"],"potions_floor_usage":[16,16],"damage_taken":[{"damage":3.0,"enemies":"2 Louse","floor":1.0,"turns":2.0},{"damage":0.0,"enemies":"Small Slimes","floor":3.0,"turns":2.0},{"damage":0.0,"enemies":"Cultist","floor":5.0,"turns":2.0},{"damage":20.0,"enemies":"Lagavulin","floor":6.0,"turns":6.0},{"damage":10.0,"enemies":"3 Sentries","floor":8.0,"turns":3.0},{"damage":1.0,"enemies":"2 Fungi Beasts","floor":10.0,"turns":3.0},{"damage":2,"enemies":"Gremlin Gang","floor":13,"turns":3},{"damage":32,"enemies":"Hexaghost","floor":16,"turns":9}],"seed_played":"-4606284277254350352","potions_obtained":[{"floor":1.0,"key":"Fruit Juice"},{"floor":3.0,"key":"BlessingOfTheForge"},{"floor":10.0,"key":"PotionOfCapacity"}],"is_trial":false,"path_per_floor":["M","?","M","?","M","E","?","E","T","M","?","?","M","$","R","B"],"character_chosen":"DEFECT","items_purchased":["Membership Card","Coolheaded","Self Repair"],"campfire_rested":0,"item_purchase_floors":[14,14,14],"current_hp_per_floor":[61,40,40,40,40,20,20,10,10,9,9,9,7,22,22,0,0],"gold":16,"neow_bonus":"THREE_RARE_CARDS","is_daily":false,"chose_seed":false,"campfire_upgraded":1,"win_rate":0.0,"timestamp":1610626438,"path_taken":["M","?","M","?","?","E","?","E","T","?","?","?","M","$","R","BOSS"],"items_purchased_type":["Relic","Card","Card"],"build_version":"2020-12-22","purchased_purges":1,"victory":false,"max_hp_per_floor":[71,71,71,71,71,71,71,71,71,71,71,71,71,71,71,76,76],"card_choices":[{"not_picked":["Thunder Strike","Fission"],"picked":"Electrodynamics","floor":0.0},{"not_picked":["Gash","Genetic Algorithm"],"picked":"Ball Lightning","floor":1.0},{"not_picked":["Leap","Doom and Gloom"],"picked":"Turbo","floor":3.0},{"not_picked":["Blizzard","Conserve Battery"],"picked":"Sweeping Beam","floor":5.0},{"not_picked":["Barrage","Sweeping Beam"],"picked":"Cold Snap","floor":6.0},{"not_picked":["Hyperbeam","Hologram"],"picked":"Genetic Algorithm","floor":8.0},{"not_picked":["Turbo","Steam"],"picked":"Recycle","floor":10.0},{"not_picked":["Rip and Tear","Gash"],"picked":"Streamline","floor":13}],"player_experience":1726046,"relics_obtained":[{"floor":6.0,"key":"Emotion Chip"},{"floor":8.0,"key":"MealTicket"},{"floor":9.0,"key":"The Courier"}],"event_choices":[{"damage_healed":0.0,"max_hp_gain":0.0,"max_hp_loss":0.0,"gold_gain":0.0,"event_name":"Shining Light","player_choice":"Entered Light","floor":2.0,"gold_loss":0.0,"damage_taken":21.0,"cards_upgraded":["Dualcast","Defend_B"]},{"cards_removed":["Decay"],"damage_healed":0.0,"max_hp_gain":0.0,"max_hp_loss":0.0,"gold_gain":0.0,"event_name":"Purifier","player_choice":"Purged","floor":4.0,"gold_loss":0.0,"damage_taken":0.0},{"cards_removed":["Sweeping Beam"],"damage_healed":0.0,"max_hp_gain":0.0,"max_hp_loss":0.0,"gold_gain":0.0,"event_name":"WeMeetAgain","player_choice":"Gave Card","floor":7.0,"gold_loss":0.0,"damage_taken":0.0,"relics_obtained":["Anchor"]},{"cards_removed":["Strike_B"],"damage_healed":0.0,"max_hp_gain":0.0,"max_hp_loss":0.0,"gold_gain":0.0,"event_name":"The Cleric","player_choice":"Card Removal","floor":11.0,"gold_loss":75.0,"damage_taken":0.0},{"damage_healed":0,"gold_gain":0,"player_choice":"Fled","damage_taken":0,"max_hp_gain":0,"max_hp_loss":0,"event_name":"Scrap Ooze","floor":12,"gold_loss":0}],"is_beta":false,"boss_relics":[],"items_purged_floors":[14],"is_endless":false,"potions_floor_spawned":[1,3,10],"killed_by":"Hexaghost","ascension_level":20}}