{"host":"iy58fyt9wsbv4cf1","time":1610656552,"event":{"mods":["BaseMod","Better Altar","Better Match","Better Skull","Better Third Choice","BetterRewards","Conspire","Custom Start","Defuse TimeMaze Blight","Hubris","Infinite Spire","Minty Spire (QoL Compilation)","Permanent Neow","Quick Restart","Spicy Shops","StSLib"],"gold_per_floor":[109,109,109,59,4,32,50,80,80,80,108,108,120,149,149,262,262,286,294,294,294,294,327,327,347,347,347,380,380,393,412,412,513,513,531,531,156,81,94,122,122,138,138,138,171,171,186,204,204,230,230,230,37,67,119],"floor_reached":56,"language":"ENG","playtime":1428,"items_purged":["Defend_R","Strike_R","Defend_R","Strike_R"],"score":1469,"play_id":"009b329d-b7dd-40c2-8e36-77e9dbb0a4ba","local_time":"20210114153552","is_ascension_mode":false,"campfire_choices":[{"data":"Flex","floor":12.0,"key":"SMITH"},{"data":"Inflame","floor":15.0,"key":"SMITH"},{"data":"Impervious","floor":24.0,"key":"SMITH"},{"data":"Sword Boomerang","floor":27.0,"key":"SMITH"},{"floor":29.0,"key":"RECALL"},{"data":"Rampage","floor":32.0,"key":"SMITH"},{"data":"Offering","floor":41,"key":"SMITH"},{"data":"Shrug It Off","floor":44,"key":"SMITH"},{"data":"Thunderclap","floor":46,"key":"SMITH"},{"data":"Exhume","floor":49,"key":"SMITH"},{"data":"Defend_R","floor":52,"key":"SMITH"}],"circlet_count":0,"master_deck":["Strike_R","Defend_R+1","Bash+1","Flex+1","Inflame+1","Dropkick+1","Thunderclap+1","Rampage+1","Shrug It Off+1","Impervious+1","Necronomicurse","Sword Boomerang+1","Offering+1","Exhume+1","Impatience","Inflame","Inflame"],"relics":["Burning Blood","Membership Card","hubris:PeanutButter","Vajra","hubris:TenFootPole","conspire:DecoderRing","infinitespire:Midas Blood","hubris:SphereOfDissonance","InkBottle","Busted Crown","Necronomicon","conspire:SpecialSausage","Pen Nib","HornCleat","hubris:ToyBattleship","Art of War","Empty Cage","hubris:Towel","hubris:IronBody","infinitespire:Bottled Soul","Lee\u0027s Waffle","Bag of Preparation","Bag of Marbles","DollysMirror","Pantograph"],"acts_visited":["Exordium","TheCity","TheBeyond","TheEnding"],"potions_floor_usage":[54,55,55],"damage_taken":[{"damage":0.0,"enemies":"Jaw Worm","floor":1.0,"turns":2.0},{"damage":27.0,"enemies":"3 Sentries","floor":6.0,"turns":7.0},{"damage":0.0,"enemies":"Small Slimes","floor":7.0,"turns":3.0},{"damage":0.0,"enemies":"Gremlin Nob","floor":8.0,"turns":3.0},{"damage":18.0,"enemies":"Lagavulin","floor":11.0,"turns":6.0},{"damage":0.0,"enemies":"2 Louse","floor":13.0,"turns":2.0},{"damage":0.0,"enemies":"Gremlin Nob","floor":14.0,"turns":2.0},{"damage":9.0,"enemies":"Hexaghost","floor":16.0,"turns":7.0},{"damage":11.0,"enemies":"Spheric Guardian","floor":18.0,"turns":4.0},{"damage":0.0,"enemies":"conspire:Head Lice","floor":23.0,"turns":4.0},{"damage":0.0,"enemies":"conspire:FuzzyDice","floor":25.0,"turns":3.0},{"damage":0.0,"enemies":"Book of Stabbing","floor":28.0,"turns":2.0},{"damage":2.0,"enemies":"Chosen and Byrds","floor":30.0,"turns":2.0},{"damage":0.0,"enemies":"Snake Plant","floor":31.0,"turns":1.0},{"damage":14.0,"enemies":"Champ","floor":33.0,"turns":4.0},{"damage":0,"enemies":"3 Shapes","floor":35,"turns":3},{"damage":0,"enemies":"3 Darklings","floor":39,"turns":3},{"damage":16,"enemies":"Nemesis","floor":40,"turns":3},{"damage":8,"enemies":"Spire Growth","floor":42,"turns":2},{"damage":0,"enemies":"Reptomancer","floor":45,"turns":2},{"damage":0,"enemies":"Transient","floor":47,"turns":5},{"damage":0,"enemies":"Writhing Mass","floor":48,"turns":1},{"damage":74,"enemies":"infinitespire:MassOfShapes","floor":50,"turns":6},{"damage":0,"enemies":"Shield and Spear","floor":54,"turns":3},{"damage":84,"enemies":"The Heart","floor":55,"turns":4}],"seed_played":"-1027930354770714455","potions_obtained":[{"floor":6.0,"key":"SteroidPotion"},{"floor":8.0,"key":"SpeedPotion"},{"floor":14.0,"key":"Block Potion"},{"floor":18.0,"key":"ElixirPotion"},{"floor":30.0,"key":"DistilledChaos"},{"floor":35,"key":"SpeedPotion"},{"floor":39,"key":"DuplicationPotion"}],"is_trial":false,"path_per_floor":["M","?","?","?","$","E","M","E","T","?","E","R","M","E","R","B",null,"M","?","?","?","AVR","E","R","M","T","R","E","R","M","M","R","B",null,"M","?","$","?","M","E","R","M","T","R","E","R","M","M","R","B",null,"R","$","E","B",null],"character_chosen":"IRONCLAD","items_purchased":["Membership Card","hubris:PeanutButter","Vajra","Flex","Inflame","Dropkick","hubris:IronBody","infinitespire:Bottled Soul","Lee\u0027s Waffle","Inflame","DollysMirror"],"campfire_rested":0,"item_purchase_floors":[0,0,0,0,5,5,37,37,37,53,53],"current_hp_per_floor":[50,50,50,50,50,29,35,41,41,41,29,29,35,41,41,38,80,75,68,68,68,68,74,74,80,80,80,80,80,80,80,80,72,80,80,80,87,87,87,77,77,75,75,75,81,81,87,87,87,19,87,87,87,87,9],"gold":119,"neow_bonus":"","is_daily":false,"chose_seed":false,"campfire_upgraded":10,"win_rate":0.0,"timestamp":1610656552,"path_taken":["M","?","?","?","$","E","M","E","T","?","E","R","M","E","R","BOSS","M","?","?","?","AVR","E","R","M","T","R","E","R","?","M","R","BOSS","M","?","$","?","M","E","R","?","T","R","E","R","M","M","R","BOSS","R","$","E","BOSS"],"items_purchased_type":["Relic","Relic","Relic","Card","Card","Card","Relic","Relic","Relic","Card","Relic"],"build_version":"2020-12-22","purchased_purges":4,"victory":true,"max_hp_per_floor":[80,80,80,80,80,80,80,80,80,80,80,80,80,80,80,80,80,80,80,80,80,80,80,80,80,80,80,80,80,80,80,80,80,80,80,80,87,87,87,87,87,87,87,87,87,87,87,87,87,87,87,87,87,87,87],"card_choices":[{"not_picked":["Feel No Pain","Flex","Sword Boomerang"],"picked":"SKIP","floor":1.0},{"not_picked":["hubris:CleavingFinish","Anger","Armaments"],"picked":"SKIP","floor":6.0},{"not_picked":["conspire:Charge","Second Wind"],"picked":"Thunderclap","floor":7.0},{"not_picked":["Perfected Strike","True Grit","Spot Weakness"],"picked":"SKIP","floor":8.0},{"not_picked":["conspire:ExplosiveBarrier","Juggernaut"],"picked":"Rampage","floor":11.0},{"not_picked":["Twin Strike","Anger"],"picked":"Shrug It Off","floor":13.0},{"not_picked":["Reckless Charge","Bloodletting","Anger"],"picked":"SKIP","floor":14.0},{"not_picked":["Demon Form","Double Tap"],"picked":"Impervious","floor":16.0},{"not_picked":["Clothesline"],"picked":"SKIP","floor":18.0},{"not_picked":["Sword Boomerang"],"picked":"SKIP","floor":23.0},{"not_picked":[],"picked":"Sword Boomerang","floor":23.0},{"not_picked":["Pommel Strike"],"picked":"SKIP","floor":25.0},{"not_picked":["Pommel Strike"],"picked":"SKIP","floor":28.0},{"not_picked":["Burning Pact+1"],"picked":"SKIP","floor":30.0},{"not_picked":["conspire:ExplosiveBarrier"],"picked":"SKIP","floor":31.0},{"not_picked":[],"picked":"Offering","floor":33.0},{"not_picked":["Warcry+1"],"picked":"SKIP","floor":35},{"not_picked":[],"picked":"Exhume","floor":38},{"not_picked":[],"picked":"Impatience","floor":38},{"not_picked":["Wild Strike"],"picked":"SKIP","floor":39},{"not_picked":["Hemokinesis"],"picked":"SKIP","floor":40},{"not_picked":["hubris:ReadiedAction"],"picked":"SKIP","floor":42},{"not_picked":["Thunderclap"],"picked":"SKIP","floor":45},{"not_picked":["Pommel Strike"],"picked":"SKIP","floor":47},{"not_picked":["Sentinel"],"picked":"SKIP","floor":48},{"not_picked":["Iron Wave"],"picked":"SKIP","floor":54}],"player_experience":38926,"relics_obtained":[{"floor":6.0,"key":"hubris:TenFootPole"},{"floor":8.0,"key":"conspire:DecoderRing"},{"floor":9.0,"key":"infinitespire:Midas Blood"},{"floor":11.0,"key":"hubris:SphereOfDissonance"},{"floor":14.0,"key":"InkBottle"},{"floor":19.0,"key":"Necronomicon"},{"floor":23.0,"key":"HornCleat"},{"floor":26.0,"key":"hubris:ToyBattleship"},{"floor":28.0,"key":"Art of War"},{"floor":40,"key":"Bag of Preparation"},{"floor":45,"key":"Bag of Marbles"},{"floor":54,"key":"Pantograph"}],"event_choices":[{"damage_healed":0.0,"max_hp_gain":0.0,"max_hp_loss":0.0,"gold_gain":0.0,"event_name":"conspire:Investor","player_choice":"Leave","floor":3.0,"gold_loss":0.0,"damage_taken":0.0},{"cards_removed":["Defend_R"],"damage_healed":0.0,"max_hp_gain":0.0,"max_hp_loss":0.0,"gold_gain":0.0,"event_name":"The Cleric","player_choice":"Card Removal","floor":4.0,"gold_loss":50.0,"damage_taken":0.0},{"damage_healed":0.0,"max_hp_gain":0.0,"max_hp_loss":0.0,"gold_gain":0.0,"event_name":"conspire:LoneGhost","player_choice":"Disagree","floor":10.0,"gold_loss":0.0,"damage_taken":0.0},{"damage_healed":0.0,"max_hp_gain":0.0,"max_hp_loss":0.0,"gold_gain":0.0,"event_name":"Cursed Tome","player_choice":"Obtained Book","floor":19.0,"gold_loss":0.0,"damage_taken":16.0},{"damage_healed":0.0,"max_hp_gain":0.0,"max_hp_loss":0.0,"gold_gain":0.0,"event_name":"Accursed Blacksmith","player_choice":"Forge","floor":21.0,"gold_loss":0.0,"damage_taken":0.0,"cards_upgraded":["Dropkick"]},{"damage_healed":0,"gold_gain":0,"player_choice":"1","damage_taken":0,"max_hp_gain":0,"max_hp_loss":0,"event_name":"betterMatch:BetterMatch","floor":38,"gold_loss":0,"cards_obtained":["betterMatch:RareCard","betterMatch:ColorlessUncommonCard"]}],"is_beta":false,"boss_relics":[{"not_picked":["Calling Bell","SacredBark"],"picked":"Busted Crown"},{"not_picked":["Snecko Eye","Velvet Choker"],"picked":"Empty Cage"}],"items_purged_floors":[0,22,37,53],"is_endless":false,"potions_floor_spawned":[6,8,14,18,30,35,39,47],"ascension_level":0}}