{"host":"lxihx0b6awoz2w1j","time":1610640231,"event":{"mods":["Aspiration","BaseMod","Better Third Choice","CapriCore","Colored Powertips","Downfall","Hermit","Hubris","Infinite Spire","JesterMod","Luminous","Marisa????????","Melee Mod","Minty Spire (QoL Compilation)","Prisma Mod","Quick Restart","Relic Stats","Replay The Spire","Shade Mod","Spicy Shops","StSLib","The Alterego","The Blue Laboratory","The Cursed","The Disciple","The Forsaken","The Immortal","The Jungle","The Marked","The Runesmith","The Senshi","The Servant 0.9.4","Waifu the Spire"],"gold_per_floor":[113,130,130,50,67,67,96,145,145,161,161,7,0,13,13,109,109,127,127,93,93,93,120,120,153,153,173,173,183,183,183,183,281,281,281,281],"floor_reached":35,"language":"ENG","playtime":2266,"items_purged":[],"score":393,"play_id":"4d30012b-587c-4b2e-9936-49ac562c9c12","local_time":"20210114170351","is_ascension_mode":false,"campfire_choices":[{"data":"theSenshi:MoonCosmicPowerMakeUp","floor":6.0,"key":"SMITH"},{"floor":11.0,"key":"REST"},{"data":"expansioncontent:DefensiveStance","floor":15.0,"key":"SMITH"},{"data":"theSenshi:SailorStarMakerAssists","floor":24.0,"key":"SMITH"},{"data":"theSenshi:MoonHealingEscalation","floor":28.0,"key":"SMITH"},{"data":"theSenshi:SailorChibiMoonAssists","floor":30.0,"key":"SMITH"}],"circlet_count":0,"master_deck":["theSenshi:SailorKick","theSenshi:SailorKick","theSenshi:SailorKick","theSenshi:SailorKick","theSenshi:SailorBlock","theSenshi:SailorBlock","theSenshi:SailorBlock","theSenshi:SailorBlock","theSenshi:RoseThrow","theSenshi:MoonPrismPowerMakeUp","theSenshi:SailorChibiMoonAssists+1","theSenshi:RainbowMoonHeartAche+1","theSenshi:MoonCosmicPowerMakeUp+1","theSenshi:MoonPunch","theSenshi:TallSilhouette","theSenshi:TuxedoSmokingBomber","theSenshi:StudyParty","theSenshi:SailorStarMakerAssists+1","expansioncontent:DefensiveStance+1","theSenshi:MoonHealingEscalation+1","theSenshi:MoonGorgeousMeditation","theSenshi:MoonPower","theSenshi:SailorStarFighterAssists+1","theSenshi:MoonPrincessHalation","theSenshi:SailorMercuryAssists+1","theSenshi:MoonPunch","theSenshi:LunasBite","theSenshi:FatedKiss"],"relics":["theSenshi:TransformationBroochRelic","Strawberry","hubris:TinFlute","Eternal Feather","Nunchaku","Ring of Chaos","MutagenicStrength","infinitespire:FocusingShard","StrikeDummy","hubris:TenFootPole","aspiration:HummingbirdHeart","hubris:Zylophone","aspiration:MobileForge","hubris:VirtuousBlindfold"],"acts_visited":["Exordium","TheCity","TheBeyond"],"potions_floor_usage":[],"damage_taken":[{"damage":3.0,"enemies":"Jaw Worm","floor":1.0,"turns":4.0},{"damage":4.0,"enemies":"Small Slimes","floor":2.0,"turns":4.0},{"damage":3.0,"enemies":"2 Louse","floor":5.0,"turns":3.0},{"damage":26.0,"enemies":"3 Sentries","floor":7.0,"turns":11.0},{"damage":7.0,"enemies":"Looter","floor":10.0,"turns":4.0},{"damage":0.0,"enemies":"Large Slime","floor":14.0,"turns":6.0},{"damage":20.0,"enemies":"Slime Boss","floor":16.0,"turns":9.0},{"damage":8.0,"enemies":"Shell Parasite","floor":18.0,"turns":11.0},{"damage":13.0,"enemies":"2 Thieves","floor":20.0,"turns":5.0},{"damage":15.0,"enemies":"Replay:Snechameleon","floor":23.0,"turns":11.0},{"damage":24.0,"enemies":"Gremlin Leader","floor":25.0,"turns":9.0},{"damage":8.0,"enemies":"Centurion and Healer","floor":27.0,"turns":9.0},{"damage":3.0,"enemies":"Snake Plant","floor":29.0,"turns":6.0},{"damage":38.0,"enemies":"hubris:MusketHawk","floor":33.0,"turns":9.0},{"damage":0,"enemies":"3 Darklings","floor":35,"turns":1}],"seed_played":"-6018522809898667372","potions_obtained":[{"floor":5.0,"key":"ColorlessPotion"},{"floor":10.0,"key":"blueLaboratory:EnragingPotion"},{"floor":16.0,"key":"SpeedPotion"},{"floor":18.0,"key":"blueLaboratory:BubblePotion"}],"is_trial":false,"path_per_floor":["M","M","?","$","M","R","E","?","T","M","R","$","?","M","R","B",null,"M","?","M","?","T","E","R","E","T","M","R","M","R","AVR","R","B",null,"M"],"character_chosen":"THE_SENSHI","items_purchased":["theSenshi:MoonCosmicPowerMakeUp","Nunchaku","expansioncontent:DefensiveStance"],"campfire_rested":1,"item_purchase_floors":[4,12,12],"current_hp_per_floor":[79,75,75,75,72,72,53,31,31,24,59,59,59,59,71,51,89,86,86,78,78,78,73,85,71,71,63,78,85,89,89,89,61,89,89,89],"gold":281,"neow_bonus":"TEN_PERCENT_HP_BONUS","is_daily":false,"chose_seed":false,"campfire_upgraded":5,"win_rate":0.0,"timestamp":1610640231,"path_taken":["M","M","?","$","M","R","E","?","T","M","R","$","?","M","R","BOSS","M","?","M","?","?","E","R","E","T","M","R","M","R","AVR","R","BOSS","M"],"items_purchased_type":["Card","Relic","Card"],"build_version":"2020-12-22","purchased_purges":0,"victory":false,"max_hp_per_floor":[82,82,82,82,82,82,89,89,89,89,89,89,89,89,89,89,89,89,89,89,89,89,89,89,89,89,89,89,89,89,89,89,89,89,89,89],"relic_stats":{"Nunchaku":[11],"counters":[15,102],"Eternal Feather":52,"obtain_stats":[{"hubris:VirtuousBlindfold":34,"Eternal Feather":9,"Ring of Chaos":17,"infinitespire:FocusingShard":22,"aspiration:HummingbirdHeart":26,"hubris:Zylophone":31,"Nunchaku":12,"theSenshi:TransformationBroochRelic":0,"aspiration:MobileForge":31,"Strawberry":7,"MutagenicStrength":21,"hubris:TenFootPole":25,"StrikeDummy":23,"hubris:TinFlute":8},{"hubris:VirtuousBlindfold":14,"Eternal Feather":4,"Ring of Chaos":7,"infinitespire:FocusingShard":9,"aspiration:HummingbirdHeart":11,"hubris:Zylophone":13,"Nunchaku":5,"theSenshi:TransformationBroochRelic":0,"aspiration:MobileForge":13,"Strawberry":4,"MutagenicStrength":9,"hubris:TenFootPole":11,"StrikeDummy":10,"hubris:TinFlute":4},{"hubris:VirtuousBlindfold":101,"Eternal Feather":22,"Ring of Chaos":41,"infinitespire:FocusingShard":57,"aspiration:HummingbirdHeart":77,"hubris:Zylophone":92,"Nunchaku":26,"theSenshi:TransformationBroochRelic":0,"aspiration:MobileForge":92,"Strawberry":22,"MutagenicStrength":57,"hubris:TenFootPole":77,"StrikeDummy":68,"hubris:TinFlute":22}]},"card_choices":[{"not_picked":["theSenshi:Sidestep","theSenshi:EncouragingSpeech"],"picked":"theSenshi:SailorChibiMoonAssists","floor":1.0},{"not_picked":["theSenshi:MoonTiaraMagic","theSenshi:SupersonicWaves"],"picked":"theSenshi:RainbowMoonHeartAche","floor":2.0},{"not_picked":["theSenshi:SupersonicWaves","theSenshi:MoonPower"],"picked":"theSenshi:MoonPunch","floor":5.0},{"not_picked":["theSenshi:MoonPunch","theSenshi:SailorPlanetAttack"],"picked":"theSenshi:TallSilhouette","floor":7.0},{"not_picked":["theSenshi:MoonKick","theSenshi:EncouragingSpeech"],"picked":"theSenshi:TuxedoSmokingBomber","floor":8.0},{"not_picked":["theSenshi:Sidestep","theSenshi:RainbowMoonHeartAche"],"picked":"theSenshi:StudyParty","floor":8.0},{"not_picked":["theSenshi:MoonsReflection","theSenshi:StudyParty"],"picked":"theSenshi:SailorStarMakerAssists","floor":10.0},{"not_picked":["theSenshi:MoonsReflection","theSenshi:MoonCrisisMakeUp"],"picked":"theSenshi:MoonHealingEscalation","floor":14.0},{"not_picked":["theSenshi:SailorStarHealerAssists","theSenshi:SailorCosmosAssists"],"picked":"theSenshi:MoonGorgeousMeditation","floor":16.0},{"not_picked":["theSenshi:SchoolBag","theSenshi:Sidestep"],"picked":"theSenshi:MoonPower","floor":18.0},{"not_picked":["theSenshi:EncouragingSpeech","theSenshi:SupersonicWaves"],"picked":"theSenshi:SailorStarFighterAssists+1","floor":20.0},{"not_picked":["theSenshi:MoonKick+1","theSenshi:OdangoHead+1"],"picked":"theSenshi:MoonPrincessHalation","floor":23.0},{"not_picked":["theSenshi:CrisisMakeUp","theSenshi:MoonGorgeousMeditation"],"picked":"theSenshi:SailorMercuryAssists+1","floor":25.0},{"not_picked":["theSenshi:LateForSchool+1","theSenshi:SailorStarMakerAssists"],"picked":"theSenshi:MoonPunch","floor":27.0},{"not_picked":["theSenshi:RainbowMoonHeartAche","theSenshi:EncouragingSpeech"],"picked":"theSenshi:LunasBite","floor":29.0},{"not_picked":["theSenshi:SailorCosmosAssists","theSenshi:InTheNameOfTheMoon"],"picked":"theSenshi:FatedKiss","floor":33.0}],"player_experience":601592,"relics_obtained":[{"floor":7.0,"key":"Strawberry"},{"floor":8.0,"key":"hubris:TinFlute"},{"floor":9.0,"key":"Eternal Feather"},{"floor":22.0,"key":"infinitespire:FocusingShard"},{"floor":23.0,"key":"StrikeDummy"},{"floor":25.0,"key":"hubris:TenFootPole"},{"floor":26.0,"key":"aspiration:HummingbirdHeart"}],"event_choices":[{"damage_healed":0.0,"max_hp_gain":0.0,"max_hp_loss":0.0,"gold_gain":0.0,"event_name":"Golden Wing","player_choice":"Ignored","floor":3.0,"gold_loss":0.0,"damage_taken":0.0},{"damage_healed":0.0,"max_hp_gain":0.0,"max_hp_loss":0.0,"gold_gain":0.0,"event_name":"betterThird:BetterGoop","player_choice":"Left","floor":13.0,"gold_loss":7.0,"damage_taken":0.0},{"damage_healed":0.0,"max_hp_gain":0.0,"max_hp_loss":0.0,"gold_gain":0.0,"event_name":"Vampires","player_choice":"Ignored","floor":19.0,"gold_loss":0.0,"damage_taken":0.0},{"damage_healed":0.0,"max_hp_gain":0.0,"max_hp_loss":0.0,"gold_gain":0.0,"event_name":"Drug Dealer","player_choice":"Inject Mutagens","floor":21.0,"gold_loss":0.0,"damage_taken":0.0,"relics_obtained":["MutagenicStrength"]}],"is_beta":false,"boss_relics":[{"not_picked":["Snecko Eye","Runic Pyramid"],"picked":"Ring of Chaos"},{"not_picked":["aspiration:SecretTechniqueScroll","hubris:CrackedHourglass"],"picked":"hubris:VirtuousBlindfold"}],"items_purged_floors":[],"is_endless":false,"potions_floor_spawned":[5,10,16,18,25,29],"killed_by":"3 Darklings","ascension_level":0}}