{"host":"ooy9sn8qgs7oliwr","time":1610629748,"event":{"mods":["ATMod(阿瑾Mod)","Act Like it!","BaseMod","BetterRewards","Minty Spire (QoL Compilation)","Pale of the Ancients","Prisma Mod","Remilia_Scarlet Moed（蕾米莉亚・斯卡雷特）3.3.5","Replay The Spire","RumiaBox-露米娅的神秘盒子","StSLib","The Alterego","The Jungle","Yakumo Yukari mod","【遗物卡牌】REMEMod"],"gold_per_floor":[117,192,212,212,227,258,288,322,376,401,401,414,439,457,632,736,736,747,489,429,57,57,57,117,129,141,262,361,523,580,642,654,844,856,1011,1148,1254,1366,1468,1538,1550,1613,1625,1306,1306,1306,1366,992,992,1017],"floor_reached":51,"language":"ZHS","playtime":2152,"items_purged":["Doubt","Strike_G","Shame"],"score":1210,"play_id":"2a075952-5d56-4994-9af5-56d71cf678d0","local_time":"20210114210908","is_ascension_mode":true,"campfire_choices":[{"data":"REME_ShadowStrike","floor":11,"key":"SMITH"},{"data":"REME_GreenPollution","floor":23,"key":"SMITH"},{"floor":32,"key":"REST"},{"data":"Adrenaline","floor":41,"key":"SMITH"},{"data":"Replay:Bag of Tricks","floor":41,"key":"SMITH"},{"data":"AT_FocusSwordFire","floor":45,"key":"SMITH"},{"data":"ReplayTheSpireMod:From All Sides","floor":45,"key":"SMITH"},{"floor":49,"key":"REST"}],"circlet_count":0,"master_deck":["Ragnarok","REME_ShadowStrike+1","Prepared+1","AT_TinkerSharpsword","ReplayTheSpireMod:The Works","REME_ShadowStrike","Hidden Blade+1","Fluid Movement","ReplayTheSpireMod:From All Sides+1","Backflip","REME_GreenPollution+1","Replay:Bag of Tricks+1","Acrobatics","AT_WomanClash+1","Adrenaline+1","AT_FocusSwordFire+1","AT_FocusSwordFire+1","REME_SpectralBlade+1","AT_MyraUnstableElement+1","Wraith Form v2+1","AT_KingSlayer","Adrenaline","REME_GrazeFinale","Wraith Form v2","AT_EssenceShift","Venomology","REME_LeechingPoison","Venomology"],"relics":["Ring of the Snake","AT_ATBox","REME_ComplimentaryCards","ZombieArmy","MagicDraw3","War Paint","Odd Mushroom","AT_SeraphEmbrace","Oddly Smooth Stone","Paper Crane","Replay:Ringing Soul","WristBlade","AT_EbonyIvory","Pondfish Scales","AT_MibuBalloonWealth","MawBank","Snake Skull","Gremlin Food","Onion Ring","AT_SunfireAegis","REME_LowDesire","Anchor","PreservedInsect","Replay:Arrowhead","REME_PoisonedDagger","Garlic","Iron Hammer","AT_RedTearstoneRing","Ornamental Fan","SumBook"],"acts_visited":["Exordium","TheCity","TheBeyond"],"potions_floor_usage":[8,16,28,31,31,50,50,50,50],"damage_taken":[{"damage":0.0,"enemies":"Jaw Worm","floor":1.0,"turns":4.0},{"damage":1.0,"enemies":"Cultist","floor":3.0,"turns":3.0},{"damage":0.0,"enemies":"Small Slimes","floor":5.0,"turns":2.0},{"damage":0.0,"enemies":"Gremlin Nob","floor":6.0,"turns":3.0},{"damage":10,"enemies":"The Mushroom Lair","floor":7,"turns":4},{"damage":5,"enemies":"Lagavulin","floor":8,"turns":5},{"damage":8,"enemies":"Gremlin Nob","floor":10,"turns":4},{"damage":3,"enemies":"Gremlin Gang","floor":12,"turns":3},{"damage":3,"enemies":"Replay:BlueRogue","floor":13,"turns":4},{"damage":0,"enemies":"Looter","floor":14,"turns":1},{"damage":22,"enemies":"The Guardian","floor":16,"turns":8},{"damage":0,"enemies":"Chosen","floor":18,"turns":4},{"damage":0,"enemies":"Replay:Snechameleon","floor":24,"turns":5},{"damage":4,"enemies":"Slavers","floor":27,"turns":3},{"damage":0,"enemies":"3 Byrds","floor":28,"turns":2},{"damage":11,"enemies":"Gremlin Leader","floor":29,"turns":4},{"damage":17,"enemies":"Snake Plant","floor":30,"turns":3},{"damage":0,"enemies":"Book of Stabbing","floor":31,"turns":2},{"damage":42,"enemies":"Automaton","floor":33,"turns":8},{"damage":5,"enemies":"3 Darklings","floor":35,"turns":4},{"damage":0,"enemies":"Mind Bloom Boss Battle","floor":36,"turns":4},{"damage":0,"enemies":"3 Shapes","floor":37,"turns":2},{"damage":0,"enemies":"Jaw Worm Horde","floor":39,"turns":1},{"damage":0,"enemies":"R_Hoarder","floor":40,"turns":3},{"damage":0,"enemies":"Giant Head","floor":42,"turns":2},{"damage":9,"enemies":"R_Hoarder","floor":47,"turns":3},{"damage":0,"enemies":"Time Eater","floor":50,"turns":5}],"seed_played":"-8033366626204912321","potions_obtained":[{"floor":5.0,"key":"PowerPotion"},{"floor":7,"key":"Elixir"},{"floor":13,"key":"PowerPotion"},{"floor":14,"key":"Fire Potion"},{"floor":16,"key":"Ancient Potion"},{"floor":18,"key":"Explosive Potion"},{"floor":28,"key":"Toxic Potion"},{"floor":33,"key":"GamblersBrew"},{"floor":35,"key":"AttackPotion"}],"is_trial":false,"path_per_floor":["M","?","M","?","M","E","?","E","T","E","R","M","E","M","R","B",null,"M","$","?","$","?","R","E","?","T","E","M","E","M","E","R","B",null,"M","?","M","?","M","E","R","E","T","$","R","?","E","$","R","B",null],"character_chosen":"THE_SILENT","items_purchased":["AT_EbonyIvory","REME_GreenPollution","Replay:Bag of Tricks","Pondfish Scales","AT_RedTearstoneRing","AT_FocusSwordFire","SumBook"],"campfire_rested":2,"item_purchase_floors":[19,19,21,21,44,44,48],"current_hp_per_floor":[70,63,62,62,62,62,52,47,47,39,39,36,36,39,42,23,82,85,88,88,91,94,94,97,97,97,93,96,85,68,68,98,59,103,98,98,101,101,101,101,101,101,101,104,104,104,95,98,107,107],"gold":1017,"neow_bonus":"RANDOM_COMMON_RELIC","is_daily":false,"chose_seed":false,"campfire_upgraded":6,"win_rate":0.0,"timestamp":1610629748,"path_taken":["M","?","?","?","?","E","?","E","T","E","R","M","E","M","R","BOSS","M","$","?","$","?","R","E","?","T","E","M","E","M","E","R","BOSS","M","?","M","?","?","E","R","E","T","$","R","?","E","$","R","BOSS"],"items_purchased_type":["Relic","Card","Card","Relic","Relic","Card","Relic"],"build_version":"2020-12-22","purchased_purges":3,"victory":true,"max_hp_per_floor":[70,70,70,70,70,70,70,70,70,70,70,70,73,76,79,82,82,85,88,88,91,94,94,97,97,97,97,100,100,100,100,100,103,103,103,103,106,106,106,106,106,106,106,109,109,104,104,107,107,107],"card_choices":[{"not_picked":["Flechettes","Underhanded Strike"],"picked":"Predator","floor":1.0},{"not_picked":["AT_ShadowStep","All Out Attack"],"picked":"REME_ShadowStrike","floor":3.0},{"not_picked":["Quick Slash","Dash"],"picked":"Prepared","floor":5.0},{"not_picked":["Deadly Poison","Doppelganger","Flying Knee"],"picked":"SKIP","floor":6.0},{"not_picked":["Poisoned Stab","Blade Dance"],"picked":"AT_TinkerSharpsword","floor":7},{"not_picked":["AT_ArcaneSupremacy","Underhanded Strike"],"picked":"ReplayTheSpireMod:The Works","floor":8},{"not_picked":["Noxious Fumes","Sucker Punch"],"picked":"REME_ShadowStrike","floor":10},{"not_picked":["Blade Dance","Sucker Punch","Dodge and Roll"],"picked":"SKIP","floor":12},{"not_picked":["Slice","Flying Knee"],"picked":"Hidden Blade","floor":13},{"not_picked":["Night Terror","Quick Slash"],"picked":"Fluid Movement","floor":14},{"not_picked":["AT_EssenceShift","REME_GrazeFinale"],"picked":"ReplayTheSpireMod:From All Sides","floor":16},{"not_picked":["Sucker Punch+1","Underhanded Strike"],"picked":"Backflip","floor":18},{"not_picked":["Dash","Slice"],"picked":"Acrobatics","floor":24},{"not_picked":["Dash","Blade Dance","Outmaneuver"],"picked":"SKIP","floor":27},{"not_picked":["Catalyst","Bane"],"picked":"AT_WomanClash+1","floor":28},{"not_picked":["Dagger Throw","Acrobatics+1","Dodge and Roll"],"picked":"SKIP","floor":29},{"not_picked":["Underhanded Strike+1","Slice","Prepared"],"picked":"SKIP","floor":30},{"not_picked":["Sucker Punch+1","Quick Slash","REME_ShadowStrike"],"picked":"SKIP","floor":31},{"not_picked":["Night Terror","REME_LeechingPoison"],"picked":"Adrenaline","floor":33},{"not_picked":["PiercingWail","Skewer","Blur+1","REME_BattleFury"],"picked":"SKIP","floor":35},{"not_picked":["Quick Slash","Flying Knee","Replay:Bootleg Shield Generator+1"],"picked":"AT_FocusSwordFire+1","floor":37},{"not_picked":["Backflip","Eviscerate+1","Bullet Time","REME_ShortnessOfBreath"],"picked":"SKIP","floor":39},{"not_picked":["Escape Plan+1","Choke","AT_ThistleTea+1","Good Instincts+1"],"picked":"SKIP","floor":40},{"not_picked":["Blur+1","Backflip","Bane","Bandage Up"],"picked":"SKIP","floor":42},{"not_picked":["Outmaneuver+1","Dash","Backstab+1","Thinking Ahead"],"picked":"SKIP","floor":47}],"player_experience":16573,"relics_obtained":[{"floor":6.0,"key":"War Paint"},{"floor":7,"key":"Odd Mushroom"},{"floor":8,"key":"AT_ArchangelStaff"},{"floor":9,"key":"Oddly Smooth Stone"},{"floor":10,"key":"Paper Crane"},{"floor":13,"key":"Replay:Ringing Soul"},{"floor":24,"key":"MawBank"},{"floor":26,"key":"Snake Skull"},{"floor":27,"key":"Gremlin Food"},{"floor":29,"key":"Onion Ring"},{"floor":31,"key":"AT_SunfireAegis"},{"floor":34,"key":"Anchor"},{"floor":34,"key":"PreservedInsect"},{"floor":36,"key":"Replay:Arrowhead"},{"floor":40,"key":"REME_PoisonedDagger"},{"floor":42,"key":"Garlic"},{"floor":43,"key":"Iron Hammer"},{"floor":47,"key":"Ornamental Fan"}],"event_choices":[{"damage_healed":0.0,"max_hp_gain":0.0,"max_hp_loss":0.0,"gold_gain":75.0,"event_name":"FaceTrader","player_choice":"Touch","floor":2.0,"gold_loss":0.0,"damage_taken":7.0},{"cards_removed":["Predator"],"damage_healed":0.0,"max_hp_gain":0.0,"max_hp_loss":0.0,"gold_gain":0.0,"event_name":"WeMeetAgain","player_choice":"Gave Card","floor":4.0,"gold_loss":0.0,"damage_taken":0.0,"relics_obtained":["MagicDraw3"]},{"damage_healed":0,"gold_gain":0,"player_choice":"Fought Mushrooms","damage_taken":0,"max_hp_gain":0,"max_hp_loss":0,"event_name":"Mushrooms","floor":7,"gold_loss":0},{"damage_healed":0,"gold_gain":175,"player_choice":"AGREE","damage_taken":0,"max_hp_gain":0,"max_hp_loss":0,"event_name":"Liars Game","floor":15,"gold_loss":0,"cards_obtained":["Doubt"]},{"damage_healed":0,"gold_gain":0,"player_choice":"Stole Relic","damage_taken":0,"relics_obtained":["AT_MibuBalloonWealth"],"max_hp_gain":0,"max_hp_loss":0,"event_name":"Addict","floor":22,"gold_loss":0,"cards_obtained":["Shame"]},{"damage_healed":0,"gold_gain":0,"player_choice":"Forge","damage_taken":0,"max_hp_gain":0,"max_hp_loss":0,"event_name":"Accursed Blacksmith","floor":25,"gold_loss":0,"cards_upgraded":["Hidden Blade"]},{"damage_healed":0,"gold_gain":0,"player_choice":"Fight","damage_taken":0,"max_hp_gain":0,"max_hp_loss":0,"event_name":"MindBloom","floor":36,"gold_loss":0},{"damage_healed":0,"gold_gain":100,"player_choice":"Pray","damage_taken":0,"max_hp_gain":0,"max_hp_loss":0,"event_name":"Golden Shrine","floor":38,"gold_loss":0},{"damage_healed":0,"gold_gain":0,"player_choice":"Max HP","damage_taken":0,"max_hp_gain":0,"max_hp_loss":5,"event_name":"Winding Halls","floor":46,"gold_loss":0}],"is_beta":false,"boss_relics":[{"not_picked":["Coffee Dripper","Honey Jar"],"picked":"WristBlade"},{"not_picked":["Cursed Key","SlaversCollar"],"picked":"REME_LowDesire"}],"items_purged_floors":[19,44,48],"is_endless":false,"potions_floor_spawned":[5,7,13,14,16,18,27,28,33,35,36],"ascension_level":1}}