{"host":"9709z2dy8v1s63sm","time":1610641814,"event":{"mods":["AchievementEnabler","BaseMod","Minty Spire (QoL Compilation)","StSLib","SuperFastMode"],"gold_per_floor":[113,113,113,113,127,127,152,152,205,221,236,236,255,270,270,374,374,387,397,417,332,38,38,63,90,113,113,131,146,146,162,162,261,261,280,33,33,33,50,85,101,136,208,233,233,287,369,115,115,115,115,115,15,42,42],"floor_reached":56,"language":"KOR","playtime":5343,"items_purged":["Strike_G","Defend_G","Strike_G"],"score":1531,"play_id":"8c6a1e74-cf8e-45af-8210-667dde39d9d7","local_time":"20210115013014","is_ascension_mode":true,"campfire_choices":[{"data":"Neutralize","floor":6.0,"key":"SMITH"},{"floor":12.0,"key":"REST"},{"floor":15.0,"key":"REST"},{"data":"Well Laid Plans","floor":23.0,"key":"SMITH"},{"floor":30.0,"key":"REST"},{"data":"Prepared","floor":32.0,"key":"SMITH"},{"floor":49.0,"key":"RECALL"},{"data":"Acrobatics","floor":52.0,"key":"SMITH"}],"circlet_count":0,"master_deck":["Defend_G","Defend_G+1","Survivor","Neutralize+1","Finisher","Distraction","Poisoned Stab","Crippling Poison","Blade Dance","Well Laid Plans+1","Blade Dance","After Image","Accuracy+1","Terror+1","After Image","Calculated Gamble","Prepared+1","Reflex+1","After Image","Acrobatics+1","PiercingWail+1","Concentrate+1","Cloak And Dagger+1","Accuracy","Escape Plan+1"],"relics":["Ring of the Snake","Boot","WingedGreaves","CultistMask","Centennial Puzzle","HoveringKite","Potion Belt","Omamori","The Courier","Happy Flower","Coffee Dripper","Paper Crane","Snake Skull","Blood Vial","Toxic Egg 2","Lantern","Ice Cream","Gremlin Horn","TheAbacus","HornCleat"],"acts_visited":["Exordium","TheCity","TheBeyond","TheEnding"],"potions_floor_usage":[55,55],"damage_taken":[{"damage":0.0,"enemies":"2 Louse","floor":1.0,"turns":3.0},{"damage":2.0,"enemies":"Small Slimes","floor":5.0,"turns":3.0},{"damage":20.0,"enemies":"Lagavulin","floor":7.0,"turns":8.0},{"damage":0.0,"enemies":"Cultist","floor":10.0,"turns":2.0},{"damage":2.0,"enemies":"3 Louse","floor":11.0,"turns":2.0},{"damage":0.0,"enemies":"Exordium Wildlife","floor":13.0,"turns":2.0},{"damage":2.0,"enemies":"Gremlin Gang","floor":14.0,"turns":5.0},{"damage":6.0,"enemies":"Slime Boss","floor":16.0,"turns":8.0},{"damage":8.0,"enemies":"2 Thieves","floor":18.0,"turns":3.0},{"damage":2.0,"enemies":"Chosen","floor":19.0,"turns":4.0},{"damage":2.0,"enemies":"Centurion and Healer","floor":20.0,"turns":6.0},{"damage":10.0,"enemies":"Slavers","floor":24.0,"turns":8.0},{"damage":22.0,"enemies":"Gremlin Leader","floor":25.0,"turns":8.0},{"damage":7.0,"enemies":"3 Cultists","floor":28.0,"turns":5.0},{"damage":3.0,"enemies":"Snecko","floor":29.0,"turns":4.0},{"damage":7.0,"enemies":"Shelled Parasite and Fungi","floor":31.0,"turns":2.0},{"damage":8.0,"enemies":"Collector","floor":33.0,"turns":9.0},{"damage":5.0,"enemies":"Orb Walker","floor":35.0,"turns":3.0},{"damage":19.0,"enemies":"3 Darklings","floor":39.0,"turns":6.0},{"damage":0.0,"enemies":"Giant Head","floor":40.0,"turns":4.0},{"damage":0.0,"enemies":"Sphere and 2 Shapes","floor":41.0,"turns":5.0},{"damage":3.0,"enemies":"Nemesis","floor":42.0,"turns":5.0},{"damage":0.0,"enemies":"Giant Head","floor":44.0,"turns":6.0},{"damage":2.0,"enemies":"2 Orb Walkers","floor":46.0,"turns":5.0},{"damage":9.0,"enemies":"Awakened One","floor":50.0,"turns":6.0},{"damage":17.0,"enemies":"Shield and Spear","floor":54.0,"turns":5.0},{"damage":2,"enemies":"The Heart","floor":55,"turns":6}],"seed_played":"3231829493253106195","potions_obtained":[{"floor":10.0,"key":"Energy Potion"},{"floor":13.0,"key":"GamblersBrew"},{"floor":16.0,"key":"Energy Potion"},{"floor":20.0,"key":"Weak Potion"},{"floor":24.0,"key":"ColorlessPotion"},{"floor":31.0,"key":"LiquidBronze"},{"floor":40.0,"key":"LiquidMemories"},{"floor":42.0,"key":"SmokeBomb"},{"floor":46.0,"key":"Fire Potion"},{"floor":54.0,"key":"Explosive Potion"}],"is_trial":false,"path_per_floor":["M","?","?","?","M","R","E","?","T","M","M","R","M","M","R","B",null,"M","M","M","?","$","R","E","E","T","?","M","M","R","M","R","B",null,"M","$","?","?","M","E","M","E","T","E","?","?","T","$","R","B",null,"R","$","E","B",null],"character_chosen":"THE_SILENT","items_purchased":["After Image","Omamori","Acrobatics","Paper Crane","Accuracy","TheAbacus"],"campfire_rested":3,"item_purchase_floors":[22,22,36,36,48,48],"current_hp_per_floor":[63,56,49,36,34,34,14,14,14,14,12,30,30,28,46,40,57,49,47,45,45,45,45,35,13,13,13,6,3,21,14,14,6,49,44,44,44,60,41,41,41,38,38,40,40,40,40,40,40,33,56,56,56,41,41],"gold":42,"neow_bonus":"TRANSFORM_TWO_CARDS","is_daily":false,"chose_seed":false,"campfire_upgraded":4,"win_rate":0.0,"timestamp":1610641814,"path_taken":["M","?","?","?","M","R","E","?","T","M","M","R","M","M","R","BOSS","M","?","M","?","$","R","E","E","T","?","?","M","R","?","R","BOSS","M","$","?","?","M","E","M","E","T","E","?","?","?","$","R","BOSS","R","$","E","BOSS"],"items_purchased_type":["Card","Relic","Card","Relic","Card","Relic"],"build_version":"2020-12-22","purchased_purges":3,"victory":true,"max_hp_per_floor":[63,63,63,63,63,63,63,63,63,63,63,63,63,63,63,63,63,63,63,63,63,63,63,63,63,63,63,63,63,63,63,63,63,63,63,63,63,63,63,63,63,63,63,63,63,63,63,63,63,63,63,63,63,63,63],"card_choices":[{"not_picked":["Slice","Bane"],"picked":"Poisoned Stab","floor":1.0},{"not_picked":["Slice","Prepared"],"picked":"Crippling Poison","floor":5.0},{"not_picked":["Acrobatics","Outmaneuver","Accuracy"],"picked":"SKIP","floor":7.0},{"not_picked":["Poisoned Stab","Dagger Throw"],"picked":"Blade Dance","floor":10.0},{"not_picked":["Quick Slash","Sucker Punch"],"picked":"Well Laid Plans","floor":11.0},{"not_picked":["Bane","Endless Agony"],"picked":"Blade Dance","floor":13.0},{"not_picked":["Sucker Punch","Dagger Throw","Catalyst"],"picked":"SKIP","floor":14.0},{"not_picked":["Burst","Die Die Die"],"picked":"After Image","floor":16.0},{"not_picked":["Dagger Spray","Tactician+1"],"picked":"Accuracy+1","floor":18.0},{"not_picked":["Dagger Spray","Flying Knee","Bouncing Flask"],"picked":"SKIP","floor":19.0},{"not_picked":["Poisoned Stab","Flechettes"],"picked":"Terror+1","floor":20.0},{"not_picked":["Quick Slash","Noxious Fumes","Deflect"],"picked":"SKIP","floor":24.0},{"not_picked":["Endless Agony","Backflip"],"picked":"Calculated Gamble","floor":25.0},{"not_picked":["Sucker Punch","Heel Hook"],"picked":"Prepared","floor":28.0},{"not_picked":["Flechettes","Poisoned Stab"],"picked":"Reflex+1","floor":29.0},{"not_picked":["Cloak And Dagger","Expertise","Concentrate"],"picked":"SKIP","floor":31.0},{"not_picked":["Tools of the Trade","Die Die Die"],"picked":"After Image","floor":33.0},{"not_picked":["Cloak And Dagger","Dagger Throw","Distraction+1"],"picked":"SKIP","floor":35.0},{"not_picked":["Cloak And Dagger","Deadly Poison+1"],"picked":"PiercingWail+1","floor":39.0},{"not_picked":["Distraction","Footwork+1","Dodge and Roll+1"],"picked":"SKIP","floor":40.0},{"not_picked":["Dash+1","Bane"],"picked":"Concentrate+1","floor":41.0},{"not_picked":["Expertise","Heel Hook","Sucker Punch"],"picked":"SKIP","floor":42.0},{"not_picked":["Flechettes","Deflect+1","Expertise+1"],"picked":"SKIP","floor":44.0},{"not_picked":["Dagger Spray+1","Distraction+1"],"picked":"Cloak And Dagger+1","floor":46.0},{"not_picked":["Setup+1","PiercingWail+1"],"picked":"Escape Plan+1","floor":54.0}],"player_experience":71340,"relics_obtained":[{"floor":7.0,"key":"WingedGreaves"},{"floor":9.0,"key":"Centennial Puzzle"},{"floor":24.0,"key":"The Courier"},{"floor":25.0,"key":"Happy Flower"},{"floor":40.0,"key":"Snake Skull"},{"floor":42.0,"key":"Blood Vial"},{"floor":43.0,"key":"Toxic Egg 2"},{"floor":44.0,"key":"Lantern"},{"floor":46.0,"key":"Ice Cream"},{"floor":47.0,"key":"Gremlin Horn"},{"floor":54.0,"key":"HornCleat"}],"event_choices":[{"damage_healed":0.0,"max_hp_gain":0.0,"max_hp_loss":0.0,"gold_gain":0.0,"event_name":"Scrap Ooze","player_choice":"Success","floor":2.0,"gold_loss":0.0,"damage_taken":7.0,"relics_obtained":["Boot"]},{"cards_removed":["Strike_G"],"damage_healed":0.0,"max_hp_gain":0.0,"max_hp_loss":0.0,"gold_gain":0.0,"event_name":"Golden Wing","player_choice":"Card Removal","floor":3.0,"gold_loss":0.0,"damage_taken":7.0},{"damage_healed":0.0,"max_hp_gain":0.0,"max_hp_loss":0.0,"gold_gain":0.0,"event_name":"Shining Light","player_choice":"Entered Light","floor":4.0,"gold_loss":0.0,"damage_taken":13.0,"cards_upgraded":["Strike_G","Defend_G"]},{"damage_healed":0.0,"max_hp_gain":0.0,"max_hp_loss":0.0,"gold_gain":0.0,"event_name":"FaceTrader","player_choice":"Trade","floor":8.0,"gold_loss":0.0,"damage_taken":0.0,"relics_obtained":["CultistMask"]},{"damage_healed":0.0,"max_hp_gain":0.0,"max_hp_loss":0.0,"gold_gain":0.0,"event_name":"Addict","player_choice":"Obtained Relic","floor":21.0,"gold_loss":85.0,"damage_taken":0.0,"relics_obtained":["Potion Belt"]},{"cards_removed":["Defend_G"],"damage_healed":0.0,"max_hp_gain":0.0,"max_hp_loss":0.0,"gold_gain":0.0,"event_name":"Purifier","player_choice":"Purged","floor":27.0,"gold_loss":0.0,"damage_taken":0.0},{"cards_removed":["Strike_G"],"damage_healed":0.0,"max_hp_gain":0.0,"max_hp_loss":0.0,"gold_gain":0.0,"event_name":"Falling","player_choice":"Removed Attack","floor":37.0,"gold_loss":0.0,"damage_taken":0.0},{"damage_healed":16.0,"max_hp_gain":0.0,"max_hp_loss":0.0,"gold_gain":0.0,"event_name":"Winding Halls","player_choice":"Writhe","floor":38.0,"gold_loss":0.0,"damage_taken":0.0,"cards_obtained":["Writhe"]},{"damage_healed":0.0,"max_hp_gain":0.0,"max_hp_loss":0.0,"gold_gain":0.0,"event_name":"Tomb of Lord Red Mask","player_choice":"Ignored","floor":45.0,"gold_loss":0.0,"damage_taken":0.0},{"damage_healed":0.0,"max_hp_gain":0.0,"max_hp_loss":0.0,"gold_gain":0.0,"event_name":"Mysterious Sphere","player_choice":"Fight","floor":46.0,"gold_loss":0.0,"damage_taken":0.0}],"is_beta":false,"boss_relics":[{"not_picked":["Calling Bell","Cursed Key"],"picked":"HoveringKite"},{"not_picked":["WristBlade","Tiny House"],"picked":"Coffee Dripper"}],"items_purged_floors":[22,48,53],"is_endless":false,"potions_floor_spawned":[10,13,16,20,24,31,40,42,46,54],"ascension_level":5}}