{"host":"Planeswalker","time":1610607881,"event":{"mods":["Act Like it!","Astrologer","BaseMod","Downfall","Friendly Minions","GifTheSpireLib","Halation","Hermit","Hubris","Jorbs\u0027s Wanderer Trilogy","Minty Spire (QoL Compilation)","Replay The Spire","SOS???????","Shop Mod","Somnambulant","StSLib","The Bladedancer","The Cursed","The Elementalist","The Hierophant","The Jungle","The Mystic","The Necromancer"],"gold_per_floor":[118,135,36,56,56,85,102,102,102,133,147,147,162,236,236,336,336,348,364,380,380,399,429,429,634,684,684,719,794,811,823,823,922,922,940,940,951,966,11,11,24,24,51,67,85,113,113,113,113,113],"floor_reached":51,"language":"ENG","playtime":3815,"items_purged":["Pain","TheCursedMod:Strike_TheCursed"],"score":881,"play_id":"5698e3ee-41c9-4cc2-a596-b94cfa8fbc43","local_time":"20210114000441","is_ascension_mode":false,"campfire_choices":[{"floor":8,"key":"REST"},{"floor":12,"key":"REST"},{"data":"TheCursedMod:CircleOfCorruption","floor":15,"key":"SMITH"},{"floor":27,"key":"REST"},{"floor":32,"key":"REST"},{"floor":40,"key":"DIG"},{"floor":42,"key":"REST"},{"floor":49,"key":"DIG"}],"circlet_count":0,"master_deck":["TheCursedMod:Defend_TheCursed","TheCursedMod:Defend_TheCursed","TheCursedMod:Defend_TheCursed","TheCursedMod:Defend_TheCursed","TheCursedMod:CursedWand","TheCursedMod:CleanUpWorkshop","TheCursedMod:Dregs","TheCursedMod:CursedBlade+1","TheCursedMod:SoulCrush","TheCursedMod:SurpriseAttack+1","TheCursedMod:RavingStaff","TheCursedMod:ReleasedStrength","TheCursedMod:DoubleShield","TheCursedMod:CircleOfCorruption+1","TheCursedMod:SaltUponWound","TheCursedMod:Torture","TheCursedMod:VitalStrike","TheCursedMod:DemonSword","TheCursedMod:SmokeScreen+1","TheCursedMod:FleshFromBone+1","TheCursedMod:CursedSpellbook+1","TheCursedMod:CircleOfBlood+1","TheCursedMod:ManaBullet","TheCursedMod:CircleOfFlame","TheCursedMod:CursedBlade","TheCursedMod:WearCloak+1","Writhe","ReplayTheSpireMod:Splinters","TheCursedMod:SurpriseAttack+1","TheCursedMod:CursedRelics+1","TheCursedMod:SurpriseAttack+1","TheCursedMod:CursedShiv","TheCursedMod:Neurasthenia+1","Replay:UnknownCurse","hubris:Despair","hubris:Disease","TheCursedMod:Grudge+1","TheCursedMod:ShockAndAwe","TheCursedMod:CursedShiv","TheCursedMod:HellsGateOpen","TheCursedMod:StunningStrike","TheCursedMod:ManaBullet","TheCursedMod:Torture","TheCursedMod:Torture","TheCursedMod:AshesToAshes","Master of Strategy","Parasite","TheCursedMod:SpitefulPlan","TheCursedMod:AbyssShockwave","TheCursedMod:SurpriseAttack+1","TheCursedMod:CircleOfBlood+1"],"relics":["TheCursedMod:BlackMagic101","Lizard Tail","Strawberry","hubris:BottledRain","Orichalcum","Astrolabe","halation:PinkSoulGem","Replay:Wax Seal","Shovel","Regal Pillow","Happy Flower","TheCursedMod:BloodyHarpoon","Replay:Ancient Bell","Gremlin Food","Pantograph","TheCursedMod:CrystalBall","Whetstone","Pet Ghost","halation:WeightlessCrab","Simple Rune","Juzu Bracelet","halation:PapillonHeart","Thread and Needle"],"acts_visited":["Exordium","Exordium","TheBeyond"],"potions_floor_usage":[16,18,23,23,33,33,33],"damage_taken":[{"damage":5,"enemies":"Jaw Worm","floor":1,"turns":5},{"damage":9,"enemies":"2 Louse","floor":2,"turns":3},{"damage":0,"enemies":"Cultist","floor":4,"turns":4},{"damage":26,"enemies":"Lagavulin","floor":6,"turns":6},{"damage":5,"enemies":"Looter","floor":7,"turns":2},{"damage":10,"enemies":"3 Sentries","floor":10,"turns":4},{"damage":3,"enemies":"Red Slaver","floor":11,"turns":3},{"damage":7,"enemies":"Large Slime","floor":13,"turns":6},{"damage":25,"enemies":"Slime Boss","floor":16,"turns":10},{"damage":13,"enemies":"theJungle:GiantWrat","floor":18,"turns":6},{"damage":26,"enemies":"theJungle:Flameango_and_Byrd","floor":19,"turns":5},{"damage":11,"enemies":"theJungle:Snecko_Cultist_And_Trap","floor":20,"turns":4},{"damage":18,"enemies":"Snake Plant","floor":22,"turns":3},{"damage":24,"enemies":"theJungle:MamaSnecko","floor":23,"turns":4},{"damage":40,"enemies":"theJungle:Cassacara","floor":28,"turns":6},{"damage":25,"enemies":"theJungle:Lyon","floor":30,"turns":4},{"damage":0,"enemies":"theJungle:SlimyTreeVines","floor":31,"turns":4},{"damage":44,"enemies":"theJungle:TotemBoss","floor":33,"turns":6},{"damage":10,"enemies":"Orb Walker","floor":35,"turns":3},{"damage":0,"enemies":"3 Darklings","floor":37,"turns":4},{"damage":9,"enemies":"Maw","floor":38,"turns":6},{"damage":22,"enemies":"Writhing Mass","floor":41,"turns":5},{"damage":0,"enemies":"Jaw Worm Horde","floor":44,"turns":4},{"damage":19,"enemies":"Transient","floor":45,"turns":5},{"damage":8,"enemies":"Nemesis","floor":46,"turns":3},{"damage":35,"enemies":"hubris:GrandSnecko","floor":50,"turns":16}],"seed_played":"1893845066389968247","potions_obtained":[{"floor":1,"key":"Strength Potion"},{"floor":6,"key":"Weak Potion"},{"floor":10,"key":"DuplicationPotion"},{"floor":18,"key":"LiquidMemories"},{"floor":19,"key":"LiquidBronze"},{"floor":28,"key":"ColorlessPotion"},{"floor":31,"key":"Fire Potion"},{"floor":33,"key":"Ancient Potion"},{"floor":38,"key":"Venom Potion"},{"floor":44,"key":"Dexterity Potion"}],"is_trial":false,"path_per_floor":["M","M","$","M","?","E","M","R","T","E","M","R","M","?","R","B",null,"M","M","M","?","M","E","?","?","T","R","E","T","M","M","R","B",null,"M","?","M","M","$","R","M","R","T","M","M","E","?","$","R","B",null],"character_chosen":"THE_CURSED","items_purchased":["TheCursedMod:SurpriseAttack","Whetstone","Pet Ghost","TheCursedMod:HellsGateOpen","TheCursedMod:StunningStrike","TheCursedMod:ManaBullet","TheCursedMod:Torture","TheCursedMod:AshesToAshes","Master of Strategy"],"campfire_rested":5,"item_purchase_floors":[3,39,39,39,39,39,39,39,39],"current_hp_per_floor":[70,61,61,61,61,42,37,61,61,51,48,72,65,65,65,40,82,69,55,56,56,42,30,30,30,30,69,41,41,20,32,71,43,82,72,72,72,63,63,63,45,82,82,82,63,55,55,55,55,51],"gold":113,"neow_bonus":"ONE_RARE_RELIC","is_daily":false,"chose_seed":false,"campfire_upgraded":1,"win_rate":0.0,"timestamp":1610607881,"path_taken":["M","M","$","M","?","E","M","R","T","E","M","R","M","?","R","BOSS","M","M","M","?","M","E","?","?","T","R","E","?","?","?","R","BOSS","M","?","M","M","$","R","M","R","T","?","M","E","?","?","R","BOSS"],"items_purchased_type":["Card","Relic","Relic","Card","Card","Card","Card","Card","Card"],"build_version":"2020-11-17","purchased_purges":2,"victory":true,"max_hp_per_floor":[75,75,75,75,75,82,82,82,82,82,82,82,82,82,82,82,82,82,82,82,82,82,82,82,82,82,82,82,82,82,82,82,82,82,82,82,82,82,82,82,82,82,82,82,82,82,78,78,78,78],"card_choices":[{"not_picked":["TheCursedMod:RapidMovement","TheCursedMod:SurpriseAttack"],"picked":"TheCursedMod:CursedBlade","floor":1},{"not_picked":["TheCursedMod:BloodBarrier","TheCursedMod:TacticalStrike"],"picked":"TheCursedMod:SoulCrush","floor":2},{"not_picked":["TheCursedMod:FleshFromBone","TheCursedMod:Wield"],"picked":"TheCursedMod:RavingStaff","floor":4},{"not_picked":["TheCursedMod:CursedMace","TheCursedMod:NeowsMight"],"picked":"TheCursedMod:DoubleShield","floor":6},{"not_picked":["TheCursedMod:CursedStaff","TheCursedMod:CursedMace"],"picked":"TheCursedMod:CircleOfCorruption","floor":7},{"not_picked":["TheCursedMod:BloodBarrier","TheCursedMod:CircleOfAmplification"],"picked":"TheCursedMod:SaltUponWound","floor":10},{"not_picked":["TheCursedMod:HellfireBreathing","TheCursedMod:RavingStaff"],"picked":"TheCursedMod:Torture","floor":11},{"not_picked":["TheCursedMod:CircleOfWindfury","TheCursedMod:FleshFromBone"],"picked":"TheCursedMod:VitalStrike","floor":13},{"not_picked":["TheCursedMod:CursedRelics","TheCursedMod:ForbiddenAlchemy"],"picked":"TheCursedMod:DemonSword","floor":16},{"not_picked":["TheCursedMod:CircleOfFlame","TheCursedMod:Stigma+1"],"picked":"TheCursedMod:CircleOfBlood+1","floor":18},{"not_picked":["TheCursedMod:VitalStrike","TheCursedMod:CircleOfCorruption+1"],"picked":"TheCursedMod:ManaBullet","floor":19},{"not_picked":["TheCursedMod:ReleasedKnowledge+1","TheCursedMod:Wield"],"picked":"TheCursedMod:CircleOfFlame","floor":20},{"not_picked":["TheCursedMod:AntiAging","TheCursedMod:FleshFromBone"],"picked":"TheCursedMod:CursedBlade","floor":22},{"not_picked":["TheCursedMod:SoulCrush","TheCursedMod:Torture+1"],"picked":"TheCursedMod:WearCloak+1","floor":23},{"not_picked":["TheCursedMod:Obscuration+1","TheCursedMod:CursedMace"],"picked":"TheCursedMod:SurpriseAttack+1","floor":25},{"not_picked":["TheCursedMod:BloodBarrier+1","TheCursedMod:CursedAmulet"],"picked":"TheCursedMod:CursedRelics","floor":28},{"not_picked":["TheCursedMod:CursedMace","TheCursedMod:VitalStrike"],"picked":"TheCursedMod:SurpriseAttack+1","floor":30},{"not_picked":["TheCursedMod:HellfireBreathing","TheCursedMod:SurpriseAttack"],"picked":"TheCursedMod:CursedShiv","floor":31},{"not_picked":["TheCursedMod:ManaCirculation","TheCursedMod:CircleOfAbyss"],"picked":"TheCursedMod:Neurasthenia","floor":33},{"not_picked":["Amnesia","Decay"],"picked":"Replay:UnknownCurse","floor":34},{"not_picked":["Amnesia","Normality"],"picked":"hubris:Despair","floor":34},{"not_picked":["Pain","Sickly"],"picked":"hubris:Disease","floor":34},{"not_picked":["TheCursedMod:CircleOfWindfury+1","TheCursedMod:FleshFromBone+1"],"picked":"TheCursedMod:Grudge+1","floor":35},{"not_picked":["TheCursedMod:ManaBullet+1","TheCursedMod:Wield+1"],"picked":"TheCursedMod:ShockAndAwe","floor":37},{"not_picked":["TheCursedMod:WearCloak","TheCursedMod:VitalStrike+1"],"picked":"TheCursedMod:CursedShiv","floor":38},{"not_picked":["TheCursedMod:FleshFromBone+1","TheCursedMod:ReleasedStrength"],"picked":"TheCursedMod:SpitefulPlan","floor":41},{"not_picked":["TheCursedMod:CircleOfCorruption","TheCursedMod:SmokeScreen"],"picked":"TheCursedMod:AbyssShockwave","floor":44},{"not_picked":["TheCursedMod:VitalStrike+1","TheCursedMod:CircleOfFlame"],"picked":"TheCursedMod:SurpriseAttack+1","floor":45},{"not_picked":["TheCursedMod:CircleOfFlame","TheCursedMod:CursedStaff"],"picked":"TheCursedMod:CircleOfBlood+1","floor":46}],"player_experience":23992,"relics_obtained":[{"floor":6,"key":"Strawberry"},{"floor":9,"key":"hubris:BottledRain"},{"floor":10,"key":"Orichalcum"},{"floor":23,"key":"Replay:Wax Seal"},{"floor":26,"key":"Regal Pillow"},{"floor":28,"key":"Happy Flower"},{"floor":29,"key":"TheCursedMod:BloodyHarpoon"},{"floor":40,"key":"halation:WeightlessCrab"},{"floor":43,"key":"Simple Rune"},{"floor":46,"key":"Juzu Bracelet"},{"floor":49,"key":"Thread and Needle"}],"event_choices":[{"damage_healed":0,"gold_gain":74,"player_choice":"Gained Gold","damage_taken":0,"max_hp_gain":0,"max_hp_loss":0,"event_name":"Golden Wing","floor":14,"gold_loss":0},{"damage_healed":0,"gold_gain":0,"player_choice":"Upgraded","damage_taken":0,"max_hp_gain":0,"max_hp_loss":0,"event_name":"Upgrade Shrine","floor":36,"gold_loss":0,"cards_upgraded":["TheCursedMod:Neurasthenia"]}],"is_beta":true,"boss_relics":[{"not_picked":["halation:PlatinumPhoenix","halation:ForbiddenBikini"],"picked":"Astrolabe"},{"not_picked":["hubris:GrandSneckoEye","Sozu"],"picked":"Replay:Ancient Bell"},{"not_picked":["hubris:ToyBattleship","MawBank"],"picked":"Gremlin Food"},{"not_picked":["Onion Ring","ReplayTheSpireMod:Ninjato"],"picked":"Pantograph"},{"not_picked":["hubris:MedicalManual","halation:VictoryRuler"],"picked":"TheCursedMod:CrystalBall"}],"items_purged_floors":[3,39],"is_endless":false,"potions_floor_spawned":[1,6,10,18,19,28,31,33,38,44,46],"ascension_level":0}}