{"host":"d3wn6ylxoasccvbu","time":1610588117,"event":{"mods":["BaseMod","Better Debug","Downfall","Minty Spire (QoL Compilation)","StSLib"],"gold_per_floor":[16,35,51,69,85,111,111,111,111],"floor_reached":8,"language":"ENG","playtime":1225,"items_purged":[],"score":85,"play_id":"643e665a-7253-4f71-826b-3519bd542017","local_time":"20210113203517","is_ascension_mode":false,"campfire_choices":[{"data":"Chrysalis","floor":7,"key":"SMITH"}],"circlet_count":0,"master_deck":["Strike_G","Strike_G","Strike_G","Strike_G","Strike_G","Defend_G","Defend_G","Defend_G","Defend_G","Defend_G","Survivor","Neutralize","Chrysalis+1","PiercingWail","Burst","Escape Plan","Blur","Escape Plan","Blade Dance"],"relics":["Ring of the Snake","Frozen Egg 2"],"acts_visited":["Exordium"],"potions_floor_usage":[],"damage_taken":[{"damage":0.0,"enemies":"Cultist","floor":1.0,"turns":4.0},{"damage":6.0,"enemies":"Small Slimes","floor":2.0,"turns":5.0},{"damage":4.0,"enemies":"2 Louse","floor":3.0,"turns":3.0},{"damage":8.0,"enemies":"Lots of Slimes","floor":4.0,"turns":5.0},{"damage":6.0,"enemies":"3 Louse","floor":5.0,"turns":4.0},{"damage":0,"enemies":"Lagavulin","floor":6,"turns":10},{"damage":41,"enemies":"Gremlin Nob","floor":8,"turns":5}],"seed_played":"7681203580253828689","potions_obtained":[{"floor":3.0,"key":"PowerPotion"},{"floor":5.0,"key":"FearPotion"}],"is_trial":false,"path_per_floor":["M","M","M","M","M","E","R","E"],"character_chosen":"THE_SILENT","items_purchased":[],"campfire_rested":0,"item_purchase_floors":[],"current_hp_per_floor":[70,64,60,52,46,46,46,5,5],"gold":111,"neow_bonus":"RANDOM_COLORLESS_2","is_daily":false,"chose_seed":false,"campfire_upgraded":1,"win_rate":0.0,"timestamp":1610588117,"path_taken":["M","M","?","M","M","E","R","E"],"items_purchased_type":[],"build_version":"2020-12-22","purchased_purges":0,"victory":false,"max_hp_per_floor":[70,70,70,70,70,70,70,70,70],"card_choices":[{"not_picked":["Secret Technique","The Bomb"],"picked":"Chrysalis","floor":0.0},{"not_picked":["Sucker Punch","Slice"],"picked":"PiercingWail","floor":1.0},{"not_picked":["Dagger Throw","Backflip"],"picked":"Burst","floor":2.0},{"not_picked":["Sucker Punch","Bane"],"picked":"Escape Plan","floor":3.0},{"not_picked":["Dash","Skewer"],"picked":"Blur","floor":4.0},{"not_picked":["Prepared","Calculated Gamble"],"picked":"Escape Plan","floor":5.0},{"not_picked":["Dagger Throw","Backflip"],"picked":"Blade Dance","floor":6}],"player_experience":68731,"relics_obtained":[{"floor":6,"key":"Frozen Egg 2"}],"event_choices":[],"is_beta":false,"boss_relics":[],"items_purged_floors":[],"is_endless":false,"potions_floor_spawned":[3,5],"killed_by":"Gremlin Nob","ascension_level":0}}