{"host":"ibckqdmmf9y74ymf","time":1610641804,"event":{"mods":["2.2 Compatiblity","Act Like it!","BaseMod","Minty Spire (QoL Compilation)","Quick Restart","Rare Cards Sparkle"],"gold_per_floor":[119,119,44,56,56,56,90,90,90,109,109,109],"floor_reached":11,"language":"ENG","playtime":501,"items_purged":["Decay"],"score":142,"play_id":"ed2430c2-6fd6-407b-9c7b-f06dc61bba72","local_time":"20210114173004","is_ascension_mode":true,"campfire_choices":[],"circlet_count":0,"master_deck":["AscendersBane","Strike_P","Strike_P","Strike_P","Strike_P","Defend_P","Defend_P","Defend_P","Eruption+1","Vigilance","EmptyBody","TalkToTheHand+1","ClearTheMind","EmptyMind","FlurryOfBlows"],"relics":["Black Star","Golden Idol","Whetstone","Thread and Needle","Incense Burner"],"acts_visited":["Exordium"],"potions_floor_usage":[7,7],"damage_taken":[{"damage":6,"enemies":"Jaw Worm","floor":1,"turns":4},{"damage":7,"enemies":"Cultist","floor":4,"turns":5},{"damage":50,"enemies":"3 Sentries","floor":7,"turns":20},{"damage":0,"enemies":"Small Slimes","floor":10,"turns":4},{"damage":8,"enemies":"Lagavulin","floor":11,"turns":5}],"seed_played":"5581835447705537776","potions_obtained":[{"floor":1,"key":"LiquidMemories"},{"floor":4,"key":"Regen Potion"}],"is_trial":false,"path_per_floor":["M","?","$","M","?","?","E","?","T","M","E"],"character_chosen":"WATCHER","items_purchased":[],"campfire_rested":0,"item_purchase_floors":[],"current_hp_per_floor":[55,55,55,48,48,48,13,13,13,13,5,5],"gold":109,"neow_bonus":"BOSS_RELIC","is_daily":false,"chose_seed":false,"campfire_upgraded":0,"win_rate":0.0,"timestamp":1610641804,"path_taken":["M","?","$","?","?","?","E","?","T","?","E"],"items_purchased_type":[],"build_version":"2020-12-22","purchased_purges":1,"victory":false,"max_hp_per_floor":[68,68,68,68,62,62,62,62,62,62,62,62],"card_choices":[{"not_picked":["Worship","Evaluate"],"picked":"EmptyBody","floor":1},{"not_picked":["ForeignInfluence","FollowUp"],"picked":"TalkToTheHand","floor":4},{"not_picked":["ThirdEye","Prostrate"],"picked":"ClearTheMind","floor":7},{"not_picked":["FollowUp","Consecrate"],"picked":"FlurryOfBlows","floor":10}],"player_experience":906152,"relics_obtained":[{"floor":7,"key":"Whetstone"},{"floor":7,"key":"Thread and Needle"},{"floor":9,"key":"Incense Burner"}],"event_choices":[{"damage_healed":0,"gold_gain":0,"player_choice":"Cursed","damage_taken":0,"max_hp_gain":0,"max_hp_loss":0,"event_name":"Wheel of Change","floor":2,"gold_loss":0,"cards_obtained":["Decay"]},{"damage_healed":0,"gold_gain":0,"player_choice":"Lose Max HP","damage_taken":0,"relics_obtained":["Golden Idol"],"max_hp_gain":0,"max_hp_loss":6,"event_name":"Golden Idol","floor":5,"gold_loss":0},{"damage_healed":0,"gold_gain":0,"player_choice":"Ignored","damage_taken":0,"max_hp_gain":0,"max_hp_loss":0,"event_name":"Liars Game","floor":6,"gold_loss":0},{"damage_healed":0,"gold_gain":0,"cards_transformed":["Defend_P"],"player_choice":"Transformed","damage_taken":0,"max_hp_gain":0,"max_hp_loss":0,"event_name":"Transmorgrifier","floor":8,"gold_loss":0,"cards_obtained":["EmptyMind"]}],"is_beta":false,"boss_relics":[],"items_purged_floors":[3],"is_endless":false,"potions_floor_spawned":[1,4],"killed_by":"Lagavulin","ascension_level":20}}