{"host":"daa8jqyg4gqfaysm","time":1610611144,"event":{"mods":["BaseMod","Colored Powertips","Minty Spire (QoL Compilation)","StSLib"],"gold_per_floor":[118,136,151,171,42,77,77,111,111,122,148,171,186,214,214,286,286,298,298,298,298],"floor_reached":20,"language":"ENG","playtime":697,"items_purged":["Strike_R"],"score":408,"play_id":"df0b5e18-1c9c-4736-9319-78c3acc1e7d9","local_time":"20210114155904","is_ascension_mode":true,"campfire_choices":[{"floor":7,"key":"REST"},{"data":"Bash","floor":15,"key":"SMITH"}],"circlet_count":0,"master_deck":["AscendersBane","Strike_R","Strike_R","Strike_R","Strike_R","Defend_R","Defend_R","Defend_R","Defend_R","Bash+1","Metallicize","Cleave","Anger","Hemokinesis","Shrug It Off","Flame Barrier","Clothesline","Juggernaut","Pommel Strike"],"relics":["Burning Blood","Turnip","White Beast Statue","Magic Flower","Unceasing Top","Ice Cream","Nunchaku","Philosopher\u0027s Stone"],"acts_visited":["Exordium","TheCity"],"potions_floor_usage":[8,11,14,16,20],"damage_taken":[{"damage":1,"enemies":"Cultist","floor":1,"turns":3},{"damage":0,"enemies":"2 Louse","floor":2,"turns":2},{"damage":6,"enemies":"Jaw Worm","floor":3,"turns":5},{"damage":29,"enemies":"Gremlin Gang","floor":4,"turns":8},{"damage":22,"enemies":"3 Sentries","floor":6,"turns":7},{"damage":13,"enemies":"Lagavulin","floor":8,"turns":7},{"damage":10,"enemies":"Blue Slaver","floor":10,"turns":2},{"damage":22,"enemies":"Gremlin Nob","floor":11,"turns":4},{"damage":3,"enemies":"2 Fungi Beasts","floor":13,"turns":4},{"damage":9,"enemies":"Lagavulin","floor":14,"turns":6},{"damage":20,"enemies":"Hexaghost","floor":16,"turns":9},{"damage":12,"enemies":"Chosen","floor":18,"turns":4},{"damage":59,"enemies":"3 Byrds","floor":20,"turns":5}],"seed_played":"2815323022735771559","potions_obtained":[{"floor":1,"key":"Weak Potion"},{"floor":8,"key":"Ancient Potion"},{"floor":11,"key":"AttackPotion"},{"floor":14,"key":"Ancient Potion"},{"floor":16,"key":"Weak Potion"}],"is_trial":false,"path_per_floor":["M","M","M","M","$","E","R","E","T","M","E","T","M","E","R","B",null,"M","?","M"],"character_chosen":"IRONCLAD","items_purchased":["AttackPotion"],"campfire_rested":1,"item_purchase_floors":[5],"current_hp_per_floor":[55,61,61,38,38,22,44,37,37,36,23,23,29,29,29,18,61,58,58,0,0],"gold":298,"neow_bonus":"ONE_RARE_RELIC","is_daily":false,"chose_seed":false,"campfire_upgraded":1,"win_rate":0.0,"timestamp":1610611144,"path_taken":["M","M","M","M","$","E","R","E","T","?","E","?","M","E","R","BOSS","M","?","?"],"items_purchased_type":["Potion"],"build_version":"2020-12-22","purchased_purges":1,"victory":false,"max_hp_per_floor":[75,75,75,75,75,75,75,75,75,75,75,75,75,75,75,75,75,75,75,75,75],"card_choices":[{"not_picked":["Perfected Strike","Power Through"],"picked":"Metallicize","floor":1},{"not_picked":["Anger","Dual Wield"],"picked":"Cleave","floor":2},{"not_picked":["Flex","Havoc"],"picked":"Anger","floor":3},{"not_picked":["Thunderclap","Cleave"],"picked":"Hemokinesis","floor":4},{"not_picked":["Clash","Infernal Blade","Warcry"],"picked":"SKIP","floor":6},{"not_picked":["Corruption","Anger","Iron Wave"],"picked":"SKIP","floor":8},{"not_picked":["Intimidate","Rampage"],"picked":"Shrug It Off","floor":10},{"not_picked":["Sever Soul","Thunderclap"],"picked":"Flame Barrier","floor":11},{"not_picked":["Cleave","Second Wind","Thunderclap"],"picked":"SKIP","floor":13},{"not_picked":["Searing Blow","Clash"],"picked":"Clothesline","floor":14},{"not_picked":["Bludgeon","Reaper"],"picked":"Juggernaut","floor":16},{"not_picked":["Feel No Pain","Heavy Blade"],"picked":"Pommel Strike","floor":18}],"player_experience":819669,"relics_obtained":[{"floor":6,"key":"White Beast Statue"},{"floor":8,"key":"Magic Flower"},{"floor":9,"key":"Unceasing Top"},{"floor":11,"key":"Ice Cream"},{"floor":14,"key":"Nunchaku"}],"event_choices":[{"damage_healed":0,"gold_gain":0,"player_choice":"Ignored","damage_taken":0,"max_hp_gain":0,"max_hp_loss":0,"event_name":"N\u0027loth","floor":19,"gold_loss":0}],"is_beta":false,"boss_relics":[{"not_picked":["Runic Cube","SacredBark"],"picked":"Philosopher\u0027s Stone"}],"items_purged_floors":[5],"is_endless":false,"potions_floor_spawned":[1,8,10,11,13,14,16,18],"killed_by":"3 Byrds","ascension_level":20}}