{"host":"e1pm3b7xpcm97e5w","time":1610654741,"event":{"mods":["BaseMod","Better Skull","Googly Eyes","Minty Spire (QoL Compilation)","Relic Stats","Shop Mod","Spicy Shops","StSLib"],"gold_per_floor":[362,72,92,92,107,151,151,175,175,175,175,206,143,164,164,263,263,282,305,305,326,37,37,37],"floor_reached":23,"language":"ENG","playtime":597,"items_purged":["Injury"],"score":368,"play_id":"26df5bc4-5c70-4b89-aab3-ba9c73e37abc","local_time":"20210114150541","is_ascension_mode":true,"campfire_choices":[{"floor":7,"key":"REST"},{"data":"Demon Form","floor":10,"key":"SMITH"},{"floor":15,"key":"REST"}],"circlet_count":0,"master_deck":["AscendersBane","Strike_R","Strike_R","Strike_R","Strike_R","Defend_R","Defend_R","Defend_R","Defend_R","Bash","Sword Boomerang","Thunderclap","Shockwave","Demon Form+1","Dual Wield","Sword Boomerang","Offering","Evolve","Metallicize"],"relics":["Burning Blood","Vajra","Golden Idol","Unceasing Top","Pear","Bottled Tornado","Letter Opener","Mark of Pain","Pen Nib","Membership Card","Ice Cream"],"acts_visited":["Exordium","TheCity"],"potions_floor_usage":[6,23],"damage_taken":[{"damage":19,"enemies":"Jaw Worm","floor":1,"turns":4},{"damage":11,"enemies":"2 Louse","floor":3,"turns":2},{"damage":3,"enemies":"Small Slimes","floor":5,"turns":2},{"damage":31,"enemies":"3 Sentries","floor":6,"turns":8},{"damage":10,"enemies":"Red Slaver","floor":8,"turns":3},{"damage":15,"enemies":"Lagavulin","floor":12,"turns":4},{"damage":9,"enemies":"Exordium Wildlife","floor":14,"turns":3},{"damage":28,"enemies":"Hexaghost","floor":16,"turns":6},{"damage":0,"enemies":"Spheric Guardian","floor":18,"turns":3},{"damage":35,"enemies":"2 Thieves","floor":21,"turns":3},{"damage":44,"enemies":"Slavers","floor":23,"turns":3}],"seed_played":"474451524661243374","potions_obtained":[{"floor":5,"key":"LiquidMemories"},{"floor":16,"key":"Regen Potion"}],"is_trial":false,"path_per_floor":["M","$","M","?","M","E","R","M","T","R","?","E","?","M","R","B",null,"M","T","?","M","$","E"],"character_chosen":"IRONCLAD","items_purchased":["Vajra","Sword Boomerang","Membership Card","Ice Cream","Metallicize"],"campfire_rested":2,"item_purchase_floors":[2,2,22,22,22],"current_hp_per_floor":[55,55,50,50,53,28,48,44,54,54,47,38,38,35,58,36,68,74,74,74,45,45,6,6],"gold":37,"neow_bonus":"TWO_FIFTY_GOLD","is_daily":false,"chose_seed":false,"campfire_upgraded":1,"win_rate":0.0,"timestamp":1610654741,"path_taken":["M","$","M","?","M","E","R","M","T","R","?","E","?","M","R","BOSS","M","?","?","M","?","E"],"items_purchased_type":["Relic","Card","Relic","Relic","Card"],"build_version":"2020-12-22","purchased_purges":1,"victory":false,"max_hp_per_floor":[75,75,75,68,68,68,68,68,78,78,78,78,78,78,78,78,78,78,78,78,78,78,78,78],"relic_stats":{"counters":[11,41],"Golden Idol":55,"Pen Nib":[0],"Letter Opener":[25],"obtain_stats":[{"Ice Cream":22,"Pear":9,"Golden Idol":4,"Vajra":2,"Mark of Pain":17,"Pen Nib":19,"Letter Opener":13,"Membership Card":22,"Bottled Tornado":12,"Burning Blood":0,"Unceasing Top":6},{"Ice Cream":10,"Pear":5,"Golden Idol":2,"Vajra":1,"Mark of Pain":8,"Pen Nib":9,"Letter Opener":6,"Membership Card":10,"Bottled Tornado":6,"Burning Blood":0,"Unceasing Top":4},{"Ice Cream":38,"Pear":19,"Golden Idol":6,"Vajra":4,"Mark of Pain":32,"Pen Nib":35,"Letter Opener":23,"Membership Card":38,"Bottled Tornado":23,"Burning Blood":0,"Unceasing Top":16}],"Burning Blood":60,"Unceasing Top":[0]},"card_choices":[{"not_picked":["Power Through","Reckless Charge","Warcry"],"picked":"SKIP","floor":1},{"not_picked":["Flex","Wild Strike"],"picked":"Thunderclap","floor":3},{"not_picked":["Clash","Clothesline"],"picked":"Shockwave","floor":5},{"not_picked":["Thunderclap","Seeing Red"],"picked":"Demon Form","floor":6},{"not_picked":["Flex","Clothesline"],"picked":"Dual Wield","floor":8},{"not_picked":["Anger","Body Slam"],"picked":"Sword Boomerang","floor":12},{"not_picked":["Carnage","Clash","Iron Wave"],"picked":"SKIP","floor":14},{"not_picked":["Barricade","Exhume"],"picked":"Offering","floor":16},{"not_picked":["Searing Blow","Clash+1","Rampage"],"picked":"SKIP","floor":18},{"not_picked":["Clothesline","Bloodletting+1"],"picked":"Evolve","floor":21}],"player_experience":535985,"relics_obtained":[{"floor":6,"key":"Unceasing Top"},{"floor":9,"key":"Pear"},{"floor":12,"key":"Bottled Tornado"},{"floor":19,"key":"Pen Nib"}],"event_choices":[{"damage_healed":0,"gold_gain":0,"player_choice":"Lose Max HP","damage_taken":0,"relics_obtained":["Golden Idol"],"max_hp_gain":0,"max_hp_loss":7,"event_name":"Golden Idol","floor":4,"gold_loss":0},{"cards_removed":["Strike_R"],"damage_healed":0,"gold_gain":0,"player_choice":"Card Removal","damage_taken":7,"max_hp_gain":0,"max_hp_loss":0,"event_name":"Golden Wing","floor":11,"gold_loss":0},{"damage_healed":0,"gold_gain":0,"player_choice":"Paid Gold","damage_taken":0,"relics_obtained":["Letter Opener"],"max_hp_gain":0,"max_hp_loss":0,"event_name":"WeMeetAgain","floor":13,"gold_loss":63},{"damage_healed":0,"gold_gain":0,"player_choice":"Ignored","damage_taken":0,"max_hp_gain":0,"max_hp_loss":0,"event_name":"Ghosts","floor":20,"gold_loss":0}],"is_beta":false,"boss_relics":[{"not_picked":["Philosopher\u0027s Stone","SlaversCollar"],"picked":"Mark of Pain"}],"items_purged_floors":[2],"is_endless":false,"potions_floor_spawned":[5,16],"killed_by":"Slavers","ascension_level":17}}