{"host":"eu5wvbbtjeiar27l","time":1610635202,"event":{"mods":["Astrologer","BaseMod","Colored Powertips","Conspire","Energized Spire","Hubris","Infinite Spire","Mad Scientist","Melee Mod","Minty Spire (QoL Compilation)","Potionbrewer","Rare Cards Sparkle","StSLib","The Construct","The Factory","The Jungle","The Runesmith","The Valiant","Treasure Hunter","themimic","vexMod"],"gold_per_floor":[12,32,50,50,64,96,107,107,132,145,159,5,38,52,52,157,823,843,856,329,329,346,346,361,72,95,126,143,160,160,160,160,265,265,281,267,267],"floor_reached":36,"language":"ENG","playtime":2486,"items_purged":["astrologer:Defend","TH:PixieDust","astrologer:Strike"],"score":425,"play_id":"adc56150-e48f-4492-8ab0-72b13e82eaa8","local_time":"20210114144002","is_ascension_mode":false,"campfire_choices":[{"data":"astrologer:Opposition","floor":8,"key":"SMITH"},{"data":"astrologer:Prismatic","floor":15,"key":"SMITH"},{"data":"astrologer:Opposition","floor":23,"key":"SMITH"},{"floor":30,"key":"REST"},{"data":"astrologer:Nova","floor":32,"key":"SMITH"}],"circlet_count":0,"master_deck":["astrologer:Strike","astrologer:Strike+1","astrologer:Strike+1","astrologer:Defend","astrologer:Defend","astrologer:Defend","astrologer:NorthStar+1","astrologer:TheFool","astrologer:StarOfMisfortune","astrologer:Opposition+1","astrologer:Conjunction","astrologer:StarOfMisfortune","astrologer:Stardust","astrologer:TheStar","astrologer:Prismatic+1","astrologer:LonelyStar","astrologer:SolarFlare","astrologer:Glimpse","astrologer:FrozenStar+1","astrologer:Trine","astrologer:Opposition+1","astrologer:Prestidigitation","astrologer:NorthStar+1","astrologer:SolarFlare","astrologer:Premonition","astrologer:Nova+1","astrologer:SpaceDust","infinitespire:Execution","astrologer:TheSun","astrologer:Stardust+1"],"relics":["astrologer:SkyMirror","construct:BoolHorns","Whetstone","hubris:ToyBattleship","potionbrewer:BottledElixir","vexMod:RockOfEvil","Bag of Marbles","hubris:EmptyBottle","Runesmith:AutoHammer","Orichalcum","Ginger","vexMod:DeviousBotling"],"acts_visited":["Exordium","TheCity","TheBeyond"],"potions_floor_usage":[6,6,19,27,27,27,28,29,29,29,29,29,33,33,33,33,35,36,36,36],"damage_taken":[{"damage":0,"enemies":"Jaw Worm","floor":1,"turns":3},{"damage":1,"enemies":"Cultist","floor":2,"turns":4},{"damage":0,"enemies":"2 Louse","floor":3,"turns":2},{"damage":0,"enemies":"Exordium Wildlife","floor":5,"turns":4},{"damage":11,"enemies":"Lagavulin","floor":6,"turns":5},{"damage":2,"enemies":"Lots of Slimes","floor":7,"turns":4},{"damage":5,"enemies":"Red Slaver","floor":10,"turns":2},{"damage":0,"enemies":"Looter","floor":11,"turns":3},{"damage":21,"enemies":"Gremlin Nob","floor":13,"turns":4},{"damage":0,"enemies":"Blue Slaver","floor":14,"turns":2},{"damage":3,"enemies":"Slime Boss","floor":16,"turns":6},{"damage":12,"enemies":"Shell Parasite","floor":18,"turns":5},{"damage":20,"enemies":"2 Thieves","floor":19,"turns":4},{"damage":5,"enemies":"3 Cultists","floor":22,"turns":5},{"damage":1,"enemies":"Cultist and Chosen","floor":24,"turns":6},{"damage":16,"enemies":"Slavers","floor":27,"turns":2},{"damage":5,"enemies":"Snecko","floor":28,"turns":5},{"damage":5,"enemies":"Snake Plant","floor":29,"turns":3},{"damage":19,"enemies":"Automaton","floor":33,"turns":8},{"damage":10,"enemies":"3 Shapes","floor":35,"turns":5},{"damage":27,"enemies":"infinitespire:Three Voidlings","floor":36,"turns":4},{"damage":54,"enemies":"Nightmare_Alpha","floor":36,"turns":7}],"seed_played":"2442720103322340250","potions_obtained":[{"floor":1,"key":"Fire Potion"},{"floor":3,"key":"SkillPotion"},{"floor":5,"key":"potionbrewer:CleansingPotion"},{"floor":6,"key":"Swift Potion"},{"floor":14,"key":"ColorlessPotion"},{"floor":24,"key":"Explosive Potion"},{"floor":28,"key":"EntropicBrew"},{"floor":29,"key":"FearPotion"}],"is_trial":false,"path_per_floor":["M","M","M","?","M","E","M","R","T","M","M","$","E","M","R","B",null,"M","M","$","?","M","R","M","$","T","E","M","M","R","AVR","R","B",null,"M","?"],"character_chosen":"ASTROLOGER","items_purchased":["astrologer:Prismatic","Bag of Marbles","astrologer:Trine","astrologer:Opposition","astrologer:Prestidigitation","astrologer:Premonition","hubris:EmptyBottle"],"campfire_rested":1,"item_purchase_floors":[12,20,20,20,20,25,25],"current_hp_per_floor":[70,69,69,69,69,58,56,56,56,51,51,51,30,30,30,27,70,58,38,38,38,33,33,32,32,32,16,11,6,27,27,27,8,70,60,0,0],"gold":267,"neow_bonus":"ONE_RARE_RELIC","is_daily":false,"chose_seed":false,"campfire_upgraded":4,"win_rate":0.0,"timestamp":1610635202,"path_taken":["M","M","M","?","M","E","M","R","T","M","M","$","E","?","R","BOSS","M","M","$","?","M","R","M","$","T","E","?","M","R","AVR","R","BOSS","M","?"],"items_purchased_type":["Card","Relic","Card","Card","Card","Card","Relic"],"build_version":"2020-12-22","purchased_purges":3,"victory":false,"max_hp_per_floor":[70,70,70,70,70,70,70,70,70,70,70,70,70,70,70,70,70,70,70,70,70,70,70,70,70,70,70,70,70,70,70,70,70,70,70,70,70],"card_choices":[{"not_picked":["astrologer:CometStrike","astrologer:Radiance"],"picked":"astrologer:StarOfMisfortune","floor":1},{"not_picked":["astrologer:TheEmpress","astrologer:CometStrike"],"picked":"astrologer:Opposition","floor":2},{"not_picked":["astrologer:SpaceDust","astrologer:TheDevil","astrologer:Eclipse"],"picked":"SKIP","floor":3},{"not_picked":["astrologer:SpaceDust","astrologer:WheelofFortune"],"picked":"astrologer:Conjunction","floor":5},{"not_picked":["astrologer:MeteorShower","astrologer:Alignment"],"picked":"astrologer:StarOfMisfortune","floor":6},{"not_picked":["TH:CursedSword","TH:EnergyPotion"],"picked":"SKIP","floor":6},{"not_picked":["astrologer:Temperance","astrologer:Eclipse"],"picked":"astrologer:Stardust","floor":7},{"not_picked":["TH:TreasureMap"],"picked":"TH:PixieDust","floor":9},{"not_picked":["astrologer:Divination","astrologer:FadingStar"],"picked":"astrologer:TheStar","floor":10},{"not_picked":["astrologer:TheLovers","astrologer:MeteorShower","astrologer:Quincunx"],"picked":"SKIP","floor":11},{"not_picked":["astrologer:TheEmperor","astrologer:SpaceDust"],"picked":"astrologer:LonelyStar","floor":13},{"not_picked":["TH:CopperCoins","TH:EnergyPotion"],"picked":"SKIP","floor":13},{"not_picked":["astrologer:MeteorShower","astrologer:Still"],"picked":"astrologer:SolarFlare","floor":14},{"not_picked":["astrologer:Moonlight","astrologer:TheDevil+1"],"picked":"astrologer:Glimpse","floor":18},{"not_picked":["astrologer:Radiance","astrologer:TheEmpress"],"picked":"astrologer:FrozenStar+1","floor":19},{"not_picked":["astrologer:Stardust","astrologer:ShootingStar"],"picked":"astrologer:SolarFlare","floor":22},{"not_picked":["astrologer:Radiance","astrologer:SolarFlare","astrologer:Observe"],"picked":"SKIP","floor":24},{"not_picked":["TH:PixieDust","TH:DeckOfManyThings"],"picked":"SKIP","floor":26},{"not_picked":["astrologer:CometStrike","astrologer:ReadTheStars"],"picked":"astrologer:Nova","floor":27},{"not_picked":["TH:EnergyPotion","TH:Mimic"],"picked":"SKIP","floor":27},{"not_picked":["astrologer:ReadTheStars+1","astrologer:TheTower","astrologer:Still"],"picked":"SKIP","floor":28},{"not_picked":["astrologer:MeteorShower","astrologer:Eclipse+1"],"picked":"astrologer:SpaceDust","floor":29},{"not_picked":["astrologer:Nova","astrologer:Death"],"picked":"astrologer:TheSun","floor":33},{"not_picked":["astrologer:Eclipse+1","astrologer:Still+1"],"picked":"astrologer:Stardust+1","floor":35}],"player_experience":165971,"relics_obtained":[{"floor":6,"key":"Whetstone"},{"floor":9,"key":"hubris:ToyBattleship"},{"floor":13,"key":"potionbrewer:BottledElixir"},{"floor":26,"key":"Runesmith:AutoHammer"},{"floor":27,"key":"Orichalcum"}],"event_choices":[{"damage_healed":0,"gold_gain":0,"player_choice":"Forge","damage_taken":0,"max_hp_gain":0,"max_hp_loss":0,"event_name":"Accursed Blacksmith","floor":4,"gold_loss":0,"cards_upgraded":["astrologer:NorthStar"]},{"damage_healed":0,"gold_gain":0,"player_choice":"Copied","damage_taken":0,"max_hp_gain":0,"max_hp_loss":0,"event_name":"Duplicator","floor":21,"gold_loss":0,"cards_obtained":["astrologer:NorthStar"]}],"is_beta":false,"boss_relics":[{"not_picked":["hubris:VirtuousBlindfold","energizedSpire:OgreHead"],"picked":"vexMod:RockOfEvil"},{"not_picked":["Sozu","infinitespire:Cupcake"],"picked":"vexMod:DeviousBotling"}],"items_purged_floors":[12,20,31],"is_endless":false,"potions_floor_spawned":[1,3,5,6,14,18,24,28,29],"killed_by":"Nightmare_Alpha","ascension_level":0}}