{"host":"e2ju6k0wppswbhbd","time":1610662880,"event":{"mods":["BaseMod","Minty Spire (QoL Compilation)","Rare Cards Sparkle","StSLib"],"gold_per_floor":[109,127,127,148,168,199,199,213,264,287,323,12,47,122,122,251,251,274,298,37,53,53,92,17,17,17,50,69,69,69,88,88,218,218,232,250,9,28,28,52,91,123,162,174,519,542,580,592,604,616,628,640,59,90,90,90],"floor_reached":55,"language":"FRA","playtime":8921,"items_purged":["Writhe","Parasite"],"score":814,"play_id":"dd99af09-069b-45b0-846c-afe0fcb996ad","local_time":"20210114232120","is_ascension_mode":false,"campfire_choices":[{"floor":7.0,"key":"RECALL"},{"floor":15.0,"key":"REST"},{"data":"Backflip","floor":25.0,"key":"SMITH"},{"data":"Poisoned Stab","floor":29.0,"key":"SMITH"},{"data":"Deadly Poison","floor":32.0,"key":"SMITH"},{"floor":44.0,"key":"REST"},{"floor":49.0,"key":"REST"},{"data":"After Image","floor":52,"key":"SMITH"}],"circlet_count":0,"master_deck":["Survivor+1","Neutralize+1","Dagger Spray","Cloak And Dagger","Deadly Poison+1","Dagger Throw","PiercingWail","Backflip+1","Underhanded Strike","Corpse Explosion","Deadly Poison","PiercingWail","After Image+1","Well Laid Plans+1","Acrobatics+1","Panache","Panacea","Poisoned Stab+1","Blur+1","Masterful Stab+1","Catalyst+1","Envenom","Heel Hook","Deadly Poison","Reflex","Dagger Spray","Riddle With Holes","PiercingWail","Predator","Masterful Stab","Venomology","Malaise","Sucker Punch+1","Tactician","Secret Technique","Dash+1","Dodge and Roll+1","Prepared+1","Terror","Forethought","Concentrate"],"relics":["Ring of the Snake","Orichalcum","Sundial","Ice Cream","Potion Belt","HoveringKite","Mango","Eternal Feather","Dream Catcher","Smiling Mask","Pandora\u0027s Box","MawBank","Vajra","Gremlin Horn","Oddly Smooth Stone","Toolbox","Mercury Hourglass"],"acts_visited":["Exordium","TheCity","TheBeyond","TheEnding"],"potions_floor_usage":[50,50,54,54,54],"damage_taken":[{"damage":0.0,"enemies":"Small Slimes","floor":1.0,"turns":3.0},{"damage":0.0,"enemies":"Cultist","floor":2.0,"turns":4.0},{"damage":0.0,"enemies":"Jaw Worm","floor":4.0,"turns":5.0},{"damage":2.0,"enemies":"Looter","floor":5.0,"turns":4.0},{"damage":12.0,"enemies":"3 Sentries","floor":6.0,"turns":5.0},{"damage":0.0,"enemies":"Blue Slaver","floor":8.0,"turns":4.0},{"damage":0.0,"enemies":"Gremlin Gang","floor":10.0,"turns":4.0},{"damage":8.0,"enemies":"Gremlin Nob","floor":11.0,"turns":3.0},{"damage":10.0,"enemies":"Lagavulin","floor":13.0,"turns":6.0},{"damage":19.0,"enemies":"Hexaghost","floor":16.0,"turns":10.0},{"damage":0.0,"enemies":"2 Thieves","floor":18.0,"turns":4.0},{"damage":4.0,"enemies":"Shell Parasite","floor":19.0,"turns":7.0},{"damage":0.0,"enemies":"Centurion and Healer","floor":21.0,"turns":5.0},{"damage":22.0,"enemies":"Gremlin Leader","floor":23.0,"turns":8.0},{"damage":14.0,"enemies":"Book of Stabbing","floor":27.0,"turns":7.0},{"damage":1.0,"enemies":"Shelled Parasite and Fungi","floor":28.0,"turns":7.0},{"damage":18.0,"enemies":"Snake Plant","floor":31.0,"turns":5.0},{"damage":57.0,"enemies":"Champ","floor":33.0,"turns":12.0},{"damage":9.0,"enemies":"Orb Walker","floor":35.0,"turns":5.0},{"damage":1.0,"enemies":"3 Shapes","floor":36.0,"turns":6.0},{"damage":0.0,"enemies":"Writhing Mass","floor":38.0,"turns":4.0},{"damage":0.0,"enemies":"Transient","floor":40.0,"turns":5.0},{"damage":30.0,"enemies":"Reptomancer","floor":41.0,"turns":8.0},{"damage":31.0,"enemies":"Jaw Worm Horde","floor":42.0,"turns":5.0},{"damage":28.0,"enemies":"Sphere and 2 Shapes","floor":46.0,"turns":6.0},{"damage":5.0,"enemies":"Giant Head","floor":47.0,"turns":7.0},{"damage":61,"enemies":"Awakened One","floor":50,"turns":16},{"damage":79,"enemies":"Shield and Spear","floor":54,"turns":7},{"damage":55,"enemies":"The Heart","floor":55,"turns":3}],"seed_played":"2770237510648034278","potions_obtained":[{"floor":4.0,"key":"Poison Potion"},{"floor":5.0,"key":"Explosive Potion"},{"floor":8.0,"key":"PowerPotion"},{"floor":13.0,"key":"SpeedPotion"},{"floor":16.0,"key":"AttackPotion"},{"floor":19.0,"key":"SmokeBomb"},{"floor":23.0,"key":"Strength Potion"},{"floor":28.0,"key":"Ancient Potion"},{"floor":31.0,"key":"AttackPotion"},{"floor":35.0,"key":"FearPotion"},{"floor":40.0,"key":"DuplicationPotion"},{"floor":42.0,"key":"Explosive Potion"},{"floor":46.0,"key":"Dexterity Potion"},{"floor":47.0,"key":"FearPotion"}],"is_trial":false,"path_per_floor":["M","M","?","M","M","E","R","M","T","M","E","$","E","?","R","B",null,"M","M","$","M","?","E","?","R","T","E","M","R","?","M","R","B",null,"M","M","$","M","?","M","E","M","T","R","?","M","E","?","R","B",null,"R","$","E","B"],"character_chosen":"THE_SILENT","items_purchased":["Ice Cream","Deadly Poison","Panache","Panacea","Secret Technique","PowerPotion","Swift Potion","SpeedPotion","Oddly Smooth Stone","Forethought","Toolbox"],"campfire_rested":3,"item_purchase_floors":[12,12,20,20,37,53,53,53,53,53,53],"current_hp_per_floor":[70,70,70,70,68,56,56,56,56,56,48,48,38,31,52,33,70,70,66,66,66,66,58,58,58,58,44,43,61,61,43,61,4,84,75,74,74,74,74,74,44,13,13,59,59,31,26,26,75,14,84,84,81,2,0,0],"gold":90,"neow_bonus":"UPGRADE_CARD","is_daily":false,"chose_seed":false,"campfire_upgraded":4,"win_rate":0.0,"timestamp":1610662880,"path_taken":["M","M","?","M","M","E","R","M","T","M","E","$","E","?","R","BOSS","M","M","$","M","?","E","?","R","T","E","M","R","?","M","R","BOSS","M","M","$","M","?","M","E","?","T","R","?","M","E","?","R","BOSS","R","$","E","BOSS"],"items_purchased_type":["Relic","Card","Card","Card","Card","Potion","Potion","Potion","Relic","Card","Relic"],"build_version":"2020-12-22","purchased_purges":2,"victory":false,"max_hp_per_floor":[70,70,70,70,70,70,70,70,70,70,70,70,70,70,70,70,70,70,70,70,70,70,84,84,84,84,84,84,84,84,84,84,84,84,84,84,84,84,84,84,84,84,84,84,84,84,84,84,84,84,84,84,81,81,81,81],"card_choices":[{"not_picked":["Deadly Poison","Bane"],"picked":"Dagger Spray","floor":1.0},{"not_picked":["Well Laid Plans","Distraction"],"picked":"Cloak And Dagger","floor":2.0},{"not_picked":["Choke","Terror"],"picked":"Deadly Poison","floor":4.0},{"not_picked":["Infinite Blades","Prepared"],"picked":"Dagger Throw","floor":5.0},{"not_picked":["Acrobatics","Endless Agony"],"picked":"PiercingWail","floor":6.0},{"not_picked":["Deflect","Bane"],"picked":"Backflip","floor":8.0},{"not_picked":["Setup","Sucker Punch"],"picked":"Underhanded Strike","floor":10.0},{"not_picked":["Masterful Stab","Dagger Throw"],"picked":"Corpse Explosion","floor":11.0},{"not_picked":["All Out Attack","Accuracy"],"picked":"PiercingWail","floor":13.0},{"not_picked":["Corpse Explosion","Grand Finale"],"picked":"After Image","floor":16.0},{"not_picked":["Heel Hook","Backflip"],"picked":"Well Laid Plans+1","floor":18.0},{"not_picked":["Underhanded Strike","Quick Slash"],"picked":"Acrobatics+1","floor":19.0},{"not_picked":["Underhanded Strike","Deflect"],"picked":"Poisoned Stab","floor":21.0},{"not_picked":["Expertise","Bouncing Flask"],"picked":"Blur+1","floor":23.0},{"not_picked":["Flechettes+1","Deadly Poison"],"picked":"Masterful Stab+1","floor":27.0},{"not_picked":["Dagger Throw","Backflip","Acrobatics"],"picked":"SKIP","floor":28.0},{"not_picked":["Quick Slash","Prepared"],"picked":"Catalyst+1","floor":31.0},{"not_picked":["Adrenaline","Tools of the Trade"],"picked":"Envenom","floor":33.0},{"not_picked":["Dagger Throw","Quick Slash"],"picked":"Sucker Punch+1","floor":35.0},{"not_picked":["Cloak And Dagger","Blade Dance"],"picked":"Tactician","floor":36.0},{"not_picked":["Sucker Punch+1","Flying Knee","Slice+1"],"picked":"SKIP","floor":38.0},{"not_picked":["Quick Slash","Accuracy","Catalyst"],"picked":"SKIP","floor":40.0},{"not_picked":["Burst","Deflect+1"],"picked":"Dash+1","floor":41.0},{"not_picked":["Outmaneuver+1","Dagger Throw","Dagger Spray"],"picked":"SKIP","floor":42.0},{"not_picked":["PiercingWail","Acrobatics"],"picked":"Dodge and Roll+1","floor":44.0},{"not_picked":["Flying Knee+1","Quick Slash+1"],"picked":"Prepared+1","floor":46.0},{"not_picked":["Flying Knee","Doppelganger"],"picked":"Terror","floor":47.0},{"not_picked":["Terror","Finisher+1"],"picked":"Concentrate","floor":54}],"player_experience":2660552,"relics_obtained":[{"floor":6.0,"key":"Orichalcum"},{"floor":11.0,"key":"Sundial"},{"floor":13.0,"key":"Potion Belt"},{"floor":23.0,"key":"Mango"},{"floor":26.0,"key":"Eternal Feather"},{"floor":27.0,"key":"Dream Catcher"},{"floor":41.0,"key":"MawBank"},{"floor":43.0,"key":"Vajra"},{"floor":47.0,"key":"Gremlin Horn"},{"floor":54,"key":"Mercury Hourglass"}],"event_choices":[{"damage_healed":0.0,"max_hp_gain":0.0,"max_hp_loss":0.0,"gold_gain":0.0,"event_name":"Golden Idol","player_choice":"Take Wound","floor":3.0,"gold_loss":0.0,"damage_taken":0.0,"relics_obtained":["Golden Idol"],"cards_obtained":["Injury"]},{"damage_healed":0.0,"max_hp_gain":0.0,"max_hp_loss":0.0,"gold_gain":75.0,"event_name":"FaceTrader","player_choice":"Touch","floor":14.0,"gold_loss":0.0,"damage_taken":7.0},{"cards_removed":["Injury"],"damage_healed":0.0,"max_hp_gain":0.0,"max_hp_loss":0.0,"gold_gain":0.0,"event_name":"Beggar","player_choice":"Gave Gold","floor":24.0,"gold_loss":75.0,"damage_taken":0.0},{"damage_healed":0.0,"max_hp_gain":0.0,"max_hp_loss":0.0,"gold_gain":0.0,"event_name":"The Mausoleum","player_choice":"Opened","floor":30.0,"gold_loss":0.0,"damage_taken":0.0,"relics_obtained":["Smiling Mask"],"cards_obtained":["Writhe"]},{"damage_healed":0.0,"max_hp_gain":0.0,"max_hp_loss":0.0,"gold_gain":0.0,"event_name":"NoteForYourself","player_choice":"Ignored","floor":39.0,"gold_loss":0.0,"damage_taken":0.0},{"damage_healed":0.0,"max_hp_gain":0.0,"max_hp_loss":0.0,"gold_gain":333.0,"event_name":"The Moai Head","player_choice":"Gave Idol","floor":45.0,"relics_lost":["Golden Idol"],"gold_loss":0.0,"damage_taken":0.0},{"damage_healed":0.0,"max_hp_gain":0.0,"max_hp_loss":0.0,"gold_gain":0.0,"event_name":"Accursed Blacksmith","player_choice":"Forge","floor":48.0,"gold_loss":0.0,"damage_taken":0.0,"cards_upgraded":["Survivor"]}],"is_beta":false,"boss_relics":[{"not_picked":["Busted Crown","Velvet Choker"],"picked":"HoveringKite"},{"not_picked":["Runic Dome","Sozu"],"picked":"Pandora\u0027s Box"}],"items_purged_floors":[37,53],"is_endless":false,"potions_floor_spawned":[4,5,8,13,16,19,23,28,31,35,40,42,46,47],"killed_by":"The Heart","ascension_level":0}}