{"host":"pi8b3ffzwvxqztac","time":1610616651,"event":{"mods":["BaseMod","Colored Map","Downfall","Minty Spire (QoL Compilation)","StSLib","The Jungle"],"gold_per_floor":[112,187,199,212,232,232,250,250,274,274,274,274,274,274,274,405,468,482,118,118,118,143,143,163,163,189,189,208,58,58,83,83,209,209,225,225,225,243,267,301,301,321,346,366,326,326,659,17,17,17,17],"floor_reached":50,"language":"ENG","playtime":3136,"items_purged":["hexamod:Haunted"],"score":535,"play_id":"b18f50a2-9dcf-49b0-afc1-92cff172c857","local_time":"20210114223051","is_ascension_mode":false,"campfire_choices":[{"data":"Tools of the Trade","floor":6.0,"key":"SMITH"},{"data":"Doppelganger","floor":8.0,"key":"SMITH"},{"data":"Dodge and Roll","floor":11.0,"key":"SMITH"},{"data":"Leg Sweep","floor":13.0,"key":"SMITH"},{"data":"Venomology","floor":15.0,"key":"SMITH"},{"data":"Trip","floor":23.0,"key":"SMITH"},{"data":"Tactician","floor":27.0,"key":"SMITH"},{"data":"Doppelganger","floor":32.0,"key":"SMITH"},{"floor":41,"key":"REST"},{"data":"Adrenaline","floor":46,"key":"SMITH"},{"data":"Backflip","floor":49,"key":"SMITH"}],"circlet_count":0,"master_deck":["Strike_G","Strike_G","Strike_G","Strike_G","Defend_G","Defend_G","Defend_G","Defend_G","Defend_G+1","Survivor","Neutralize","Doppelganger+1","Dagger Throw","Bouncing Flask+1","Tools of the Trade+1","Dodge and Roll+1","Leg Sweep+1","Trip+1","Venomology+1","Neutralize","Die Die Die","Backflip+1","Dagger Throw+1","Backflip+1","Tactician+1","Slice+1","Acrobatics+1","Dagger Throw","Flying Knee+1","Blade Dance+1","Eviscerate","Dagger Throw+1","Doppelganger+1","Dagger Spray","Envenom+1","Infinite Blades","Tactician+1","Infinite Blades+1","Adrenaline+1","Backstab","Infinite Blades","Slice"],"relics":["Ring of the Snake","Blood Vial","Tiny House","Bronze Scales","Orrery","Kunai","Juzu Bracelet","Anchor","WristBlade","Regal Pillow","Dream Catcher","Nunchaku","War Paint","Tingsha","Strange Spoon"],"acts_visited":["Exordium","Exordium","TheBeyond"],"potions_floor_usage":[33,33,33,38,38,40,42,42,44,50,50,50],"damage_taken":[{"damage":0.0,"enemies":"2 Louse","floor":1.0,"turns":3.0},{"damage":0.0,"enemies":"Jaw Worm","floor":3.0,"turns":4.0},{"damage":0.0,"enemies":"Cultist","floor":4.0,"turns":4.0},{"damage":8.0,"enemies":"3 Louse","floor":5.0,"turns":5.0},{"damage":0.0,"enemies":"2 Fungi Beasts","floor":7.0,"turns":4.0},{"damage":34.0,"enemies":"Slime Boss","floor":16.0,"turns":18.0},{"damage":10.0,"enemies":"theJungle:Flameango_and_Byrd","floor":18.0,"turns":6.0},{"damage":14.0,"enemies":"JungleHuntersEvent","floor":20.0,"turns":6.0},{"damage":0.0,"enemies":"theJungle:MUSHROOMGANG","floor":22.0,"turns":3.0},{"damage":2.0,"enemies":"theJungle:Lyon","floor":24.0,"turns":4.0},{"damage":0.0,"enemies":"theJungle:2_Snecko_Cultists","floor":28.0,"turns":2.0},{"damage":2.0,"enemies":"theJungle:SlimyTreeVines","floor":31.0,"turns":4.0},{"damage":1,"enemies":"theJungle:FunGuy","floor":33,"turns":9},{"damage":0,"enemies":"Orb Walker","floor":35,"turns":3},{"damage":1,"enemies":"3 Darklings","floor":38,"turns":5},{"damage":0,"enemies":"Transient","floor":39,"turns":5},{"damage":35,"enemies":"Nemesis","floor":40,"turns":5},{"damage":0,"enemies":"Jaw Worm Horde","floor":42,"turns":4},{"damage":3,"enemies":"Sphere and 2 Shapes","floor":44,"turns":3},{"damage":66,"enemies":"Time Eater","floor":50,"turns":7}],"seed_played":"-7644298727453419019","potions_obtained":[{"floor":5.0,"key":"EntropicBrew"},{"floor":7.0,"key":"PowerPotion"},{"floor":16.0,"key":"AttackPotion"},{"floor":17.0,"key":"SneckoOil"},{"floor":18.0,"key":"EssenceOfSteel"},{"floor":40,"key":"Explosive Potion"},{"floor":44,"key":"FearPotion"}],"is_trial":false,"path_per_floor":["M","?","M","M","M","R","M","R","T","?","R","?","R","?","R","B",null,"M","$","?","?","M","R","M","?","T","R","M","$","?","M","R","B",null,"M","?","T","M","M","E","R","M","T","M","?","R","?","$","R","B"],"character_chosen":"THE_SILENT","items_purchased":["Bronze Scales","Orrery","Anchor","War Paint","Tingsha","Strange Spoon","Slice"],"campfire_rested":1,"item_purchase_floors":[19,19,29,48,48,48,48],"current_hp_per_floor":[63,52,52,52,44,44,44,44,44,44,44,44,44,44,44,12,63,53,53,41,49,51,51,51,51,51,51,53,53,53,58,58,59,63,63,63,63,62,63,28,61,63,63,60,60,60,60,60,60,0,0],"gold":17,"neow_bonus":"THREE_RARE_CARDS","is_daily":false,"chose_seed":false,"campfire_upgraded":10,"win_rate":0.0,"timestamp":1610616651,"path_taken":["M","?","M","M","M","R","M","R","T","?","R","?","R","?","R","BOSS","M","$","?","?","M","R","M","?","T","R","M","?","?","M","R","BOSS","M","?","?","M","M","E","R","M","T","M","?","R","?","$","R","BOSS"],"items_purchased_type":["Relic","Relic","Relic","Relic","Relic","Relic","Card"],"build_version":"2020-12-22","purchased_purges":1,"victory":false,"max_hp_per_floor":[63,63,63,63,63,63,63,63,63,58,58,58,58,58,58,58,63,63,63,63,63,63,63,63,63,63,63,63,63,63,63,63,63,63,63,63,63,63,63,63,63,63,63,63,63,63,63,63,63,63,63],"card_choices":[{"not_picked":["Wraith Form v2","Night Terror"],"picked":"Doppelganger","floor":0.0},{"not_picked":["Blade Dance","Bane"],"picked":"Dagger Throw","floor":1.0},{"not_picked":["Blade Dance","Predator"],"picked":"Bouncing Flask","floor":3.0},{"not_picked":["Acrobatics","Crippling Poison"],"picked":"Tools of the Trade","floor":4.0},{"not_picked":["Flying Knee","Underhanded Strike"],"picked":"Dodge and Roll","floor":5.0},{"not_picked":["Prepared","Deflect"],"picked":"Leg Sweep","floor":7.0},{"not_picked":["Night Terror","Unload"],"picked":"Die Die Die","floor":16.0},{"not_picked":["Quick Slash","Poisoned Stab"],"picked":"Backflip","floor":17.0},{"not_picked":["PiercingWail","Sucker Punch"],"picked":"Dagger Throw+1","floor":18.0},{"not_picked":["Caltrops+1","Sucker Punch+1"],"picked":"Backflip+1","floor":19.0},{"not_picked":["Prepared+1","Dagger Spray"],"picked":"Tactician","floor":19.0},{"not_picked":["Outmaneuver","Bane"],"picked":"Slice+1","floor":19.0},{"not_picked":["Leg Sweep","Outmaneuver"],"picked":"Acrobatics+1","floor":19.0},{"not_picked":["Unload","PiercingWail"],"picked":"Dagger Throw","floor":19.0},{"not_picked":["Poisoned Stab","Acrobatics+1"],"picked":"Flying Knee+1","floor":20.0},{"not_picked":["Sucker Punch+1","Backflip"],"picked":"Blade Dance","floor":22.0},{"not_picked":["Underhanded Strike","Quick Slash"],"picked":"Eviscerate","floor":24.0},{"not_picked":["Crippling Poison","PiercingWail"],"picked":"Dagger Throw+1","floor":28.0},{"not_picked":["Bane","Deadly Poison"],"picked":"Dagger Spray","floor":31.0},{"not_picked":["Glass Knife","Venomology"],"picked":"Envenom","floor":33},{"not_picked":["Poisoned Stab+1","Reflex+1"],"picked":"Infinite Blades","floor":35},{"not_picked":["Flying Knee","Distraction"],"picked":"Tactician","floor":38},{"not_picked":["Catalyst","Slice+1"],"picked":"Infinite Blades+1","floor":39},{"not_picked":["Slice+1","Crippling Poison"],"picked":"Adrenaline","floor":40},{"not_picked":["Dash","Deadly Poison"],"picked":"Backstab","floor":42},{"not_picked":["Dagger Throw+1","Poisoned Stab"],"picked":"Infinite Blades","floor":44}],"player_experience":521173,"relics_obtained":[{"floor":9.0,"key":"Blood Vial"},{"floor":20.0,"key":"Kunai"},{"floor":26.0,"key":"Juzu Bracelet"},{"floor":37,"key":"Regal Pillow"},{"floor":40,"key":"Dream Catcher"},{"floor":43,"key":"Nunchaku"}],"event_choices":[{"damage_healed":0.0,"max_hp_gain":0.0,"max_hp_loss":0.0,"gold_gain":75.0,"event_name":"World of Goop","player_choice":"Gather Gold","floor":2.0,"gold_loss":0.0,"damage_taken":11.0},{"damage_healed":0.0,"max_hp_gain":0.0,"max_hp_loss":5.0,"gold_gain":0.0,"event_name":"Golden Idol","player_choice":"Lose Max HP","floor":10.0,"gold_loss":0.0,"damage_taken":0.0,"relics_obtained":["Golden Idol"]},{"damage_healed":0.0,"max_hp_gain":0.0,"max_hp_loss":0.0,"gold_gain":0.0,"event_name":"Liars Game","player_choice":"Ignored","floor":12.0,"gold_loss":0.0,"damage_taken":0.0},{"damage_healed":0.0,"max_hp_gain":0.0,"max_hp_loss":0.0,"gold_gain":0.0,"event_name":"Match and Keep!","player_choice":"4 cards matched","floor":14.0,"gold_loss":0.0,"damage_taken":0.0,"cards_obtained":["Trip","Venomology","Neutralize","hexamod:Haunted"]},{"damage_healed":0.0,"max_hp_gain":0.0,"max_hp_loss":0.0,"gold_gain":0.0,"cards_transformed":["Strike_G"],"event_name":"Transmorgrifier","player_choice":"Transformed","floor":30.0,"gold_loss":0.0,"damage_taken":0.0,"cards_obtained":["Doppelganger"]},{"damage_healed":0,"gold_gain":0,"player_choice":"Forge","damage_taken":0,"max_hp_gain":0,"max_hp_loss":0,"event_name":"Accursed Blacksmith","floor":36,"gold_loss":0,"cards_upgraded":["Envenom"]},{"damage_healed":0,"gold_gain":0,"player_choice":"Upgrade","damage_taken":0,"max_hp_gain":0,"max_hp_loss":0,"event_name":"Designer","floor":45,"gold_loss":40,"cards_upgraded":["Tactician"]},{"damage_healed":0,"gold_gain":333,"player_choice":"Gave Idol","damage_taken":0,"max_hp_gain":0,"max_hp_loss":0,"event_name":"The Moai Head","floor":47,"relics_lost":["Golden Idol"],"gold_loss":0}],"is_beta":false,"boss_relics":[{"not_picked":["Velvet Choker","Astrolabe"],"picked":"Tiny House"},{"not_picked":["Cursed Key","Philosopher\u0027s Stone"],"picked":"WristBlade"}],"items_purged_floors":[19],"is_endless":false,"potions_floor_spawned":[5,7,16,18,31,40,44],"killed_by":"Time Eater","ascension_level":0}}