{"host":"wonp23fsqqcu31ie","time":1610664362,"event":{"mods":["2.2 Compatiblity","AchievementEnabler","Aspiration","BaseMod","Bestiary","Better Altar","Better Match","Better Sensory Stone","Better Skull","Better Third Choice","BetterRewards","Block Reminder","Colored Map","Colored Powertips","Conspire","Curses Come First","DeckTracker","Displayed Cursed Tome","Downfall","Energized Spire","Evolution","Hermit","Highlight Path","Hubris","Infinite Spire","Marisa????????","Minty Spire (QoL Compilation)","Permanent Neow","Prisma Mod","Quick Restart","Rare Cards Sparkle","Relic Stats","Replay The Spire","Robot Space Explorer","Shade Mod","Shop Mod","StSLib","SuperFastMode","The Animator","The Bug Knight","The Construct","The Cursed","The Disciple","The Dragon Tamer","The Gatherer","The Hierophant","The Marked","The Necromancer","The Poker Player","The Runesmith","The Saiyan","The Servant 0.9.4","TheBandit"],"gold_per_floor":[119,36,54,97,120,120,31,31,31,101,119,169,169,183,183,287,287,287,287,15,28,16,16,35,53,53,72,72,72],"floor_reached":28,"language":"ENG","playtime":890,"items_purged":["Pain"],"score":310,"play_id":"eb342e2c-49b0-46da-bde9-378a074f4f80","local_time":"20210115094602","is_ascension_mode":false,"campfire_choices":[{"floor":6,"key":"REST"},{"data":"expansioncontent:Sear","floor":13,"key":"SMITH"},{"data":"HollowMod:CycloneSlash","floor":15,"key":"SMITH"},{"data":"HollowMod:HornetsHelp","floor":23,"key":"SMITH"}],"circlet_count":0,"master_deck":["HollowMod:SharpenedNail","HollowMod:SharpenedNail","HollowMod:NailStrikeStart","HollowMod:NailStrikeStart","HollowMod:QuickDashStart","HollowMod:QuickDashStart","HollowMod:QuickDashStart","HollowMod:QuickDashStart","HollowMod:FocusHealStart","HollowMod:PogoStrike","HollowMod:HeavyBlow","expansioncontent:Sear+1","HollowMod:DashSlash","HollowMod:ElderbugsWisdom","ReplayTheSpireMod:Private Reserves","HollowMod:CloakDash+1","HollowMod:CycloneSlash+1","HollowMod:SoulShaman+1","HollowMod:HornetsHelp+1","HollowMod:GoodIntentions+1","HollowMod:CycloneSlash","HollowMod:GrimmsGift+1"],"relics":["HollowMod:VesselMask","EVO:Axolotl","Tiny Chest","SsserpentHead","Toxic Egg 2","Toy Ornithopter","WarpedTongs","MerchantsRug","Pen Nib","infinitespire:Lucky Rock","HollowMod:StagPassRelic"],"acts_visited":["Exordium","TheCity"],"potions_floor_usage":[16,16,16,16,16,16,25,28],"damage_taken":[{"damage":0,"enemies":"2 Louse","floor":1,"turns":2},{"damage":5,"enemies":"Small Slimes","floor":3,"turns":3},{"damage":3,"enemies":"Jaw Worm","floor":10,"turns":4},{"damage":0,"enemies":"3 Louse","floor":11,"turns":3},{"damage":1,"enemies":"Lots of Slimes","floor":14,"turns":2},{"damage":28,"enemies":"Slime Boss","floor":16,"turns":8},{"damage":0,"enemies":"Chosen","floor":18,"turns":4},{"damage":26,"enemies":"Shell Parasite","floor":21,"turns":6},{"damage":39,"enemies":"3 Cultists","floor":24,"turns":5},{"damage":21,"enemies":"Snecko","floor":25,"turns":6},{"damage":28,"enemies":"Centurion and Healer","floor":27,"turns":10},{"damage":61,"enemies":"Nightmare","floor":28,"turns":10}],"seed_played":"-6175457951260981893","potions_obtained":[{"floor":3,"key":"Swift Potion"},{"floor":4,"key":"EntropicBrew"},{"floor":14,"key":"construct:ShiftPotion"},{"floor":24,"key":"SteroidPotion"},{"floor":27,"key":"SkillPotion"}],"is_trial":false,"path_per_floor":["M","$","M","?","T","R","$","?","T","M","M","T","R","M","R","B",null,"M","?","$","M","?","R","M","M","T","M","NM"],"character_chosen":"THE_BUGKNIGHT","items_purchased":["expansioncontent:Sear","ReplayTheSpireMod:Private Reserves","MerchantsRug","Pen Nib","FairyPotion"],"campfire_rested":1,"item_purchase_floors":[2,7,20,20,20],"current_hp_per_floor":[80,80,75,40,40,66,66,66,66,69,75,75,75,80,80,67,89,89,89,89,69,69,69,36,20,20,26,0,0],"gold":72,"neow_bonus":"","is_daily":false,"chose_seed":false,"campfire_upgraded":3,"win_rate":0.0,"timestamp":1610664362,"path_taken":["M","$","M","?","?","R","$","?","T","?","M","?","R","M","R","BOSS","M","?","?","M","?","R","M","M","T","M","NM"],"items_purchased_type":["Card","Card","Relic","Relic","Potion"],"build_version":"2020-12-22","purchased_purges":1,"victory":false,"max_hp_per_floor":[89,89,89,89,89,89,89,89,89,89,89,89,89,89,89,89,89,89,89,89,89,89,89,89,89,89,89,89,89],"relic_stats":{"SsserpentHead":200,"counters":[24,114],"Tiny Chest":1,"Pen Nib":[7],"obtain_stats":[{"infinitespire:BottledMercury":14,"Vajra":19,"HollowMod:VesselMask":0,"Mango":0,"EVO:Axolotl":0,"HollowMod:StagPassRelic":26,"Replay:Rubber Ducky":9,"SsserpentHead":8,"Nunchaku":6,"Replay:M_SmolderingBlood":0,"Mummified Hand":25,"Tiny Chest":4,"Toxic Egg 2":9,"MerchantsRug":19,"aspiration:Nostalgia":0,"aspiration:FetidBarrel":24,"Oddly Smooth Stone":26,"energizedSpire:EnergizedDie":17,"infinitespire:FocusingShard":31,"Pen Nib":20,"infinitespire:Lucky Rock":22,"HollowMod:KingsBrand":28,"WarpedTongs":19,"Bloody Idol":20,"Toy Ornithopter":12,"infinitespire:Cupcake":17},{"infinitespire:BottledMercury":5,"Vajra":7,"HollowMod:VesselMask":0,"Mango":12,"EVO:Axolotl":0,"HollowMod:StagPassRelic":22,"Replay:Rubber Ducky":4,"SsserpentHead":14,"Nunchaku":3,"Replay:M_SmolderingBlood":0,"Mummified Hand":8,"Tiny Chest":14,"Toxic Egg 2":14,"MerchantsRug":7,"aspiration:Nostalgia":0,"aspiration:FetidBarrel":8,"Oddly Smooth Stone":8,"energizedSpire:EnergizedDie":18,"infinitespire:FocusingShard":11,"Pen Nib":19,"infinitespire:Lucky Rock":20,"HollowMod:KingsBrand":9,"WarpedTongs":19,"Bloody Idol":7,"Toy Ornithopter":16,"infinitespire:Cupcake":6},{"infinitespire:BottledMercury":14,"Vajra":26,"HollowMod:VesselMask":0,"Mango":51,"EVO:Axolotl":0,"HollowMod:StagPassRelic":94,"Replay:Rubber Ducky":11,"SsserpentHead":56,"Nunchaku":9,"Replay:M_SmolderingBlood":0,"Mummified Hand":29,"Tiny Chest":56,"Toxic Egg 2":56,"MerchantsRug":26,"aspiration:Nostalgia":0,"aspiration:FetidBarrel":29,"Oddly Smooth Stone":29,"energizedSpire:EnergizedDie":73,"infinitespire:FocusingShard":45,"Pen Nib":77,"infinitespire:Lucky Rock":83,"HollowMod:KingsBrand":37,"WarpedTongs":77,"Bloody Idol":26,"Toy Ornithopter":63,"infinitespire:Cupcake":22}],"Toy Ornithopter":19,"WarpedTongs":[37]},"card_choices":[{"not_picked":["HollowMod:RecoilStrike","HollowMod:VengefulVoid"],"picked":"HollowMod:HeavyBlow","floor":1},{"not_picked":["HollowMod:SoulSplash","HollowMod:WraithStrike","HollowMod:FastStrike"],"picked":"SKIP","floor":3},{"not_picked":["HollowMod:RecoilStrike","HollowMod:VengefulVoid"],"picked":"HollowMod:DashSlash","floor":4},{"not_picked":["HollowMod:DashSlash","HollowMod:SharpenedNail"],"picked":"HollowMod:ElderbugsWisdom","floor":4},{"not_picked":["HollowMod:NewGlowingWomb","HollowMod:WraithStrike"],"picked":"HollowMod:CloakDash+1","floor":10},{"not_picked":["HollowMod:WraithStrike","HollowMod:TaintedHusks+1"],"picked":"HollowMod:CycloneSlash","floor":11},{"not_picked":["HollowMod:DescendingDark","HollowMod:SoulMaster"],"picked":"HollowMod:SoulShaman+1","floor":14},{"not_picked":["HollowMod:Weaversong","HollowMod:PureVessel"],"picked":"HollowMod:HornetsHelp","floor":16},{"not_picked":["HollowMod:FastStrike","HollowMod:TaintedHusks+1"],"picked":"HollowMod:GoodIntentions+1","floor":18},{"not_picked":["HollowMod:BaldurShell","HollowMod:SiblingsShadow+1"],"picked":"HollowMod:CycloneSlash","floor":21},{"not_picked":["HollowMod:DreamGate+1","HollowMod:HowlingWraiths+1"],"picked":"HollowMod:GrimmsGift+1","floor":24},{"not_picked":["HollowMod:SoulEater","HollowMod:FastStrike","HollowMod:SharpenedShadows"],"picked":"SKIP","floor":25},{"not_picked":["HollowMod:SoulEater","HollowMod:FastStrike","HollowMod:SharpenedShadows"],"picked":"SKIP","floor":25},{"not_picked":["HollowMod:NewJinnsSoul+1","HollowMod:HeavyBlow","HollowMod:InfectedAttack+1"],"picked":"SKIP","floor":27}],"player_experience":522380,"relics_obtained":[{"floor":4,"key":"Tiny Chest"},{"floor":9,"key":"Toxic Egg 2"},{"floor":12,"key":"Toy Ornithopter"},{"floor":26,"key":"HollowMod:StagPassRelic"}],"event_choices":[{"damage_healed":0,"gold_gain":0,"player_choice":"Trade","damage_taken":0,"relics_obtained":["SsserpentHead"],"max_hp_gain":0,"max_hp_loss":0,"event_name":"FaceTrader","floor":8,"gold_loss":0},{"damage_healed":0,"gold_gain":0,"player_choice":"Rummage","damage_taken":0,"relics_obtained":["WarpedTongs"],"max_hp_gain":0,"max_hp_loss":0,"event_name":"Accursed Blacksmith","floor":19,"gold_loss":0,"cards_obtained":["Pain"]},{"damage_healed":0,"gold_gain":0,"player_choice":"Paid Gold","damage_taken":0,"relics_obtained":["infinitespire:Lucky Rock"],"max_hp_gain":0,"max_hp_loss":0,"event_name":"WeMeetAgain","floor":22,"gold_loss":62}],"is_beta":false,"boss_relics":[{"not_picked":["Pandora\u0027s Box","Snecko Eye"],"picked":"energizedSpire:EnergizedDie"}],"items_purged_floors":[20],"is_endless":false,"potions_floor_spawned":[3,14,24,27],"killed_by":"Nightmare","ascension_level":0}}