{"host":"7eytxr1oawi6r5nr","time":1610654692,"event":{"mods":["BaseMod","Bestiary","Better Third Choice","Curses Come First","Dark Map","Downfall","Gremlin Mod","Hermit","Hubris","Jorbs\u0027s Wanderer Trilogy","Minty Spire (QoL Compilation)","Permanent Neow","Quick Restart","Rare Cards Sparkle","Replay The Spire","Robot Space Explorer","Spicy Shops","StSLib","The Disciple","The Runesmith"],"gold_per_floor":[99,115,134,59,72,72,99,125,149,160,160,193,219,219,219,319,319,331,350,362,382,44,79,106,132,132,132,164,164,164,164,164,261,261,278,124,1123,959,984,1015,1015,1015,1015,1015,1048,1061,1061,1076,1076,1177,1177,1197,1197,845,861,618,647,680,680,706,739,769,769,769,803,803,901,901,918,695,695,298,298,16,44,64,93,93,126,48,48,61,115,219,219,219,219],"floor_reached":86,"language":"ENG","playtime":7238,"items_purged":["Runesmith:Strike_RS","Pain","Runesmith:Strike_RS+1","Guardian:Gem_Yellow","Runesmith:Strike_RS","Normality","Normality","J.A.X.","Guardian:ExploitGems","Runesmith:CreatorForm","Runesmith:HammerAndChisel+1","Writhe"],"score":2245,"play_id":"5cf3f272-23c7-40c2-be10-abe13ffc0a06","local_time":"20210114200452","daily_mods":["Heirloom","Time Dilation","Flight","downfall:Jewelcrafting","downfall:Lament","DeadlyEvents","Elite Swarm"],"is_ascension_mode":true,"campfire_choices":[{"data":"Runesmith:Fortify","floor":6.0,"key":"SMITH"},{"floor":15.0,"key":"REST"},{"data":"Runesmith:UnlimitedPower","floor":30.0,"key":"SMITH"},{"data":"Runesmith:Grindstone","floor":32.0,"key":"SMITH"},{"floor":41.0,"key":"REST"},{"floor":42.0,"key":"REST"},{"data":"Runesmith:Strike_RS+1","floor":44.0,"key":"PURGE"},{"data":"Runesmith:GrandSlam","floor":47.0,"key":"SMITH"},{"data":"Runesmith:Permafrost","floor":49.0,"key":"SMITH"},{"data":"Runesmith:CraftFirestone","floor":59.0,"key":"SMITH"},{"data":"Runesmith:CraftIndustria","floor":63.0,"key":"SMITH"},{"data":"Runesmith:PoweredAnvil","floor":78.0,"key":"SMITH"},{"data":"Runesmith:CreatorForm","floor":81.0,"key":"SMITH"}],"circlet_count":1,"master_deck":["Runesmith:Defend_RS","Runesmith:Defend_RS","Runesmith:Defend_RS","Runesmith:Defend_RS","Runesmith:CraftFirestone+1","Guardian:ExploitGems","Guardian:ExploitGems","Runesmith:NanitesCloud","Runesmith:MakeshiftArmor","Runesmith:CraftIncendium","Runesmith:UnlimitedPower+1","Runesmith:CraftMedicinae","Runesmith:DoubleUp","Runesmith:Grindstone+1","Runesmith:Duplicate","Runesmith:DuctTape","Runesmith:LithiumIon+1","Runesmith:Attraction","Runesmith:RunicBlueprint+1","Runesmith:PoweredAnvil+1","Runesmith:CraftIndustria+1","Runesmith:FissionHammer","Runesmith:GoWithTheFlow","Runesmith:GrandSlam+1","Runesmith:Permafrost+1","Runesmith:CraftProtectio","Runesmith:CraftObretio","Guardian:ExploitGems+1","Runesmith:LithiumIon","Runesmith:CreatorForm+1","Runesmith:Supernova+1","Necronomicurse"],"relics":["Runesmith:BrokenRuby","Guardian:PickAxe","NeowsBlessing","Ring of Chaos","replay:Trail_Library","Counterbalance","Circlet","Strawberry","Oddly Smooth Stone","Lantern","Replay:Towering Pillar of Hats","Garlic","Philosopher\u0027s Stone","Membership Card","Whetstone","Art of War","Eternal Feather","hubris:CuriousFeather","Quantum Egg","Smiling Mask","Busted Crown","Runesmith:AutoHammer","hubris:Reverence","Peace Pipe","Anchor","Black Star","Guardian:PickAxe","NeowsBlessing","Runesmith:MiniCore","champ:DuelingGlove","hubris:TenFootPole","Letter Opener","Replay:Mystery Machine","ReplayTheSpireMod:Lightbulb","ReplayFunnel","Necronomicon","Guide Book","Turnip","Replay:Baseball","Nunchaku","PrismaticShard","Du-Vu Doll","Omamori"],"acts_visited":["Exordium","TheCity","TheBeyond","Exordium","TheCity","TheBeyond"],"potions_floor_usage":[],"damage_taken":[{"damage":9.0,"enemies":"Small Slimes","floor":2.0,"turns":3.0},{"damage":1.0,"enemies":"Cultist","floor":3.0,"turns":4.0},{"damage":0.0,"enemies":"2 Louse","floor":5.0,"turns":4.0},{"damage":16.0,"enemies":"3 Sentries","floor":7.0,"turns":6.0},{"damage":21.0,"enemies":"Gremlin Nob","floor":8.0,"turns":6.0},{"damage":7.0,"enemies":"Blue Slaver","floor":10.0,"turns":4.0},{"damage":6.0,"enemies":"3 Sentries","floor":12.0,"turns":10.0},{"damage":28.0,"enemies":"Gremlin Nob","floor":13.0,"turns":6.0},{"damage":11.0,"enemies":"Slime Boss","floor":16.0,"turns":7.0},{"damage":0.0,"enemies":"2 Thieves","floor":18.0,"turns":2.0},{"damage":0.0,"enemies":"Chosen","floor":19.0,"turns":1.0},{"damage":0.0,"enemies":"Centurion and Healer","floor":20.0,"turns":2.0},{"damage":22.0,"enemies":"Cultist and Chosen","floor":21.0,"turns":7.0},{"damage":1.0,"enemies":"Gremlin Leader","floor":23.0,"turns":7.0},{"damage":11.0,"enemies":"Slavers","floor":24.0,"turns":6.0},{"damage":7.0,"enemies":"Gremlin Leader","floor":25.0,"turns":7.0},{"damage":19.0,"enemies":"Book of Stabbing","floor":28.0,"turns":6.0},{"damage":58.0,"enemies":"Collector","floor":33.0,"turns":8.0},{"damage":14.0,"enemies":"Orb Walker","floor":35.0,"turns":3.0},{"damage":46.0,"enemies":"Reptomancer","floor":40.0,"turns":5.0},{"damage":7.0,"enemies":"R_Hoarder","floor":45.0,"turns":7.0},{"damage":25.0,"enemies":"3 Darklings","floor":46.0,"turns":5.0},{"damage":25.0,"enemies":"Jaw Worm Horde","floor":48.0,"turns":6.0},{"damage":43.0,"enemies":"Awakened One","floor":50.0,"turns":11.0},{"damage":0.0,"enemies":"Jaw Worm","floor":52.0,"turns":1.0},{"damage":0.0,"enemies":"Cultist","floor":55.0,"turns":1.0},{"damage":0.0,"enemies":"Replay:BlueRogue","floor":57.0,"turns":1.0},{"damage":2.0,"enemies":"3 Sentries","floor":58.0,"turns":4.0},{"damage":17.0,"enemies":"Lagavulin","floor":61.0,"turns":4.0},{"damage":7.0,"enemies":"3 Sentries","floor":62.0,"turns":4.0},{"damage":5.0,"enemies":"Lagavulin","floor":65.0,"turns":5.0},{"damage":14.0,"enemies":"Hexaghost","floor":67.0,"turns":7.0},{"damage":8.0,"enemies":"Shell Parasite","floor":69.0,"turns":4.0},{"damage":10.0,"enemies":"Replay:Snechameleon","floor":75.0,"turns":5.0},{"damage":0.0,"enemies":"3 Byrds","floor":76.0,"turns":4.0},{"damage":0.0,"enemies":"Slavers","floor":77.0,"turns":3.0},{"damage":0.0,"enemies":"Gremlin Leader","floor":79.0,"turns":3.0},{"damage":0.0,"enemies":"Snake Plant","floor":82.0,"turns":2.0},{"damage":9.0,"enemies":"Automaton","floor":84.0,"turns":5.0},{"damage":82,"enemies":"3 Darklings","floor":86,"turns":4}],"seed_played":"7727316589495101664","potions_obtained":[{"floor":2.0,"key":"Adrenaline Potion"},{"floor":3.0,"key":"Toxic Potion"},{"floor":5.0,"key":"Block Potion"},{"floor":8.0,"key":"Venom Potion"},{"floor":12.0,"key":"Guardian:BlockOnCardUsePotion"},{"floor":18.0,"key":"champ:CounterPotion"},{"floor":23.0,"key":"Energy Potion"},{"floor":25.0,"key":"SteroidPotion"},{"floor":40.0,"key":"hexamod:EctoCoolerPotion"},{"floor":46.0,"key":"Milkshake"},{"floor":50.0,"key":"Weak Potion"},{"floor":57.0,"key":"Doom Potion"},{"floor":62.0,"key":"Adrenaline Potion"},{"floor":67.0,"key":"Venom Potion"},{"floor":75.0,"key":"SkillPotion"},{"floor":77.0,"key":"Energy Potion"},{"floor":79.0,"key":"BlessingOfTheForge"}],"is_trial":true,"path_per_floor":["WH","M","M","$","M","R","E","E","T","M","R","E","E","?","R","B",null,"M","M","M","M","$","E","E","E","T","R","E","R","R","?","R","B",null,"M","$","?","$","T","E","R","R","T","R","E","M","R","M","R","B",null,"M","?","$","M","$","E","E","R","T","E","E","R","?","E","R","B",null,"M","$","?","$","?","$","E","M","E","R","E","$","R","M","R","B",null,"M"],"character_chosen":"RUNESMITH_CLASS","items_purchased":["Membership Card","Whetstone","Runesmith:PoweredAnvil","Runesmith:Permafrost","Runesmith:CraftProtectio","Reflective Coating","Swift Potion","Runesmith:MiniCore","champ:DuelingGlove","hubris:TenFootPole","Letter Opener","PowerPotion","Runesmith:LithiumIon","ReplayTheSpireMod:Lightbulb","ReplayFunnel","Guide Book","Turnip","Replay:Baseball","EssenceOfSteel","PrismaticShard","Du-Vu Doll","Omamori"],"campfire_rested":3,"item_purchase_floors":[22,22,22,36,36,38,38,54,54,54,56,56,56,70,70,72,72,72,72,74,74,80],"current_hp_per_floor":[70,61,60,60,60,60,66,45,45,38,38,48,22,22,45,49,77,77,77,77,63,63,68,63,62,62,77,58,76,77,77,77,22,77,63,63,63,63,63,17,58,77,77,77,70,45,63,45,63,20,77,77,77,77,77,77,77,75,77,77,60,53,71,71,66,77,75,77,69,69,62,62,62,62,52,55,55,73,73,73,77,77,77,68,77,0,0],"gold":219,"neow_bonus":"","is_daily":false,"chose_seed":false,"campfire_upgraded":9,"win_rate":0.0,"timestamp":1610654692,"path_taken":["WH","M","M","$","M","R","E","E","T","M","R","E","E","?","R","BOSS","M","M","M","M","$","E","E","E","T","R","E","R","R","?","R","BOSS","M","$","?","$","?","E","R","R","T","R","?","?","R","M","R","BOSS","M","?","$","?","$","E","E","R","T","?","?","R","?","?","R","BOSS","M","$","?","?","?","$","?","M","E","R","E","?","R","M","R","BOSS","M"],"items_purchased_type":["Relic","Relic","Card","Card","Card","Potion","Potion","Relic","Relic","Relic","Relic","Potion","Card","Relic","Relic","Relic","Relic","Relic","Potion","Relic","Relic","Relic"],"build_version":"2020-12-22","purchased_purges":12,"victory":false,"max_hp_per_floor":[70,70,70,70,70,70,77,77,77,77,77,77,77,77,77,77,77,77,77,77,77,77,77,77,77,77,77,77,77,77,77,77,77,77,77,77,77,77,77,77,77,77,77,77,77,77,77,77,77,77,77,77,77,77,77,77,77,77,77,77,77,77,77,77,77,77,77,77,77,77,77,77,77,77,77,77,77,77,77,77,77,77,77,77,77,77,77],"card_choices":[{"not_picked":["Runesmith:CraftSpiculum","Runesmith:RuneHurl"],"picked":"Runesmith:NanitesCloud","floor":2.0},{"not_picked":["Runesmith:StaticCage","Runesmith:CraftMagma"],"picked":"Runesmith:MakeshiftArmor","floor":3.0},{"not_picked":["Runesmith:HeatedChisel","Runesmith:OneForEveryone"],"picked":"Runesmith:CraftIncendium","floor":5.0},{"not_picked":["Runesmith:Duplicate","Runesmith:ArcReactor"],"picked":"Runesmith:UnlimitedPower","floor":7.0},{"not_picked":["Runesmith:ReplicatingBarrier","Runesmith:FissionHammer"],"picked":"Runesmith:CraftMedicinae","floor":8.0},{"not_picked":["Runesmith:StaticCage","Runesmith:ShiftingStrike"],"picked":"Runesmith:DoubleUp","floor":10.0},{"not_picked":["Runesmith:MetallurgicalResearch","Runesmith:Duplicate"],"picked":"Runesmith:CreatorForm","floor":12.0},{"not_picked":["Runesmith:GenerateForcefield","Runesmith:LightningRod"],"picked":"Runesmith:Duplicate","floor":13.0},{"not_picked":["Runesmith:ReplicatingBarrier","Runesmith:LastStand"],"picked":"Runesmith:DuctTape","floor":16.0},{"not_picked":["Runesmith:UnstableHammer","Runesmith:ShiftingStrike"],"picked":"Runesmith:LithiumIon+1","floor":18.0},{"not_picked":["Runesmith:EarthShield","Runesmith:Reinforce"],"picked":"Runesmith:Attraction","floor":19.0},{"not_picked":["Runesmith:HeatExchange+1","Runesmith:UnstableHammer","Runesmith:Retool+1"],"picked":"SKIP","floor":20.0},{"not_picked":["Runesmith:ElementalConversion","Runesmith:UnstableHammer"],"picked":"Runesmith:RunicBlueprint+1","floor":21.0},{"not_picked":["Runesmith:DuctTape","Runesmith:GenerateForcefield"],"picked":"Runesmith:CraftIndustria","floor":23.0},{"not_picked":["Runesmith:LastStand","Runesmith:UnlimitedPower"],"picked":"Runesmith:FissionHammer","floor":24.0},{"not_picked":["Runesmith:Duplicate","Runesmith:CraftMedicinae","Runesmith:FissionHammer"],"picked":"SKIP","floor":25.0},{"not_picked":["Runesmith:CraftIndustria","Runesmith:DuctTape"],"picked":"Runesmith:GrandSlam","floor":28.0},{"not_picked":["Runesmith:Overpower+1"],"picked":"SKIP","floor":35.0},{"not_picked":["Runesmith:GrandSlam"],"picked":"SKIP","floor":40.0},{"not_picked":["Runesmith:DuctTape"],"picked":"SKIP","floor":45.0},{"not_picked":["Runesmith:CraftVitae+1"],"picked":"SKIP","floor":46.0},{"not_picked":["Runesmith:Grindstone"],"picked":"SKIP","floor":48.0},{"not_picked":["Runesmith:HeatExchange"],"picked":"SKIP","floor":52.0},{"not_picked":["Runesmith:StaticCage"],"picked":"SKIP","floor":55.0},{"not_picked":["Runesmith:LastStand"],"picked":"SKIP","floor":57.0},{"not_picked":["Runesmith:GrandSlam"],"picked":"SKIP","floor":58.0},{"not_picked":["Runesmith:UnlimitedPower"],"picked":"SKIP","floor":61.0},{"not_picked":["Runesmith:CraftMedicinae"],"picked":"SKIP","floor":62.0},{"not_picked":[],"picked":"Runesmith:Supernova","floor":65.0},{"not_picked":["Runesmith:Permafrost+1"],"picked":"SKIP","floor":69.0},{"not_picked":["Gremlin:Duplicate"],"picked":"SKIP","floor":75.0},{"not_picked":["Wild Strike+1"],"picked":"SKIP","floor":76.0},{"not_picked":["hexamod:EmpoweringStance"],"picked":"SKIP","floor":77.0},{"not_picked":["Gremlin:SecondVolley"],"picked":"SKIP","floor":79.0},{"not_picked":["Turbo"],"picked":"SKIP","floor":82.0}],"player_experience":180471,"relics_obtained":[{"floor":7.0,"key":"Strawberry"},{"floor":8.0,"key":"Oddly Smooth Stone"},{"floor":9.0,"key":"Lantern"},{"floor":12.0,"key":"Replay:Towering Pillar of Hats"},{"floor":13.0,"key":"Garlic"},{"floor":23.0,"key":"Art of War"},{"floor":24.0,"key":"Eternal Feather"},{"floor":25.0,"key":"hubris:CuriousFeather"},{"floor":26.0,"key":"Quantum Egg"},{"floor":28.0,"key":"Smiling Mask"},{"floor":39.0,"key":"Runesmith:AutoHammer"},{"floor":40.0,"key":"hubris:Reverence"},{"floor":43.0,"key":"Peace Pipe"},{"floor":45.0,"key":"Anchor"},{"floor":60.0,"key":"Replay:Mystery Machine"},{"floor":71.0,"key":"Necronomicon"}],"event_choices":[{"damage_healed":0.0,"max_hp_gain":0.0,"max_hp_loss":0.0,"gold_gain":0.0,"event_name":"Drug Dealer","player_choice":"Obtain J.A.X.","floor":31.0,"gold_loss":0.0,"damage_taken":0.0,"cards_obtained":["J.A.X."]},{"damage_healed":0.0,"max_hp_gain":0.0,"max_hp_loss":0.0,"gold_gain":999.0,"event_name":"MindBloom","player_choice":"Gold","floor":37.0,"gold_loss":0.0,"damage_taken":0.0,"cards_obtained":["Normality","Normality"]},{"damage_healed":0.0,"max_hp_gain":0.0,"max_hp_loss":0.0,"gold_gain":0.0,"event_name":"Dead Adventurer","player_choice":"Searched \u00270\u0027 times","floor":53.0,"gold_loss":0.0,"damage_taken":0.0},{"damage_healed":0.0,"max_hp_gain":0.0,"max_hp_loss":0.0,"gold_gain":0.0,"event_name":"Transmorgrifier","player_choice":"Ignored","floor":66.0,"gold_loss":0.0,"damage_taken":0.0},{"damage_healed":0.0,"max_hp_gain":0.0,"max_hp_loss":0.0,"gold_gain":0.0,"event_name":"Cursed Tome","player_choice":"Obtained Book","floor":71.0,"gold_loss":0.0,"damage_taken":16.0},{"damage_healed":0.0,"max_hp_gain":0.0,"max_hp_loss":0.0,"gold_gain":0.0,"event_name":"The Mausoleum","player_choice":"Opened","floor":73.0,"gold_loss":0.0,"damage_taken":0.0,"relics_obtained":["Nunchaku"],"cards_obtained":["Writhe"]}],"is_beta":false,"boss_relics":[{"not_picked":["expansioncontent:StudyCardRelic","Runic Dome"],"picked":"Philosopher\u0027s Stone"},{"not_picked":["ReplayTheSpireMod:DimensionalGlitch","hubris:BlackHole"],"picked":"Busted Crown"},{"not_picked":["Honey Jar","Replay:Bronze Core"],"picked":"Black Star"},{"not_picked":["VoidEssence"],"picked":"GraspOfShadows"},{"not_picked":["VoidEssence"],"picked":"Scatterbrain"}],"items_purged_floors":[4,22,22,36,36,38,38,54,56,70,72,74],"is_endless":true,"potions_floor_spawned":[2,3,5,8,12,18,23,25,28,40,46,50,57,58,62,67,75,77,79],"killed_by":"3 Darklings","ascension_level":2}}