{"host":"tnsigirk6wurdark","time":1610623726,"event":{"mods":["BaseMod","Bestiary","Colored Map","Colored Powertips","Curses Come First","DeckTracker","Highlight Path","Minty Spire (QoL Compilation)","Quick Restart","Relic Sorter","Replay The Spire","StSLib","Synergy Search"],"gold_per_floor":[119,119,119,119,119,133,147,147,49,80,106,106,144,109,109,128,128,259,259,248,263,188,2,27,27,27,27],"floor_reached":26,"language":"ENG","playtime":1337,"items_purged":["Strike_G"],"score":214,"play_id":"afbe632d-736e-4076-ab57-df522bf7c8b9","local_time":"20210114112846","is_ascension_mode":false,"campfire_choices":[{"data":"Hidden Blade","floor":8,"key":"SMITH"},{"floor":15,"key":"REST"},{"floor":17,"key":"DIG"},{"data":"ReplayTheSpireMod:The Works","floor":25,"key":"SMITH"}],"circlet_count":0,"master_deck":["Strike_G+1","Strike_G","Strike_G","Strike_G","Defend_G","Defend_G","Defend_G","Defend_G","Defend_G","Survivor","Neutralize+1","Tactician","Hidden Blade+1","Replay:BasicMightCard","Acrobatics","Draining Mist","Adrenaline","Noxious Fumes","Underhanded Strike+1","Caltrops","ReplayTheSpireMod:The Works+1"],"relics":["Velvet Choker","Whetstone","Replay:Bottled Flurry","Golden Idol","ReplayFunnel","Shuriken","Orichalcum","Replay:Bronze Core"],"acts_visited":["Exordium","TheCity"],"potions_floor_usage":[10,18,18],"damage_taken":[{"damage":0,"enemies":"2 Louse","floor":1,"turns":3},{"damage":2,"enemies":"Small Slimes","floor":6,"turns":5},{"damage":0,"enemies":"Cultist","floor":7,"turns":5},{"damage":23,"enemies":"Gremlin Nob","floor":10,"turns":5},{"damage":12,"enemies":"Lagavulin","floor":13,"turns":10},{"damage":0,"enemies":"2 Fungi Beasts","floor":16,"turns":3},{"damage":20,"enemies":"The Guardian","floor":18,"turns":18},{"damage":14,"enemies":"2 Thieves","floor":20,"turns":5},{"damage":1,"enemies":"Chosen","floor":21,"turns":7},{"damage":0,"enemies":"Snecko","floor":24,"turns":5},{"damage":18,"enemies":"3 Cultists","floor":26,"turns":5}],"seed_played":"-3405725504457292432","potions_obtained":[{"floor":6,"key":"SpeedPotion"},{"floor":7,"key":"LifebloodPotion"},{"floor":16,"key":"Poison Potion"},{"floor":20,"key":"SpeedPotion"}],"is_trial":false,"path_per_floor":["M","?","PTL","PTL","?","M","M","R","$","E","T","?","E","?","R","M","R_BF","B",null,"M","M","?","$","M","R","M"],"character_chosen":"THE_SILENT","items_purchased":["Replay:BasicMightCard","Underhanded Strike+1","Caltrops"],"campfire_rested":1,"item_purchase_floors":[9,23,23],"current_hp_per_floor":[70,58,58,58,58,56,56,56,56,33,33,33,21,38,59,59,59,39,70,56,55,55,55,55,55,37,37],"gold":27,"neow_bonus":"BOSS_RELIC","is_daily":false,"chose_seed":false,"campfire_upgraded":2,"win_rate":0.0,"timestamp":1610623726,"path_taken":["M","?","PTL","PTL","?","M","M","R","$","E","T","?","E","?","R","M","R_BF","BOSS","M","M","?","$","M","R","M"],"items_purchased_type":["Card","Card","Card"],"build_version":"2020-12-22","purchased_purges":1,"victory":false,"max_hp_per_floor":[70,70,70,70,70,70,70,70,70,70,70,70,70,70,70,70,70,70,70,70,70,70,70,70,70,70,70],"card_choices":[{"not_picked":["Bane","Cloak And Dagger"],"picked":"Tactician","floor":1},{"not_picked":["Sneak Up","Heel Hook"],"picked":"Hidden Blade","floor":6},{"not_picked":["Bane","Heel Hook","Expertise"],"picked":"SKIP","floor":7},{"not_picked":["Dagger Throw","Dagger Spray"],"picked":"Acrobatics","floor":10},{"not_picked":["Cloak And Dagger","ReplayTheSpireMod:Tripwire"],"picked":"Draining Mist","floor":13},{"not_picked":["Terror","Masterful Stab","Acrobatics"],"picked":"SKIP","floor":16},{"not_picked":["Envenom","Glass Knife"],"picked":"Adrenaline","floor":18},{"not_picked":["Dagger Throw","Caltrops"],"picked":"Noxious Fumes","floor":20},{"not_picked":["Accuracy","Bane","Cloak And Dagger"],"picked":"SKIP","floor":21},{"not_picked":["Doppelganger","Prepared"],"picked":"ReplayTheSpireMod:The Works","floor":24}],"player_experience":760068,"relics_obtained":[{"floor":10,"key":"Whetstone"},{"floor":11,"key":"ReplayFunnel"},{"floor":13,"key":"Shuriken"},{"floor":17,"key":"Orichalcum"}],"event_choices":[{"damage_healed":0,"gold_gain":0,"player_choice":"Success","damage_taken":12,"relics_obtained":["Replay:Bottled Flurry"],"max_hp_gain":0,"max_hp_loss":0,"event_name":"Scrap Ooze","floor":2,"gold_loss":0},{"damage_healed":0,"gold_gain":0,"player_choice":"Take Wound","damage_taken":0,"relics_obtained":["Golden Idol"],"max_hp_gain":0,"max_hp_loss":0,"event_name":"Golden Idol","floor":5,"gold_loss":0,"cards_obtained":["Injury"]},{"damage_healed":0,"gold_gain":0,"player_choice":"Ignored","damage_taken":0,"max_hp_gain":0,"max_hp_loss":0,"event_name":"Golden Wing","floor":12,"gold_loss":0},{"damage_healed":17,"gold_gain":0,"player_choice":"Healed","damage_taken":0,"max_hp_gain":0,"max_hp_loss":0,"event_name":"The Cleric","floor":14,"gold_loss":35},{"cards_removed":["Injury"],"damage_healed":0,"gold_gain":0,"player_choice":"Gave Gold","damage_taken":0,"max_hp_gain":0,"max_hp_loss":0,"event_name":"Beggar","floor":22,"gold_loss":75}],"is_beta":false,"boss_relics":[{"not_picked":["HoveringKite","Astrolabe"],"picked":"Replay:Bronze Core"}],"items_purged_floors":[23],"is_endless":false,"potions_floor_spawned":[6,7,16,20],"killed_by":"3 Cultists","ascension_level":0}}