{"host":"dtm4abeon6jfxj1d","time":1610594708,"event":{"mods":["BaseMod","Downfall","Minty Spire (QoL Compilation)","Rare Cards Sparkle","StSLib"],"gold_per_floor":[116,116,116,116,136,169,183,183,183,200,228,178,353,382,382,459,459,470,470,470,470,420,448,464,464,464,493,203,203,213,163,163,241,241,260,274,274,274,274,274,288,303,303,313,175,185,185,185,197,209,209],"floor_reached":50,"language":"ENG","playtime":17067,"items_purged":["Defend_P","Defend_P","Doubt","Defend_P","Judgement+1"],"score":1017,"play_id":"2b471f66-9c3f-4221-8dfa-43323c4abaf5","local_time":"20210113222508","is_ascension_mode":true,"campfire_choices":[{"data":"Eruption","floor":8.0,"key":"SMITH"},{"data":"Judgement","floor":15.0,"key":"SMITH"},{"floor":25.0,"key":"REST"},{"data":"MentalFortress","floor":32.0,"key":"SMITH"},{"floor":40.0,"key":"REST"},{"floor":49.0,"key":"REST"}],"circlet_count":0,"master_deck":["AscendersBane","Strike_P+1","Strike_P+1","Strike_P+1","Defend_P+1","Eruption+1","Vigilance+1","Protect+1","EmptyBody+1","MentalFortress+1","CarveReality+1","DeceiveReality+1","DevaForm+1","ClearTheMind+1","MasterReality+1","Scrawl+1","Panacea+1"],"relics":["HolyWater","NeowsBlessing","Gambling Chip","Centennial Puzzle","Smiling Mask","Tiny Chest","Odd Mushroom","StrikeDummy","Yang","Singing Bowl","Matryoshka","Mercury Hourglass","TeardropLocket","VioletLotus","Bottled Flame","Whetstone","Mark of the Bloom","Dream Catcher","Toxic Egg 2","MawBank"],"acts_visited":["Exordium","TheCity","TheBeyond"],"potions_floor_usage":[],"damage_taken":[{"damage":0.0,"enemies":"Small Slimes","floor":1.0,"turns":1.0},{"damage":0.0,"enemies":"Jaw Worm","floor":5.0,"turns":1.0},{"damage":0.0,"enemies":"3 Sentries","floor":6.0,"turns":2.0},{"damage":0.0,"enemies":"2 Louse","floor":7.0,"turns":3.0},{"damage":0.0,"enemies":"2 Fungi Beasts","floor":10.0,"turns":5.0},{"damage":0.0,"enemies":"Gremlin Nob","floor":11.0,"turns":2.0},{"damage":12.0,"enemies":"The Mushroom Lair","floor":14.0,"turns":8.0},{"damage":27.0,"enemies":"Slime Boss","floor":16.0,"turns":10.0},{"damage":0.0,"enemies":"2 Thieves","floor":18.0,"turns":4.0},{"damage":28.0,"enemies":"Gremlin Leader","floor":23.0,"turns":7.0},{"damage":0.0,"enemies":"3 Byrds","floor":24.0,"turns":4.0},{"damage":12.0,"enemies":"Book of Stabbing","floor":27.0,"turns":5.0},{"damage":0.0,"enemies":"Cultist and Chosen","floor":30.0,"turns":5.0},{"damage":0.0,"enemies":"Champ","floor":33.0,"turns":15.0},{"damage":0.0,"enemies":"3 Shapes","floor":35.0,"turns":1.0},{"damage":0.0,"enemies":"3 Darklings","floor":36.0,"turns":2.0},{"damage":11.0,"enemies":"Transient","floor":41.0,"turns":5.0},{"damage":5.0,"enemies":"Spire Growth","floor":42.0,"turns":3.0},{"damage":0.0,"enemies":"Jaw Worm Horde","floor":44.0,"turns":2.0},{"damage":4.0,"enemies":"3 Darklings","floor":46.0,"turns":4.0},{"damage":64,"enemies":"Time Eater","floor":50,"turns":11}],"seed_played":"-1179545636842463266","potions_obtained":[{"floor":7.0,"key":"ColorlessPotion"},{"floor":10.0,"key":"hexamod:EctoCoolerPotion"},{"floor":24.0,"key":"sneckomod:MuddlingPotion"},{"floor":27.0,"key":"FearPotion"},{"floor":35.0,"key":"FairyPotion"}],"is_trial":false,"path_per_floor":["M","?","?","T","M","E","M","R","T","M","E","$","?","?","R","B",null,"M","?","T","?","$","E","M","R","T","E","$","?","M","$","R","B",null,"M","M","T","?","?","R","M","M","T","M","$","M","?","T","R","B"],"character_chosen":"WATCHER","items_purchased":["TeardropLocket","Panacea+1"],"campfire_rested":3,"item_purchase_floors":[28,45],"current_hp_per_floor":[65,51,51,51,51,51,51,51,51,51,51,51,51,39,39,12,57,57,57,57,57,57,31,33,55,55,43,43,43,45,45,45,45,70,72,74,74,74,74,74,63,58,58,58,58,54,54,54,54,0,0],"gold":209,"neow_bonus":"THREE_ENEMY_KILL","is_daily":false,"chose_seed":false,"campfire_upgraded":3,"win_rate":0.0,"timestamp":1610594708,"path_taken":["M","?","?","?","M","E","M","R","T","M","E","$","?","?","R","BOSS","M","?","?","?","$","E","M","R","T","E","?","?","M","$","R","BOSS","M","M","?","?","?","R","M","M","T","M","$","M","?","?","R","BOSS"],"items_purchased_type":["Relic","Card"],"build_version":"2020-12-22","purchased_purges":5,"victory":false,"max_hp_per_floor":[72,72,72,72,72,72,72,72,72,72,72,72,72,72,72,72,72,72,72,72,72,72,74,76,76,76,76,76,76,78,78,78,78,78,80,82,82,82,78,78,80,82,82,84,84,86,86,86,88,88,88],"card_choices":[{"not_picked":["JustLucky","ThirdEye"],"picked":"Protect","floor":1.0},{"not_picked":["PathToVictory","JustLucky"],"picked":"EmptyBody","floor":5.0},{"not_picked":["EmptyMind","Evaluate"],"picked":"MentalFortress","floor":6.0},{"not_picked":["JustLucky","WreathOfFlame","Prostrate"],"picked":"SKIP","floor":7.0},{"not_picked":["Halt","JustLucky"],"picked":"CarveReality","floor":10.0},{"not_picked":["SashWhip","Halt"],"picked":"DeceiveReality","floor":11.0},{"not_picked":["Halt","Sanctity"],"picked":"Judgement","floor":14.0},{"not_picked":["ConjureBlade","Alpha"],"picked":"DevaForm","floor":16.0},{"not_picked":["TalkToTheHand","Consecrate+1"],"picked":"ClearTheMind","floor":18.0},{"not_picked":["Tantrum","CrushJoints","ClearTheMind"],"picked":"Singing Bowl","floor":23.0},{"not_picked":["ClearTheMind","Halt","Swivel"],"picked":"Singing Bowl","floor":24.0},{"not_picked":["Tantrum","ClearTheMind"],"picked":"MasterReality","floor":27.0},{"not_picked":["FlurryOfBlows","WaveOfTheHand","TalkToTheHand"],"picked":"Singing Bowl","floor":30.0},{"not_picked":["Blasphemy","DevaForm"],"picked":"Scrawl","floor":33.0},{"not_picked":["CrushJoints","Evaluate","FlurryOfBlows"],"picked":"Singing Bowl","floor":35.0},{"not_picked":["WheelKick","FlurryOfBlows","TalkToTheHand"],"picked":"Singing Bowl","floor":36.0},{"not_picked":["Halt","SandsOfTime","Protect"],"picked":"Singing Bowl","floor":41.0},{"not_picked":["EmptyBody","Crescendo","ClearTheMind"],"picked":"Singing Bowl","floor":42.0},{"not_picked":["FollowUp+1","CrushJoints+1","Evaluate+1"],"picked":"Singing Bowl","floor":44.0},{"not_picked":["Evaluate+1","Protect+1","Consecrate"],"picked":"Singing Bowl","floor":46.0},{"not_picked":["SignatureMove","EmptyBody+1","CutThroughFate"],"picked":"Singing Bowl","floor":49.0}],"player_experience":210002,"relics_obtained":[{"floor":4.0,"key":"Gambling Chip"},{"floor":6.0,"key":"Centennial Puzzle"},{"floor":9.0,"key":"Smiling Mask"},{"floor":11.0,"key":"Tiny Chest"},{"floor":14.0,"key":"Odd Mushroom"},{"floor":20.0,"key":"Yang"},{"floor":23.0,"key":"Singing Bowl"},{"floor":26.0,"key":"Matryoshka"},{"floor":27.0,"key":"Mercury Hourglass"},{"floor":37.0,"key":"Bottled Flame"},{"floor":37.0,"key":"Whetstone"},{"floor":43.0,"key":"Dream Catcher"},{"floor":43.0,"key":"Toxic Egg 2"},{"floor":48.0,"key":"MawBank"}],"event_choices":[{"damage_healed":0.0,"max_hp_gain":0.0,"max_hp_loss":0.0,"gold_gain":0.0,"event_name":"Shining Light","player_choice":"Entered Light","floor":2.0,"gold_loss":0.0,"damage_taken":14.0,"cards_upgraded":["Defend_P","Strike_P"]},{"cards_removed":["Strike_P"],"damage_healed":0.0,"max_hp_gain":0.0,"max_hp_loss":0.0,"gold_gain":0.0,"event_name":"Living Wall","player_choice":"Forget","floor":3.0,"gold_loss":0.0,"damage_taken":0.0},{"damage_healed":0.0,"max_hp_gain":0.0,"max_hp_loss":0.0,"gold_gain":175.0,"event_name":"Liars Game","player_choice":"AGREE","floor":13.0,"gold_loss":0.0,"damage_taken":0.0,"cards_obtained":["Doubt"]},{"damage_healed":0.0,"max_hp_gain":0.0,"max_hp_loss":0.0,"gold_gain":0.0,"event_name":"Mushrooms","player_choice":"Fought Mushrooms","floor":14.0,"gold_loss":0.0,"damage_taken":0.0},{"damage_healed":0.0,"max_hp_gain":0.0,"max_hp_loss":0.0,"gold_gain":0.0,"event_name":"The Mausoleum","player_choice":"Opened","floor":19.0,"gold_loss":0.0,"damage_taken":0.0,"relics_obtained":["StrikeDummy"]},{"damage_healed":0.0,"max_hp_gain":0.0,"max_hp_loss":0.0,"gold_gain":0.0,"event_name":"Ghosts","player_choice":"Ignored","floor":21.0,"gold_loss":0.0,"damage_taken":0.0},{"damage_healed":0.0,"max_hp_gain":0.0,"max_hp_loss":0.0,"gold_gain":0.0,"event_name":"Vampires","player_choice":"Ignored","floor":29.0,"gold_loss":0.0,"damage_taken":0.0},{"damage_healed":0.0,"max_hp_gain":0.0,"max_hp_loss":0.0,"gold_gain":0.0,"event_name":"MindBloom","player_choice":"Upgrade","floor":38.0,"gold_loss":0.0,"damage_taken":0.0,"cards_upgraded":["Strike_P","Vigilance","Protect","EmptyBody","DeceiveReality","DevaForm","ClearTheMind","MasterReality","Scrawl"],"relics_obtained":["Mark of the Bloom"]},{"damage_healed":0.0,"max_hp_gain":0.0,"max_hp_loss":4.0,"gold_gain":0.0,"event_name":"Winding Halls","player_choice":"Max HP","floor":39.0,"gold_loss":0.0,"damage_taken":0.0},{"damage_healed":0.0,"max_hp_gain":0.0,"max_hp_loss":0.0,"gold_gain":0.0,"event_name":"Tomb of Lord Red Mask","player_choice":"Ignored","floor":47.0,"gold_loss":0.0,"damage_taken":0.0}],"is_beta":false,"boss_relics":[{"not_picked":["Astrolabe","Calling Bell"],"picked":"HolyWater"},{"not_picked":["SlaversCollar","Snecko Eye"],"picked":"VioletLotus"}],"items_purged_floors":[12,22,28,31,45],"is_endless":false,"potions_floor_spawned":[7,10,24,27,35,41,42],"killed_by":"Time Eater","ascension_level":13}}