{"host":"mai03x2ekbjy4059","time":1610597197,"event":{"mods":["2.2 Compatiblity","BaseMod","DeckTracker","Highlight Path","Keyboard Shortcuts","Minty Spire (QoL Compilation)","Permanent Neow","Quick Restart","SuperFastMode","everything is the same but u backflip on backflip"],"gold_per_floor":[110,110,124,124,139,165,180,180,180],"floor_reached":8,"language":"KOR","playtime":177,"items_purged":[],"score":107,"play_id":"2943bc11-6e3a-4a7e-a247-ac8be2dd8234","local_time":"20210114130637","is_ascension_mode":true,"campfire_choices":[],"circlet_count":0,"master_deck":["AscendersBane","Strike_P","Strike_P","Strike_P","Strike_P","Defend_P","Defend_P","Defend_P+1","Defend_P+1","Eruption+1","Vigilance"],"relics":["PureWater","The Courier","Meat on the Bone"],"acts_visited":["Exordium"],"potions_floor_usage":[],"damage_taken":[{"damage":7.0,"enemies":"Jaw Worm","floor":1.0,"turns":5.0},{"damage":2.0,"enemies":"Small Slimes","floor":3.0,"turns":4.0},{"damage":0.0,"enemies":"2 Louse","floor":5.0,"turns":1.0},{"damage":21.0,"enemies":"Gremlin Nob","floor":6.0,"turns":5.0},{"damage":8.0,"enemies":"Blue Slaver","floor":7.0,"turns":4.0},{"damage":22,"enemies":"Lagavulin","floor":8,"turns":2}],"seed_played":"7269567887882355606","potions_obtained":[{"floor":3.0,"key":"SkillPotion"}],"is_trial":false,"path_per_floor":["M","?","M","T","M","E","M","E"],"character_chosen":"WATCHER","items_purchased":[],"campfire_rested":0,"item_purchase_floors":[],"current_hp_per_floor":[54,34,32,32,32,11,15,0,0],"gold":180,"neow_bonus":"UPGRADE_CARD","is_daily":false,"chose_seed":false,"campfire_upgraded":0,"win_rate":0.0,"timestamp":1610597197,"path_taken":["M","?","M","?","M","E","M","E"],"items_purchased_type":[],"build_version":"2020-12-22","purchased_purges":0,"victory":false,"max_hp_per_floor":[68,68,68,68,68,68,68,68,68],"card_choices":[{"not_picked":["EmptyBody","Collect","Protect"],"picked":"SKIP","floor":1.0},{"not_picked":["Crescendo","PathToVictory","CutThroughFate"],"picked":"SKIP","floor":3.0},{"not_picked":["CutThroughFate","ClearTheMind","Pray"],"picked":"SKIP","floor":5.0},{"not_picked":["BowlingBash","DevaForm","Ragnarok"],"picked":"SKIP","floor":6.0},{"not_picked":["Halt","WaveOfTheHand","Swivel"],"picked":"SKIP","floor":7.0}],"player_experience":984127,"relics_obtained":[{"floor":4.0,"key":"The Courier"},{"floor":6.0,"key":"Meat on the Bone"}],"event_choices":[{"damage_healed":0.0,"max_hp_gain":0.0,"max_hp_loss":0.0,"gold_gain":0.0,"event_name":"Shining Light","player_choice":"Entered Light","floor":2.0,"gold_loss":0.0,"damage_taken":20.0,"cards_upgraded":["Defend_P","Defend_P"]}],"is_beta":false,"boss_relics":[],"items_purged_floors":[],"is_endless":false,"potions_floor_spawned":[3],"killed_by":"Lagavulin","ascension_level":17}}