{"host":"esx1hwjnbftf3eqj","time":1610667019,"event":{"mods":["AchievementEnabler","BaseMod","Colored Map","Minty Spire (QoL Compilation)","StSLib","The Jungle"],"gold_per_floor":[113,113,125,47,222,222,247,247,293,293,243,262,262,212,212,310,310,323,398,415,435,435,233,233,183,206,223,233,233,183,201,201,201,201],"floor_reached":33,"language":"ENG","playtime":1748,"items_purged":["Strike_R","Doubt","Strike_R","Barricade","Strike_R"],"score":243,"play_id":"9541de2d-89cd-4bf8-9a14-62ccbd4a8f69","local_time":"20210114153019","is_ascension_mode":false,"campfire_choices":[{"data":"Dropkick","floor":6.0,"key":"SMITH"},{"floor":8.0,"key":"REST"},{"data":"Defend_R","floor":10.0,"key":"SMITH"},{"data":"Feed","floor":15.0,"key":"SMITH"},{"floor":29,"key":"REST"},{"floor":32,"key":"REST"}],"circlet_count":0,"master_deck":["Defend_R+1","Defend_R","Defend_R+1","Defend_R+1","Bash+1","Dropkick+1","Feed+1","Dropkick","Reaper"],"relics":["Burning Blood","Smiling Mask","Turnip","Omamori","Blue Candle","Calling Bell","Anchor","Matryoshka","FossilizedHelix","PrismaticShard","Nunchaku","War Paint"],"acts_visited":["Exordium","TheCity"],"potions_floor_usage":[27,33],"damage_taken":[{"damage":10.0,"enemies":"Small Slimes","floor":1.0,"turns":4.0},{"damage":7.0,"enemies":"Jaw Worm","floor":3.0,"turns":4.0},{"damage":30.0,"enemies":"Gremlin Nob","floor":7.0,"turns":4.0},{"damage":3.0,"enemies":"Cultist","floor":12.0,"turns":3.0},{"damage":51.0,"enemies":"Slime Boss","floor":16.0,"turns":13.0},{"damage":35.0,"enemies":"3 Byrds","floor":18.0,"turns":9.0},{"damage":45.0,"enemies":"Spheric Guardian","floor":20.0,"turns":8.0},{"damage":7.0,"enemies":"Snecko","floor":21.0,"turns":4.0},{"damage":33,"enemies":"Sentry and Sphere","floor":27,"turns":13},{"damage":10,"enemies":"Snake Plant","floor":28,"turns":5},{"damage":15,"enemies":"Snecko","floor":31,"turns":7},{"damage":77,"enemies":"Champ","floor":33,"turns":11}],"seed_played":"7666036617640956151","potions_obtained":[{"floor":1.0,"key":"SneckoOil"},{"floor":3.0,"key":"BloodPotion"},{"floor":7.0,"key":"Block Potion"},{"floor":18.0,"key":"Explosive Potion"},{"floor":21.0,"key":"GamblersBrew"},{"floor":28,"key":"ColorlessPotion"}],"is_trial":false,"path_per_floor":["M","?","M","$","?","R","E","R","T","R","$","M","T","$","R","B",null,"M","?","M","M","?","$","?","$","T","M","M","R","$","M","R","B"],"character_chosen":"IRONCLAD","items_purchased":["Dropkick","PrismaticShard"],"campfire_rested":3,"item_purchase_floors":[4,23],"current_hp_per_floor":[76,76,75,75,75,75,51,75,75,75,75,78,78,78,78,37,84,59,51,33,32,32,32,32,32,32,9,8,35,35,32,59,0,0],"gold":201,"neow_bonus":"UPGRADE_CARD","is_daily":false,"chose_seed":false,"campfire_upgraded":3,"win_rate":0.0,"timestamp":1610667019,"path_taken":["M","?","M","$","?","R","E","R","T","R","?","M","?","$","R","BOSS","M","?","M","?","?","$","?","?","T","M","M","R","$","M","R","BOSS"],"items_purchased_type":["Card","Relic"],"build_version":"2020-12-22","purchased_purges":5,"victory":false,"max_hp_per_floor":[80,80,80,80,80,80,80,80,80,80,80,80,80,80,80,84,84,88,88,92,92,92,92,92,92,92,92,92,92,92,92,92,92,92],"card_choices":[{"not_picked":["Inflame","Anger","Rampage"],"picked":"SKIP","floor":1.0},{"not_picked":["Power Through","Thunderclap","Metallicize"],"picked":"SKIP","floor":3.0},{"not_picked":["Dark Embrace","Headbutt","Iron Wave"],"picked":"SKIP","floor":7.0},{"not_picked":["Hemokinesis","Heavy Blade"],"picked":"Feed","floor":12.0},{"not_picked":["Heavy Blade","Wild Strike","Infernal Blade"],"picked":"SKIP","floor":18.0},{"not_picked":["Sword Boomerang","Clash+1"],"picked":"Dropkick","floor":20.0},{"not_picked":["Anger","Thunderclap","Metallicize"],"picked":"SKIP","floor":21.0},{"not_picked":["CrushJoints","Conserve Battery","Ball Lightning+1"],"picked":"SKIP","floor":27},{"not_picked":["Burning Pact+1","Sucker Punch","Reprogram"],"picked":"SKIP","floor":28},{"not_picked":["Wireheading","Conserve Battery+1","Prepared"],"picked":"SKIP","floor":31}],"player_experience":741418,"relics_obtained":[{"floor":7.0,"key":"Turnip"},{"floor":9.0,"key":"Omamori"},{"floor":13.0,"key":"Blue Candle"},{"floor":17.0,"key":"Anchor"},{"floor":17.0,"key":"Matryoshka"},{"floor":17.0,"key":"FossilizedHelix"},{"floor":26.0,"key":"Nunchaku"},{"floor":26.0,"key":"War Paint"}],"event_choices":[{"damage_healed":0.0,"max_hp_gain":0.0,"max_hp_loss":0.0,"gold_gain":0.0,"event_name":"Big Fish","player_choice":"Box","floor":2.0,"gold_loss":0.0,"damage_taken":0.0,"relics_obtained":["Smiling Mask"],"cards_obtained":["Regret"]},{"damage_healed":0.0,"max_hp_gain":0.0,"max_hp_loss":0.0,"gold_gain":175.0,"event_name":"Liars Game","player_choice":"AGREE","floor":5.0,"gold_loss":0.0,"damage_taken":0.0,"cards_obtained":["Doubt"]},{"damage_healed":0.0,"max_hp_gain":0.0,"max_hp_loss":0.0,"gold_gain":75.0,"event_name":"FaceTrader","player_choice":"Touch","floor":19.0,"gold_loss":0.0,"damage_taken":8.0},{"cards_removed":["Regret"],"damage_healed":0.0,"max_hp_gain":0.0,"max_hp_loss":0.0,"gold_gain":0.0,"event_name":"Back to Basics","player_choice":"Elegance","floor":22.0,"gold_loss":0.0,"damage_taken":0.0},{"damage_healed":0.0,"max_hp_gain":0.0,"max_hp_loss":0.0,"gold_gain":0.0,"cards_transformed":["Strike_R","Strike_R"],"event_name":"Drug Dealer","player_choice":"Became Test Subject","floor":24.0,"gold_loss":0.0,"damage_taken":0.0,"cards_obtained":["Reaper","Barricade"]}],"is_beta":false,"boss_relics":[{"not_picked":["Pandora\u0027s Box","Ectoplasm"],"picked":"Calling Bell"}],"items_purged_floors":[11,14,23,25,30],"is_endless":false,"potions_floor_spawned":[1,3,7,18,21,28],"killed_by":"Champ","ascension_level":0}}