{"host":"6bsan6hkua32tfq7","time":1610596696,"event":{"mods":["BaseMod","Better Third Choice","Colored Map","Highlight Path","Minty Spire (QoL Compilation)","StSLib"],"gold_per_floor":[15,15,15,15,38,38,38,38,115,115,194,237,237,261,261,355,355,370,20,35,35,48,48,48,68,68,68,99,113,148,169,169,258,258,282,282,313,313,329,329,372,65,65,65,65,65,79,118,118,118,118,118],"floor_reached":51,"language":"ENG","playtime":2392,"items_purged":["Strike_B","Strike_B"],"score":1518,"play_id":"fa793585-adac-4e02-8b4a-a7e3003d867d","local_time":"20210114045816","is_ascension_mode":true,"campfire_choices":[{"data":"Zap","floor":6.0,"key":"SMITH"},{"data":"Dualcast","floor":8.0,"key":"SMITH"},{"data":"Sweeping Beam","floor":13.0,"key":"SMITH"},{"data":"Gash","floor":15.0,"key":"SMITH"},{"floor":24.0,"key":"REST"},{"floor":27.0,"key":"REST"},{"floor":32.0,"key":"REST"},{"floor":40.0,"key":"REST"},{"floor":44.0,"key":"REST"},{"floor":46.0,"key":"REST"},{"floor":49.0,"key":"RECALL"}],"circlet_count":0,"master_deck":["AscendersBane","Strike_B","Defend_B+1","Defend_B","Defend_B","Zap+1","Dualcast+1","Sweeping Beam+1","Chill","Gash+1","Electrodynamics+1","Steam","Defragment","Fission","Coolheaded","Beam Cell+1","Consume","Clumsy","Clumsy","Biased Cognition"],"relics":["Cracked Core","Pocketwatch","Golden Idol","Letter Opener","White Beast Statue","Pear","Bronze Scales","Inserter","Singing Bowl","Gremlin Horn","Mummified Hand","Matryoshka","Cursed Key","Lizard Tail","Centennial Puzzle","OrangePellets","Kunai","Anchor","Shuriken","Bag of Marbles"],"acts_visited":["Exordium","TheCity","TheBeyond"],"potions_floor_usage":[],"damage_taken":[{"damage":0.0,"enemies":"2 Louse","floor":1.0,"turns":2.0},{"damage":7.0,"enemies":"Jaw Worm","floor":5.0,"turns":3.0},{"damage":8.0,"enemies":"Gremlin Nob","floor":11.0,"turns":3.0},{"damage":9.0,"enemies":"Lagavulin","floor":12.0,"turns":6.0},{"damage":1.0,"enemies":"Small Slimes","floor":14.0,"turns":2.0},{"damage":20.0,"enemies":"Hexaghost","floor":16.0,"turns":8.0},{"damage":14.0,"enemies":"Spheric Guardian","floor":18.0,"turns":4.0},{"damage":4.0,"enemies":"3 Byrds","floor":20.0,"turns":3.0},{"damage":12.0,"enemies":"Snake Plant","floor":22.0,"turns":3.0},{"damage":15.0,"enemies":"Book of Stabbing","floor":23.0,"turns":4.0},{"damage":34.0,"enemies":"Shelled Parasite and Fungi","floor":25.0,"turns":6.0},{"damage":0.0,"enemies":"Gremlin Leader","floor":28.0,"turns":4.0},{"damage":4.0,"enemies":"Snecko","floor":29.0,"turns":4.0},{"damage":23.0,"enemies":"Slavers","floor":30.0,"turns":2.0},{"damage":3.0,"enemies":"Cultist and Chosen","floor":31.0,"turns":5.0},{"damage":27.0,"enemies":"Champ","floor":33.0,"turns":12.0},{"damage":5.0,"enemies":"3 Darklings","floor":35.0,"turns":4.0},{"damage":51.0,"enemies":"Mind Bloom Boss Battle","floor":37.0,"turns":9.0},{"damage":11.0,"enemies":"Orb Walker","floor":39.0,"turns":4.0},{"damage":55.0,"enemies":"Reptomancer","floor":41.0,"turns":8.0},{"damage":0.0,"enemies":"3 Darklings","floor":47.0,"turns":2.0},{"damage":52.0,"enemies":"Nemesis","floor":48.0,"turns":15.0},{"damage":1.0,"enemies":"Donu and Deca","floor":50.0,"turns":17.0},{"damage":37,"enemies":"Awakened One","floor":51,"turns":4}],"seed_played":"-5240728255214739206","potions_obtained":[{"floor":1.0,"key":"FearPotion"},{"floor":11.0,"key":"Regen Potion"},{"floor":12.0,"key":"Block Potion"},{"floor":14.0,"key":"Block Potion"},{"floor":16.0,"key":"AttackPotion"},{"floor":20.0,"key":"EntropicBrew"},{"floor":22.0,"key":"Swift Potion"},{"floor":25.0,"key":"AttackPotion"},{"floor":28.0,"key":"Block Potion"},{"floor":29.0,"key":"PowerPotion"},{"floor":30.0,"key":"GamblersBrew"},{"floor":31.0,"key":"FocusPotion"},{"floor":33.0,"key":"LiquidBronze"},{"floor":35.0,"key":"SteroidPotion"},{"floor":37.0,"key":"Weak Potion"},{"floor":39.0,"key":"Energy Potion"},{"floor":41.0,"key":"SkillPotion"},{"floor":47.0,"key":"SpeedPotion"},{"floor":48.0,"key":"SteroidPotion"}],"is_trial":false,"path_per_floor":["M","?","?","?","M","R","?","R","T","?","?","E","R","M","R","B",null,"M","$","M","?","M","E","R","M","T","R","E","M","E","M","R","B",null,"M","?","?","?","M","R","E","$","T","R","T","R","M","E","R","B","B"],"character_chosen":"DEFECT","items_purchased":["Singing Bowl","Consume","OrangePellets"],"campfire_rested":6,"item_purchase_floors":[19,42,42],"current_hp_per_floor":[64,64,57,57,50,50,31,31,31,31,33,24,24,32,32,12,59,45,45,43,43,33,18,41,9,9,33,35,33,12,9,34,7,66,61,61,12,12,3,30,22,22,22,49,49,76,78,26,26,25,0,0],"gold":118,"neow_bonus":"ONE_RARE_RELIC","is_daily":false,"chose_seed":false,"campfire_upgraded":4,"win_rate":0.0,"timestamp":1610596696,"path_taken":["M","?","?","?","?","R","?","R","T","?","?","E","R","M","R","BOSS","M","$","M","?","M","E","R","?","T","R","E","?","E","M","R","BOSS","M","?","?","?","M","R","E","?","T","R","?","R","M","E","R","BOSS","BOSS"],"items_purchased_type":["Relic","Card","Relic"],"build_version":"2020-12-22","purchased_purges":2,"victory":false,"max_hp_per_floor":[71,64,64,64,64,64,64,64,64,64,74,74,74,74,74,74,74,74,74,76,76,78,78,78,80,80,80,82,84,86,86,86,86,86,86,86,88,88,90,90,90,90,90,90,90,90,92,92,92,92,92,92],"card_choices":[{"not_picked":["Hello World","Skim"],"picked":"Beam Cell","floor":1.0},{"not_picked":["Beam Cell","Undo"],"picked":"Sweeping Beam","floor":5.0},{"not_picked":["Chaos","Go for the Eyes"],"picked":"Chill","floor":12.0},{"not_picked":["Leap","Recycle"],"picked":"Gash","floor":14.0},{"not_picked":["Fission","Seek"],"picked":"Electrodynamics","floor":16.0},{"not_picked":["Stack","Ball Lightning"],"picked":"Steam","floor":18.0},{"not_picked":["Glacier","Coolheaded","Reinforced Body"],"picked":"Singing Bowl","floor":20.0},{"not_picked":["Turbo","Conserve Battery","Hologram"],"picked":"Singing Bowl","floor":22.0},{"not_picked":["Stack","Steam","Skim"],"picked":"Singing Bowl","floor":25.0},{"not_picked":["Recycle","Amplify","Sunder"],"picked":"Singing Bowl","floor":28.0},{"not_picked":["Scrape","Hologram","Rip and Tear"],"picked":"Singing Bowl","floor":29.0},{"not_picked":["Conserve Battery","Ball Lightning+1","Compile Driver"],"picked":"Singing Bowl","floor":30.0},{"not_picked":["Conserve Battery","Redo+1"],"picked":"Defragment","floor":31.0},{"not_picked":["Core Surge","Hyperbeam"],"picked":"Fission","floor":33.0},{"not_picked":["Redo","Sweeping Beam+1"],"picked":"Coolheaded","floor":35.0},{"not_picked":["Cold Snap","Conserve Battery+1","Go for the Eyes"],"picked":"Singing Bowl","floor":37.0},{"not_picked":["Go for the Eyes","Rebound","Steam"],"picked":"Singing Bowl","floor":39.0},{"not_picked":["Electrodynamics","Leap+1"],"picked":"Beam Cell+1","floor":41.0},{"not_picked":["Force Field","Barrage","Beam Cell+1"],"picked":"Singing Bowl","floor":47.0},{"not_picked":["Cold Snap","Barrage"],"picked":"Biased Cognition","floor":48.0}],"player_experience":5273023,"relics_obtained":[{"floor":9.0,"key":"White Beast Statue"},{"floor":12.0,"key":"Bronze Scales"},{"floor":26.0,"key":"Gremlin Horn"},{"floor":28.0,"key":"Mummified Hand"},{"floor":30.0,"key":"Matryoshka"},{"floor":37.0,"key":"Lizard Tail"},{"floor":41.0,"key":"Centennial Puzzle"},{"floor":43.0,"key":"Kunai"},{"floor":45.0,"key":"Anchor"},{"floor":45.0,"key":"Shuriken"},{"floor":48.0,"key":"Bag of Marbles"}],"event_choices":[{"damage_healed":0.0,"max_hp_gain":0.0,"max_hp_loss":7.0,"gold_gain":0.0,"event_name":"Golden Idol","player_choice":"Lose Max HP","floor":2.0,"gold_loss":0.0,"damage_taken":0.0,"relics_obtained":["Golden Idol"]},{"cards_removed":["Defend_B"],"damage_healed":0.0,"max_hp_gain":0.0,"max_hp_loss":0.0,"gold_gain":0.0,"event_name":"Golden Wing","player_choice":"Card Removal","floor":3.0,"gold_loss":0.0,"damage_taken":7.0},{"cards_removed":["Beam Cell"],"damage_healed":0.0,"max_hp_gain":0.0,"max_hp_loss":0.0,"gold_gain":0.0,"event_name":"WeMeetAgain","player_choice":"Gave Card","floor":4.0,"gold_loss":0.0,"damage_taken":0.0,"relics_obtained":["Letter Opener"]},{"damage_healed":50.0,"max_hp_gain":0.0,"max_hp_loss":64.0,"gold_gain":0.0,"event_name":"betterThird:BetterShining","player_choice":"Upgrade","floor":7.0,"gold_loss":0.0,"damage_taken":19.0,"cards_upgraded":["Strike_B","Defend_B"]},{"damage_healed":0.0,"max_hp_gain":0.0,"max_hp_loss":0.0,"gold_gain":0.0,"event_name":"betterThird:BetterSerpent","player_choice":"Ignored","floor":10.0,"gold_loss":0.0,"damage_taken":115.0},{"damage_healed":0.0,"max_hp_gain":0.0,"max_hp_loss":0.0,"gold_gain":0.0,"event_name":"Dead Adventurer","player_choice":"Searched \u00273\u0027 times","floor":11.0,"gold_loss":0.0,"damage_taken":0.0,"relics_obtained":["Pear"]},{"damage_healed":0.0,"max_hp_gain":0.0,"max_hp_loss":0.0,"gold_gain":0.0,"event_name":"Upgrade Shrine","player_choice":"Upgraded","floor":21.0,"gold_loss":0.0,"damage_taken":0.0,"cards_upgraded":["Electrodynamics"]},{"damage_healed":0.0,"max_hp_gain":0.0,"max_hp_loss":0.0,"gold_gain":0.0,"event_name":"Mysterious Sphere","player_choice":"Ignored","floor":36.0,"gold_loss":0.0,"damage_taken":0.0},{"damage_healed":0.0,"max_hp_gain":0.0,"max_hp_loss":0.0,"gold_gain":0.0,"event_name":"MindBloom","player_choice":"Fight","floor":37.0,"gold_loss":0.0,"damage_taken":0.0},{"cards_removed":["Strike_B"],"damage_healed":0.0,"max_hp_gain":0.0,"max_hp_loss":0.0,"gold_gain":0.0,"event_name":"Falling","player_choice":"Removed Attack","floor":38.0,"gold_loss":0.0,"damage_taken":0.0}],"is_beta":false,"boss_relics":[{"not_picked":["Calling Bell","Fusion Hammer"],"picked":"Inserter"},{"not_picked":["Runic Pyramid","SacredBark"],"picked":"Cursed Key"}],"items_purged_floors":[19,42],"is_endless":false,"potions_floor_spawned":[1,11,12,14,16,18,20,22,23,25,28,29,30,31,33,35,37,39,41,47,48],"killed_by":"Awakened One","ascension_level":20}}