{"host":"w4b7hmige5bnqipq","time":1610622916,"event":{"mods":["2.2 Compatiblity","BaseMod","Colored Map","DeckTracker","Keyboard Shortcuts","Minty Spire (QoL Compilation)","Permanent Neow","Rare Cards Sparkle","SuperFastMode","everything is the same but u backflip on backflip","slay the spire mod where everything is the same but ironclad has a cowboy hat"],"gold_per_floor":[360,376,130,130,143,143,154,154,154,183,183,198,30,80,80,156,156,170,39,38,63,82,82,114,130,212,212,212],"floor_reached":27,"language":"KOR","playtime":992,"items_purged":["Strike_G","Strike_G"],"score":466,"play_id":"ae9e3f18-47d5-481c-8eb7-f232d48387e7","local_time":"20210114201516","is_ascension_mode":true,"campfire_choices":[{"data":"Bouncing Flask","floor":6,"key":"SMITH"},{"data":"Neutralize","floor":8,"key":"SMITH"},{"data":"Footwork","floor":15,"key":"SMITH"},{"data":"Wraith Form v2","floor":23,"key":"SMITH"}],"circlet_count":0,"master_deck":["AscendersBane","Strike_G","Strike_G","Defend_G","Defend_G","Defend_G+1","Defend_G","Defend_G","Survivor","Neutralize+1","Bouncing Flask+1","Calculated Gamble","Backflip+1","Reflex","Footwork+1","Wraith Form v2+1","Catalyst"],"relics":["Ring of the Snake","MealTicket","TungstenRod","Membership Card","Busted Crown","War Paint","Strawberry","Pen Nib","White Beast Statue"],"acts_visited":["Exordium","TheCity"],"potions_floor_usage":[10,16,20],"damage_taken":[{"damage":4,"enemies":"Cultist","floor":1,"turns":4},{"damage":0,"enemies":"Small Slimes","floor":2,"turns":5},{"damage":0,"enemies":"2 Louse","floor":5,"turns":3},{"damage":2,"enemies":"Red Slaver","floor":7,"turns":4},{"damage":18,"enemies":"3 Sentries","floor":10,"turns":7},{"damage":12,"enemies":"Large Slime","floor":12,"turns":8},{"damage":2,"enemies":"Hexaghost","floor":16,"turns":10},{"damage":12,"enemies":"Chosen","floor":18,"turns":5},{"damage":0,"enemies":"2 Thieves","floor":20,"turns":4},{"damage":14,"enemies":"Snake Plant","floor":22,"turns":5},{"damage":24,"enemies":"Book of Stabbing","floor":24,"turns":5},{"damage":6,"enemies":"Sentry and Sphere","floor":25,"turns":7},{"damage":21,"enemies":"Centurion and Healer","floor":27,"turns":8}],"seed_played":"2307373851763663202","potions_obtained":[{"floor":7,"key":"Swift Potion"},{"floor":12,"key":"Dexterity Potion"},{"floor":18,"key":"AttackPotion"},{"floor":25,"key":"Explosive Potion"}],"is_trial":false,"path_per_floor":["M","M","$","?","M","R","M","R","T","E","?","M","$","?","R","B",null,"M","$","M","T","M","R","E","M","T","M"],"character_chosen":"THE_SILENT","items_purchased":["MealTicket","Membership Card","War Paint"],"campfire_rested":0,"item_purchase_floors":[3,13,19],"current_hp_per_floor":[40,40,40,40,40,40,38,38,38,20,20,8,23,23,23,21,55,43,58,58,65,51,51,27,21,21,0,0],"gold":212,"neow_bonus":"TWO_FIFTY_GOLD","is_daily":false,"chose_seed":false,"campfire_upgraded":4,"win_rate":0.0,"timestamp":1610622916,"path_taken":["M","M","$","?","M","R","M","R","T","E","?","M","$","?","R","BOSS","M","$","M","?","M","R","E","M","T","M"],"items_purchased_type":["Relic","Relic","Relic"],"build_version":"2020-12-22","purchased_purges":2,"victory":false,"max_hp_per_floor":[66,66,66,66,66,66,66,66,66,66,66,66,66,66,66,66,66,66,66,66,73,73,73,73,73,73,73,73],"card_choices":[{"not_picked":["Prepared","PiercingWail"],"picked":"Bouncing Flask","floor":1},{"not_picked":["Blade Dance","Endless Agony","Sucker Punch"],"picked":"SKIP","floor":2},{"not_picked":["Noxious Fumes","Prepared"],"picked":"Calculated Gamble","floor":5},{"not_picked":["PiercingWail","Bane"],"picked":"Backflip","floor":7},{"not_picked":["Glass Knife","Dagger Spray"],"picked":"Reflex","floor":10},{"not_picked":["Reflex","Prepared"],"picked":"Footwork","floor":12},{"not_picked":["A Thousand Cuts","Bullet Time"],"picked":"Wraith Form v2","floor":16},{"not_picked":["Deflect"],"picked":"SKIP","floor":18},{"not_picked":["Terror"],"picked":"SKIP","floor":20},{"not_picked":[],"picked":"Catalyst","floor":22},{"not_picked":["All Out Attack"],"picked":"SKIP","floor":24},{"not_picked":["Sucker Punch"],"picked":"SKIP","floor":25}],"player_experience":487511,"relics_obtained":[{"floor":10,"key":"TungstenRod"},{"floor":21,"key":"Strawberry"},{"floor":24,"key":"Pen Nib"},{"floor":26,"key":"White Beast Statue"}],"event_choices":[{"cards_removed":["Strike_G"],"damage_healed":0,"gold_gain":0,"player_choice":"Forget","damage_taken":0,"max_hp_gain":0,"max_hp_loss":0,"event_name":"Living Wall","floor":4,"gold_loss":0},{"damage_healed":0,"gold_gain":0,"player_choice":"Ignored","damage_taken":0,"max_hp_gain":0,"max_hp_loss":0,"event_name":"Shining Light","floor":11,"gold_loss":0},{"damage_healed":0,"gold_gain":50,"player_choice":"Pray","damage_taken":0,"max_hp_gain":0,"max_hp_loss":0,"event_name":"Golden Shrine","floor":14,"gold_loss":0}],"is_beta":false,"boss_relics":[{"not_picked":["Tiny House","Ring of the Serpent"],"picked":"Busted Crown"}],"items_purged_floors":[3,19],"is_endless":false,"potions_floor_spawned":[7,12,18,25],"killed_by":"Centurion and Healer","ascension_level":20}}