{"host":"czyrp3agadxx2eka","time":1610643573,"event":{"mods":["Bard","BaseMod","Beaked The Cultist","BetterRewards","Colored Map","Downfall","Hermit","Hubris","Infinite Spire","Marisa????????","Minty Spire (QoL Compilation)","Replay The Spire","Shop Mod","StSLib","The Construct","The Cursed","The Elementalist","The Runesmith","TheBandit"],"gold_per_floor":[112,132,142,161,181,181,181,181],"floor_reached":7,"language":"ENG","playtime":615,"items_purged":[],"score":45,"play_id":"7cec38bd-17dd-4826-8995-087cf9b8bce4","local_time":"20210114145933","is_ascension_mode":false,"campfire_choices":[],"circlet_count":0,"master_deck":["elementalist:Air_Emblem","elementalist:Strike+Elemblue","elementalist:Defend_Elemblue","elementalist:Defend_Elemblue","elementalist:Defend_Elemblue","elementalist:Defend_Elemblue","elementalist:Defend_Elemblue","elementalist:Firestrike","elementalist:Earthstrike","elementalist:Waterstrike","elementalist:Airstrike","elementalist:Crystal_Chalk","elementalist:Vaccuum","elementalist:Emberveil","elementalist:Solar_Form","elementalist:Monument","elementalist:Refract","elementalist:Sidereal_Form"],"relics":["elementalistmod:MagusStaff","elementalistmod:GraduationLetter","NeowsBlessing"],"acts_visited":["Exordium"],"potions_floor_usage":[5,5,5,7],"damage_taken":[{"damage":0,"enemies":"infinitespire:Voidling","floor":1,"turns":1},{"damage":0,"enemies":"Jaw Worm","floor":2,"turns":1},{"damage":0,"enemies":"2 Louse","floor":3,"turns":1},{"damage":63,"enemies":"Exordium Thugs","floor":4,"turns":9},{"damage":2,"enemies":"Large Slime","floor":5,"turns":6},{"damage":6,"enemies":"Gremlin Nob","floor":7,"turns":3}],"seed_played":"-2028210254753240709","potions_obtained":[{"floor":1,"key":"FearPotion"},{"floor":2,"key":"Toxic Potion"},{"floor":4,"key":"Adrenaline Potion"},{"floor":5,"key":"Guardian:BlockOnCardUsePotion"}],"is_trial":false,"path_per_floor":["M","M","M","M","M","R","E"],"character_chosen":"THE_ELEMENTALIST","items_purchased":[],"campfire_rested":0,"item_purchase_floors":[],"current_hp_per_floor":[70,70,70,7,5,5,0,0],"gold":181,"neow_bonus":"THREE_ENEMY_KILL","is_daily":false,"chose_seed":false,"campfire_upgraded":0,"win_rate":0.0,"timestamp":1610643573,"path_taken":["M","M","M","M","M","R","E"],"items_purchased_type":[],"build_version":"2020-12-22","purchased_purges":0,"victory":false,"max_hp_per_floor":[70,70,70,70,70,70,70,70],"card_choices":[{"not_picked":["elementalist:Stone_to_Mud","elementalist:Etherstrike"],"picked":"elementalist:Vaccuum","floor":1},{"not_picked":["elementalist:Overheat","elementalist:Lunar_Form"],"picked":"elementalist:Emberveil","floor":2},{"not_picked":["elementalist:Etherstrike","elementalist:Confluence"],"picked":"elementalist:Solar_Form","floor":3},{"not_picked":["elementalist:Rising_Tides","elementalist:Spark"],"picked":"elementalist:Monument","floor":4},{"not_picked":["elementalist:Momentum","elementalist:Stone_to_Mud"],"picked":"elementalist:Refract","floor":5}],"player_experience":48887,"relics_obtained":[],"event_choices":[],"is_beta":false,"boss_relics":[],"items_purged_floors":[],"is_endless":false,"potions_floor_spawned":[1,2,4,5],"killed_by":"Gremlin Nob","ascension_level":0}}