{"host":"vex7walpoxzv48nx","time":1610656317,"event":{"mods":["BaseMod","Highlight Path","Minty Spire (QoL Compilation)","Permanent Neow","Quick Restart","Relic Stats"],"gold_per_floor":[116,116,116,76,26,59,102,102,128,128,159,175,175,24,24,145,145,170,95,95,5,5,5,0,0,0,0,0,0,0,0,0,126,126,142,203,203,57,57,57,332,363,363,363,36,369,35,35,35,35],"floor_reached":51,"language":"ENG","playtime":3544,"items_purged":["Shame","Writhe"],"score":998,"play_id":"74e78c20-c257-43c1-8240-b98c0fc97f12","local_time":"20210114213157","daily_mods":["Heirloom","Flight","Cursed Run"],"is_ascension_mode":false,"campfire_choices":[{"data":"White Noise","floor":8,"key":"SMITH"},{"data":"Sunder","floor":10,"key":"SMITH"},{"data":"Sweeping Beam","floor":15,"key":"SMITH"},{"data":"Coolheaded","floor":23,"key":"SMITH"},{"data":"Seek","floor":27,"key":"SMITH"},{"data":"Ghostly","floor":32,"key":"SMITH"},{"data":"Skim","floor":40,"key":"SMITH"},{"data":"Ghostly","floor":44,"key":"SMITH"},{"floor":49,"key":"REST"}],"circlet_count":0,"master_deck":["Strike_B+1","Strike_B+1","Defend_B+1","Defend_B+1","Defend_B+1","Defend_B+1","Zap+1","Dualcast+1","Cold Snap+1","Injury","Sunder+1","Reinforced Body+1","White Noise+1","Consume+1","Sweeping Beam+1","Seek+1","Leap+1","Decay","Coolheaded+1","Shame","Injury","Ghostly+1","Ghostly+1","Ghostly+1","Ghostly+1","Ghostly+1","Clumsy","Meteor Strike+1","Lockon+1","Coolheaded+1","Skim+1","Decay","Regret","Reprogram+1","Secret Technique+1","Compile Driver+1","Pain"],"relics":["Cursed Key","Darkstone Periapt","Du-Vu Doll","Ice Cream","Thread and Needle","Lantern","Bottled Lightning","Oddly Smooth Stone","Happy Flower","Juzu Bracelet","Inserter","Letter Opener","CaptainsWheel","TungstenRod","Nuclear Battery","StoneCalendar","Question Card","DataDisk","FossilizedHelix","Cables","Mark of the Bloom"],"acts_visited":["Exordium","TheCity","TheBeyond"],"potions_floor_usage":[12,36,42,50,50],"damage_taken":[{"damage":1.0,"enemies":"2 Louse","floor":1.0,"turns":2.0},{"damage":1,"enemies":"Lagavulin","floor":6,"turns":8},{"damage":0,"enemies":"3 Sentries","floor":7,"turns":6},{"damage":4,"enemies":"Gremlin Nob","floor":11,"turns":4},{"damage":0,"enemies":"Small Slimes","floor":12,"turns":3},{"damage":62,"enemies":"Hexaghost","floor":16,"turns":12},{"damage":0,"enemies":"3 Byrds","floor":18,"turns":5},{"damage":0,"enemies":"Champ","floor":33,"turns":12},{"damage":0,"enemies":"Orb Walker","floor":35,"turns":4},{"damage":8,"enemies":"2 Orb Walkers","floor":36,"turns":7},{"damage":0,"enemies":"Nemesis","floor":42,"turns":5},{"damage":0,"enemies":"Donu and Deca","floor":50,"turns":8}],"seed_played":"-7095339839227914358","potions_obtained":[{"floor":6,"key":"Block Potion"},{"floor":18,"key":"Block Potion"},{"floor":33,"key":"ColorlessPotion"},{"floor":35,"key":"FocusPotion"},{"floor":42,"key":"AttackPotion"}],"is_trial":true,"path_per_floor":["M","?","?","$","?","E","E","R","T","R","E","M","?","$","R","B",null,"M","?","?","?","?","R","?","?","T","R","?","$","?","$","R","B",null,"M","?","?","$","T","R","?","E","T","R","$","?","$","?","R","B",null],"character_chosen":"DEFECT","items_purchased":["Sunder","Juzu Bracelet","Skim","Secret Technique","Compile Driver","Cables","Ancient Potion"],"campfire_rested":1,"item_purchase_floors":[4,14,38,45,45,47,47],"current_hp_per_floor":[74,80,77,77,77,76,76,76,82,82,78,78,78,78,78,22,93,93,93,99,99,99,99,99,105,111,111,55,55,55,55,55,61,61,61,53,53,53,59,59,65,65,71,71,71,71,71,71,71,71],"gold":35,"neow_bonus":"","is_daily":false,"chose_seed":false,"campfire_upgraded":8,"win_rate":0.0,"timestamp":1610656317,"path_taken":["M","?","?","?","?","E","E","R","T","R","E","M","?","?","R","BOSS","M","?","?","?","?","R","?","?","T","R","?","?","?","?","R","BOSS","M","?","?","?","?","R","?","E","T","R","$","?","$","?","R","BOSS"],"items_purchased_type":["Card","Relic","Card","Card","Card","Relic","Potion"],"build_version":"2020-12-22","purchased_purges":2,"victory":true,"max_hp_per_floor":[75,81,81,81,81,81,81,81,87,87,87,87,87,87,87,93,93,93,93,99,99,99,99,99,105,111,111,55,55,55,55,55,61,61,61,61,61,61,67,67,73,73,79,79,79,79,79,79,79,85],"relic_stats":{"Darkstone Periapt":66,"Mark of the Bloom":29,"Inserter":[20],"Happy Flower":[18],"counters":[12,76],"StoneCalendar":[70],"Juzu Bracelet":4,"Letter Opener":[146],"Cursed Key":4,"Question Card":1,"Cables":[8,0,2,0,6],"obtain_stats":[{"Darkstone Periapt":0,"Ice Cream":0,"Lantern":6,"Mark of the Bloom":48,"Inserter":17,"Happy Flower":11,"Golden Idol":2,"Oddly Smooth Stone":9,"Thread and Needle":3,"StoneCalendar":36,"Juzu Bracelet":14,"Letter Opener":25,"Cursed Key":0,"Question Card":39,"Nuclear Battery":34,"Cables":47,"Du-Vu Doll":0,"CaptainsWheel":26,"DataDisk":42,"Bottled Lightning":7,"TungstenRod":30,"FossilizedHelix":43},{"Darkstone Periapt":0,"Ice Cream":0,"Lantern":2,"Mark of the Bloom":11,"Inserter":6,"Happy Flower":4,"Golden Idol":1,"Oddly Smooth Stone":3,"Thread and Needle":1,"StoneCalendar":10,"Juzu Bracelet":5,"Letter Opener":7,"Cursed Key":0,"Question Card":10,"Nuclear Battery":8,"Cables":11,"Du-Vu Doll":0,"CaptainsWheel":7,"DataDisk":11,"Bottled Lightning":3,"TungstenRod":7,"FossilizedHelix":11},{"Darkstone Periapt":0,"Ice Cream":0,"Lantern":10,"Mark of the Bloom":68,"Inserter":35,"Happy Flower":20,"Golden Idol":2,"Oddly Smooth Stone":16,"Thread and Needle":2,"StoneCalendar":63,"Juzu Bracelet":23,"Letter Opener":40,"Cursed Key":0,"Question Card":63,"Nuclear Battery":52,"Cables":68,"Du-Vu Doll":0,"CaptainsWheel":40,"DataDisk":68,"Bottled Lightning":16,"TungstenRod":40,"FossilizedHelix":68}],"TungstenRod":3},"card_choices":[{"not_picked":["Consume","Storm"],"picked":"Cold Snap","floor":1.0},{"not_picked":["Rip and Tear","Steam"],"picked":"Reinforced Body","floor":6},{"not_picked":["Amplify","Reinforced Body"],"picked":"White Noise","floor":7},{"not_picked":["Aggregate","Conserve Battery"],"picked":"Consume","floor":11},{"not_picked":["Beam Cell","Reprogram"],"picked":"Sweeping Beam","floor":12},{"not_picked":["Thunder Strike","Electrodynamics"],"picked":"Seek","floor":16},{"not_picked":["Steam","Capacitor"],"picked":"Leap","floor":18},{"not_picked":["Rainbow","Thunder Strike"],"picked":"Meteor Strike","floor":33},{"not_picked":["Gash","Turbo"],"picked":"Lockon+1","floor":35},{"not_picked":["Hello World+1","Steam"],"picked":"Coolheaded+1","floor":36},{"not_picked":["Streamline","Leap+1","Chill"],"picked":"Reprogram+1","floor":42}],"player_experience":127993,"relics_obtained":[{"floor":6,"key":"Lantern"},{"floor":7,"key":"Bottled Lightning"},{"floor":9,"key":"Oddly Smooth Stone"},{"floor":11,"key":"Happy Flower"},{"floor":26,"key":"CaptainsWheel"},{"floor":36,"key":"StoneCalendar"},{"floor":39,"key":"Question Card"},{"floor":42,"key":"DataDisk"},{"floor":43,"key":"FossilizedHelix"}],"event_choices":[{"damage_healed":0.0,"max_hp_gain":0.0,"max_hp_loss":0.0,"gold_gain":0.0,"event_name":"Golden Idol","player_choice":"Take Wound","floor":2.0,"gold_loss":0.0,"damage_taken":0.0,"relics_obtained":["Golden Idol"],"cards_obtained":["Injury"]},{"damage_healed":0.0,"max_hp_gain":0.0,"max_hp_loss":0.0,"gold_gain":0.0,"event_name":"Scrap Ooze","player_choice":"Success","floor":3.0,"gold_loss":0.0,"damage_taken":3.0,"relics_obtained":["Thread and Needle"]},{"cards_removed":["Strike_B"],"damage_healed":0.0,"max_hp_gain":0.0,"max_hp_loss":0.0,"gold_gain":0.0,"event_name":"The Cleric","player_choice":"Card Removal","floor":5.0,"gold_loss":50.0,"damage_taken":0.0},{"damage_healed":0,"gold_gain":0,"player_choice":"Grow","damage_taken":0,"max_hp_gain":0,"max_hp_loss":0,"event_name":"Living Wall","floor":13,"gold_loss":0,"cards_upgraded":["Consume"]},{"cards_removed":["Writhe"],"damage_healed":0,"gold_gain":0,"player_choice":"Gave Gold","damage_taken":0,"max_hp_gain":0,"max_hp_loss":0,"event_name":"Beggar","floor":19,"gold_loss":75},{"damage_healed":0,"gold_gain":0,"player_choice":"Smashed Altar","damage_taken":0,"max_hp_gain":0,"max_hp_loss":0,"event_name":"Forgotten Altar","floor":20,"gold_loss":0,"cards_obtained":["Decay"]},{"cards_removed":["Strike_B"],"damage_healed":0,"gold_gain":0,"player_choice":"Upgrade and Remove","damage_taken":0,"max_hp_gain":0,"max_hp_loss":0,"event_name":"Designer","floor":21,"gold_loss":90,"cards_upgraded":["Leap"]},{"damage_healed":0,"gold_gain":0,"player_choice":"Read","damage_taken":0,"max_hp_gain":0,"max_hp_loss":0,"event_name":"The Library","floor":22,"gold_loss":0,"cards_obtained":["Coolheaded"]},{"damage_healed":0,"gold_gain":0,"player_choice":"Paid Fearfully","damage_taken":0,"max_hp_gain":0,"max_hp_loss":0,"event_name":"Masked Bandits","floor":24,"gold_loss":5},{"damage_healed":0,"gold_gain":0,"player_choice":"Stole Relic","damage_taken":0,"relics_obtained":["Letter Opener"],"max_hp_gain":0,"max_hp_loss":0,"event_name":"Addict","floor":25,"gold_loss":0,"cards_obtained":["Shame"]},{"damage_healed":0,"gold_gain":0,"player_choice":"Became a Ghost","damage_taken":0,"max_hp_gain":0,"max_hp_loss":56,"event_name":"Ghosts","floor":28,"gold_loss":0,"cards_obtained":["Ghostly","Ghostly","Ghostly","Ghostly","Ghostly"]},{"damage_healed":0,"gold_gain":0,"player_choice":"Gave Potion","damage_taken":0,"relics_obtained":["TungstenRod"],"max_hp_gain":0,"max_hp_loss":0,"event_name":"WeMeetAgain","floor":30,"gold_loss":0},{"damage_healed":0,"gold_gain":0,"player_choice":"Fight","damage_taken":0,"max_hp_gain":0,"max_hp_loss":0,"event_name":"Mysterious Sphere","floor":36,"gold_loss":0},{"damage_healed":0,"gold_gain":0,"player_choice":"Ignored","damage_taken":0,"max_hp_gain":0,"max_hp_loss":0,"event_name":"Tomb of Lord Red Mask","floor":37,"gold_loss":0},{"damage_healed":0,"gold_gain":275,"player_choice":"Desecrate","damage_taken":0,"max_hp_gain":0,"max_hp_loss":0,"event_name":"Golden Shrine","floor":41,"gold_loss":0,"cards_obtained":["Regret"]},{"damage_healed":0,"gold_gain":333,"player_choice":"Gave Idol","damage_taken":0,"max_hp_gain":0,"max_hp_loss":0,"event_name":"The Moai Head","floor":46,"relics_lost":["Golden Idol"],"gold_loss":0},{"damage_healed":0,"gold_gain":0,"player_choice":"Upgrade","damage_taken":0,"relics_obtained":["Mark of the Bloom"],"max_hp_gain":0,"max_hp_loss":0,"event_name":"MindBloom","floor":48,"gold_loss":0,"cards_upgraded":["Strike_B","Strike_B","Defend_B","Defend_B","Defend_B","Defend_B","Zap","Dualcast","Cold Snap","Reinforced Body","Ghostly","Ghostly","Ghostly","Meteor Strike","Secret Technique","Compile Driver"]}],"is_beta":false,"boss_relics":[{"not_picked":["Runic Pyramid","Busted Crown"],"picked":"Inserter"},{"not_picked":["Black Star","Velvet Choker"],"picked":"Nuclear Battery"}],"items_purged_floors":[38,45],"is_endless":false,"potions_floor_spawned":[6,18,33,35,42],"ascension_level":0}}