{"host":"wutzay93uet9pf9y","time":1610646760,"event":{"mods":["BaseMod","Colored Map","Downfall","Minty Spire (QoL Compilation)","StSLib"],"gold_per_floor":[109,120,120,137,157,189,189,189,216,216,276,307,325,360,360,437,437,457,637,637,312,312,339,339,372,372,386,397,397,30,44,44,44,44],"floor_reached":33,"language":"ENG","playtime":2046,"items_purged":["Regret","Decay"],"score":574,"play_id":"c5d7b66e-185c-4d11-82e7-5329898f77cc","local_time":"20210114125240","is_ascension_mode":true,"campfire_choices":[{"data":"Dark Embrace","floor":7.0,"key":"SMITH"},{"data":"Uppercut","floor":10.0,"key":"SMITH"},{"floor":15.0,"key":"REST"},{"floor":24.0,"key":"REST"},{"floor":32,"key":"REST"}],"circlet_count":0,"master_deck":["AscendersBane","Bash","Cleave","Wild Strike","Uppercut+1","Power Through","Dark Embrace+1","Headbutt","True Grit","Reckless Charge","Fire Breathing","Reaper","Immolate","Feel No Pain","Havoc","Exhume","Combust","Reckless Charge","Spot Weakness","Warcry","Combust","Shockwave","Fire Breathing","Wild Strike","Wild Strike","Dropkick+1","Writhe","Sentinel","Fire Breathing","Evolve"],"relics":["Burning Blood","Red Skull","Juzu Bracelet","Bronze Scales","Centennial Puzzle","StoneCalendar","Gremlin Horn","Pandora\u0027s Box","Bottled Lightning","MutagenicStrength","Blue Candle","TungstenRod","Paper Frog","Boot","Chemical X"],"acts_visited":["Exordium","TheCity"],"potions_floor_usage":[],"damage_taken":[{"damage":6.0,"enemies":"Cultist","floor":1.0,"turns":4.0},{"damage":5.0,"enemies":"2 Louse","floor":2.0,"turns":2.0},{"damage":12.0,"enemies":"Small Slimes","floor":4.0,"turns":2.0},{"damage":6.0,"enemies":"Looter","floor":5.0,"turns":3.0},{"damage":0.0,"enemies":"Gremlin Nob","floor":6.0,"turns":2.0},{"damage":34.0,"enemies":"Lagavulin Event","floor":11.0,"turns":6.0},{"damage":23.0,"enemies":"3 Sentries","floor":12.0,"turns":5.0},{"damage":9.0,"enemies":"2 Fungi Beasts","floor":13.0,"turns":2.0},{"damage":12.0,"enemies":"Gremlin Nob","floor":14.0,"turns":3.0},{"damage":26.0,"enemies":"The Guardian","floor":16.0,"turns":7.0},{"damage":26.0,"enemies":"3 Byrds","floor":18.0,"turns":3.0},{"damage":13.0,"enemies":"Gremlin Leader","floor":23.0,"turns":3.0},{"damage":56.0,"enemies":"Book of Stabbing","floor":25.0,"turns":5.0},{"damage":10.0,"enemies":"Spheric Guardian","floor":27.0,"turns":3.0},{"damage":4,"enemies":"Shelled Parasite and Fungi","floor":28,"turns":3},{"damage":11,"enemies":"Centurion and Healer","floor":31,"turns":4},{"damage":71,"enemies":"Automaton","floor":33,"turns":6}],"seed_played":"-7371152132550698175","potions_obtained":[{"floor":4.0,"key":"sneckomod:MuddlingPotion"},{"floor":5.0,"key":"Strength Potion"},{"floor":12.0,"key":"SmokeBomb"},{"floor":16.0,"key":"Swift Potion"},{"floor":18.0,"key":"Explosive Potion"},{"floor":23.0,"key":"EntropicBrew"}],"is_trial":false,"path_per_floor":["M","M","?","M","M","E","R","?","T","R","?","E","M","E","R","B",null,"M","?","?","$","?","E","R","E","T","M","M","?","$","M","R","B"],"character_chosen":"IRONCLAD","items_purchased":["Bottled Lightning","Chemical X","Sentinel","Fire Breathing"],"campfire_rested":3,"item_purchase_floors":[21,30,30,30],"current_hp_per_floor":[68,69,69,63,63,69,69,69,69,69,41,24,21,15,37,24,62,48,29,29,29,29,22,44,18,18,14,16,16,16,11,33,0,0],"gold":44,"neow_bonus":"REMOVE_CARD","is_daily":false,"chose_seed":false,"campfire_upgraded":2,"win_rate":0.0,"timestamp":1610646760,"path_taken":["M","?","?","?","M","E","R","?","T","R","?","E","M","E","R","BOSS","M","?","?","$","?","E","R","E","T","M","M","?","$","M","R","BOSS"],"items_purchased_type":["Relic","Relic","Card","Card"],"build_version":"2020-12-22","purchased_purges":2,"victory":false,"max_hp_per_floor":[75,75,75,75,75,75,75,75,75,75,75,75,75,75,75,75,75,75,75,75,75,75,75,75,75,75,75,75,75,75,75,75,75,75],"card_choices":[{"not_picked":["Havoc","Combust"],"picked":"Cleave","floor":1.0},{"not_picked":["Flex","Perfected Strike"],"picked":"Wild Strike","floor":2.0},{"not_picked":["Warcry","Sentinel"],"picked":"Power Through","floor":4.0},{"not_picked":["Iron Wave","Limit Break"],"picked":"Dark Embrace","floor":5.0},{"not_picked":["Heavy Blade","Clothesline"],"picked":"Headbutt","floor":6.0},{"not_picked":["Feel No Pain","Iron Wave"],"picked":"True Grit","floor":11.0},{"not_picked":["Anger","Dark Embrace"],"picked":"Reckless Charge","floor":12.0},{"not_picked":["Iron Wave","Flame Barrier"],"picked":"Fire Breathing","floor":13.0},{"not_picked":["Anger","Headbutt"],"picked":"Reaper","floor":14.0},{"not_picked":["Fiend Fire","Offering"],"picked":"Immolate","floor":16.0},{"not_picked":["Body Slam","Rupture"],"picked":"Shockwave","floor":18.0},{"not_picked":["Pommel Strike","Heavy Blade"],"picked":"Fire Breathing","floor":23.0},{"not_picked":["Warcry","Thunderclap"],"picked":"Wild Strike","floor":25.0},{"not_picked":["Sword Boomerang","Entrench"],"picked":"Wild Strike","floor":27.0},{"not_picked":["Body Slam","Hemokinesis"],"picked":"Dropkick+1","floor":28},{"not_picked":["Dropkick","Sword Boomerang"],"picked":"Evolve","floor":31}],"player_experience":290021,"relics_obtained":[{"floor":6.0,"key":"Red Skull"},{"floor":9.0,"key":"Bronze Scales"},{"floor":11.0,"key":"Centennial Puzzle"},{"floor":12.0,"key":"StoneCalendar"},{"floor":14.0,"key":"Gremlin Horn"},{"floor":23.0,"key":"Blue Candle"},{"floor":25.0,"key":"TungstenRod"},{"floor":26.0,"key":"Paper Frog"}],"event_choices":[{"damage_healed":0.0,"max_hp_gain":0.0,"max_hp_loss":0.0,"gold_gain":0.0,"event_name":"Match and Keep!","player_choice":"1 cards matched","floor":3.0,"gold_loss":0.0,"damage_taken":0.0,"cards_obtained":["Uppercut"]},{"damage_healed":0.0,"max_hp_gain":0.0,"max_hp_loss":0.0,"gold_gain":0.0,"event_name":"Big Fish","player_choice":"Box","floor":8.0,"gold_loss":0.0,"damage_taken":0.0,"relics_obtained":["Juzu Bracelet"],"cards_obtained":["Regret"]},{"damage_healed":0.0,"max_hp_gain":0.0,"max_hp_loss":0.0,"gold_gain":0.0,"event_name":"Dead Adventurer","player_choice":"Searched \u00271\u0027 times","floor":11.0,"gold_loss":0.0,"damage_taken":0.0},{"damage_healed":0.0,"max_hp_gain":0.0,"max_hp_loss":0.0,"gold_gain":180.0,"event_name":"Knowing Skull","player_choice":"GOLD GOLD ","floor":19.0,"potions_obtained":[],"gold_loss":0.0,"damage_taken":19.0,"cards_obtained":[]},{"damage_healed":0.0,"max_hp_gain":0.0,"max_hp_loss":0.0,"gold_gain":0.0,"event_name":"Forgotten Altar","player_choice":"Smashed Altar","floor":20.0,"gold_loss":0.0,"damage_taken":0.0,"cards_obtained":["Decay"]},{"damage_healed":0.0,"max_hp_gain":0.0,"max_hp_loss":0.0,"gold_gain":0.0,"event_name":"Drug Dealer","player_choice":"Inject Mutagens","floor":22.0,"gold_loss":0.0,"damage_taken":0.0,"relics_obtained":["MutagenicStrength"]},{"damage_healed":0,"gold_gain":0,"player_choice":"Opened","damage_taken":0,"relics_obtained":["Boot"],"max_hp_gain":0,"max_hp_loss":0,"event_name":"The Mausoleum","floor":29,"gold_loss":0,"cards_obtained":["Writhe"]}],"is_beta":false,"boss_relics":[{"not_picked":["Runic Dome","Runic Pyramid"],"picked":"Pandora\u0027s Box"}],"items_purged_floors":[21,30],"is_endless":false,"potions_floor_spawned":[4,5,12,16,18,23],"killed_by":"Automaton","ascension_level":15}}