{"host":"qm4rv4rkpk76sbxu","time":1610654390,"event":{"mods":["BaseMod","Bestiary","Block Reminder","DeckTracker","Filter the Spire","Keyboard Shortcuts","Minty Spire (QoL Compilation)","MonsterHotkey","Quick Restart","Relic Stats","Slay-I","StSLib","ojb\u0027s Better Paths Mod","ojb\u0027s Info Mod"],"gold_per_floor":[109,109,120,136,86,115,115,143,143,177,197,213,213,230,230,335,335,377,16,16,16,31,89,108,142,142,167,182,214,260,280,280,381,381,424,449,20,20,64,91,91,147,147,194,252,297,358,383,395,437,449,461,27,52,52],"floor_reached":56,"language":"ENG","playtime":3774,"items_purged":["Strike_P","Pain"],"score":1630,"play_id":"b6d5aa83-0023-4094-8b4f-68093ed78893","local_time":"20210114205950","is_ascension_mode":true,"campfire_choices":[{"data":"Eruption","floor":7.0,"key":"SMITH"},{"data":"CarveReality","floor":15.0,"key":"SMITH"},{"floor":32.0,"key":"REST"},{"floor":41,"key":"REST"},{"floor":49,"key":"RECALL"},{"floor":52,"key":"REST"}],"circlet_count":0,"master_deck":["Strike_P","Strike_P+1","Defend_P","Defend_P","Defend_P","Defend_P","Eruption+1","Vigilance","CarveReality+1","FearNoEvil","BowlingBash+1","DevaForm","Wish+1","WheelKick","Apotheosis+1","Wallop+1","MentalFortress","CrushJoints","Scrawl+1","SpiritShield+1","TalkToTheHand","DeusExMachina+1","WaveOfTheHand+1","WheelKick+1","ThirdEye+1","Wallop+1","InnerPeace+1","Pray+1","WheelKick"],"relics":["PureWater","Tiny Chest","StrikeDummy","Dream Catcher","Dead Branch","Toxic Egg 2","Mango","Mummified Hand","VioletLotus","Matryoshka","WarpedTongs","Bronze Scales","Bag of Preparation","Bag of Marbles","CloakClasp","Bottled Lightning","Omamori","Fusion Hammer","Nunchaku","Kunai","MealTicket","Blood Vial","Vajra","Juzu Bracelet","MawBank","Ice Cream","Oddly Smooth Stone","Whetstone"],"acts_visited":["Exordium","TheCity","TheBeyond","TheEnding"],"potions_floor_usage":[55,55,55],"damage_taken":[{"damage":0.0,"enemies":"Cultist","floor":1.0,"turns":3.0},{"damage":3.0,"enemies":"Jaw Worm","floor":3.0,"turns":3.0},{"damage":0.0,"enemies":"Small Slimes","floor":4.0,"turns":3.0},{"damage":9.0,"enemies":"3 Sentries","floor":6.0,"turns":4.0},{"damage":0.0,"enemies":"Lagavulin","floor":8.0,"turns":3.0},{"damage":6.0,"enemies":"3 Sentries","floor":10.0,"turns":5.0},{"damage":0.0,"enemies":"Gremlin Gang","floor":11.0,"turns":2.0},{"damage":1.0,"enemies":"Exordium Wildlife","floor":12.0,"turns":4.0},{"damage":3.0,"enemies":"Red Slaver","floor":14.0,"turns":3.0},{"damage":27.0,"enemies":"Hexaghost","floor":16.0,"turns":7.0},{"damage":32.0,"enemies":"Chosen","floor":18.0,"turns":6.0},{"damage":2.0,"enemies":"Spheric Guardian","floor":22.0,"turns":2.0},{"damage":18.0,"enemies":"Book of Stabbing","floor":23.0,"turns":6.0},{"damage":22.0,"enemies":"Snake Plant","floor":24.0,"turns":3.0},{"damage":7.0,"enemies":"Gremlin Leader","floor":25.0,"turns":5.0},{"damage":19.0,"enemies":"Book of Stabbing","floor":27.0,"turns":5.0},{"damage":0.0,"enemies":"Sentry and Sphere","floor":28.0,"turns":3.0},{"damage":0.0,"enemies":"Gremlin Leader","floor":29.0,"turns":2.0},{"damage":1.0,"enemies":"Centurion and Healer","floor":30.0,"turns":4.0},{"damage":2.0,"enemies":"Shelled Parasite and Fungi","floor":31.0,"turns":4.0},{"damage":8,"enemies":"Collector","floor":33,"turns":8},{"damage":15,"enemies":"3 Darklings","floor":35,"turns":6},{"damage":2,"enemies":"3 Shapes","floor":39,"turns":6},{"damage":0,"enemies":"Giant Head","floor":40,"turns":6},{"damage":0,"enemies":"Reptomancer","floor":42,"turns":6},{"damage":0,"enemies":"Jaw Worm Horde","floor":44,"turns":2},{"damage":0,"enemies":"Nemesis","floor":45,"turns":5},{"damage":0,"enemies":"3 Darklings","floor":46,"turns":2},{"damage":0,"enemies":"Reptomancer","floor":47,"turns":4},{"damage":0,"enemies":"Spire Growth","floor":48,"turns":2},{"damage":4,"enemies":"Donu and Deca","floor":50,"turns":8},{"damage":0,"enemies":"Shield and Spear","floor":54,"turns":3},{"damage":61,"enemies":"The Heart","floor":55,"turns":12}],"seed_played":"1701048236462254287","potions_obtained":[{"floor":1.0,"key":"StancePotion"},{"floor":4.0,"key":"Fruit Juice"},{"floor":8.0,"key":"Block Potion"},{"floor":10.0,"key":"Swift Potion"},{"floor":11.0,"key":"GamblersBrew"},{"floor":24.0,"key":"Regen Potion"},{"floor":27.0,"key":"SkillPotion"},{"floor":28.0,"key":"Explosive Potion"},{"floor":29.0,"key":"FearPotion"},{"floor":39,"key":"LiquidBronze"},{"floor":42,"key":"Fire Potion"},{"floor":46,"key":"SkillPotion"},{"floor":54,"key":"Regen Potion"}],"is_trial":false,"path_per_floor":["M","T","M","M","?","E","R","E","T","E","M","M","?","M","R","B",null,"M","$","T","?","M","E","M","E","T","E","M","E","M","M","R","B",null,"M","T","$","$","M","E","R","E","T","M","E","M","E","M","R","B",null,"R","$","E","B",null],"character_chosen":"WATCHER","items_purchased":["WheelKick","Apotheosis+1","SteroidPotion","Kunai","WaveOfTheHand+1","Ice Cream","Oddly Smooth Stone"],"campfire_rested":3,"item_purchase_floors":[19,19,19,37,37,53,53],"current_hp_per_floor":[72,72,69,69,69,60,60,60,60,73,73,72,72,69,69,42,91,59,59,59,59,57,39,17,24,24,5,5,5,4,2,29,21,91,76,76,76,76,74,74,91,91,91,91,91,91,91,91,91,87,91,91,91,91,45],"gold":52,"neow_bonus":"RANDOM_COMMON_RELIC","is_daily":false,"chose_seed":false,"campfire_upgraded":2,"win_rate":0.0,"timestamp":1610654390,"path_taken":["M","?","M","M","?","E","R","E","T","E","M","M","?","M","R","BOSS","M","$","?","?","?","E","?","E","T","E","M","E","M","M","R","BOSS","M","?","?","$","M","E","R","E","T","M","E","M","E","M","R","BOSS","R","$","E","BOSS"],"items_purchased_type":["Card","Card","Potion","Relic","Card","Relic","Relic"],"build_version":"2020-12-22","purchased_purges":2,"victory":true,"max_hp_per_floor":[72,72,72,72,72,72,72,72,72,91,91,91,91,91,91,91,91,91,91,91,91,91,91,91,91,91,91,91,91,91,91,91,91,91,91,91,91,91,91,91,91,91,91,91,91,91,91,91,91,91,91,91,91,91,91],"relic_stats":{"counters":[33,147],"Dead Branch":[187],"Bag of Preparation":[40],"CloakClasp":[343],"Juzu Bracelet":0,"Whetstone":["Strike_P","BowlingBash"],"MawBank":72,"WarpedTongs":[81],"Blood Vial":0,"Dream Catcher":3,"Nunchaku":[13],"Mummified Hand":[69],"Bronze Scales":[328],"Tiny Chest":2,"MealTicket":0,"VioletLotus":[26],"Kunai":[31],"obtain_stats":[{"Ice Cream":53,"Vajra":43,"Mango":10,"Bag of Preparation":25,"CloakClasp":26,"Juzu Bracelet":45,"Whetstone":54,"Blood Vial":42,"Dream Catcher":6,"Nunchaku":36,"Matryoshka":20,"Mummified Hand":13,"Tiny Chest":0,"MealTicket":40,"VioletLotus":17,"Fusion Hammer":34,"Kunai":37,"Toxic Egg 2":9,"Dead Branch":8,"Oddly Smooth Stone":53,"Omamori":29,"MawBank":47,"WarpedTongs":21,"Bronze Scales":23,"Bag of Marbles":26,"Bottled Lightning":27,"PureWater":0,"StrikeDummy":2},{"Ice Cream":31,"Vajra":25,"Mango":6,"Bag of Preparation":15,"CloakClasp":15,"Juzu Bracelet":27,"Whetstone":32,"Blood Vial":25,"Dream Catcher":4,"Nunchaku":22,"Matryoshka":11,"Mummified Hand":8,"Tiny Chest":0,"MealTicket":24,"VioletLotus":10,"Fusion Hammer":21,"Kunai":22,"Toxic Egg 2":5,"Dead Branch":5,"Oddly Smooth Stone":31,"Omamori":18,"MawBank":29,"WarpedTongs":11,"Bronze Scales":13,"Bag of Marbles":15,"Bottled Lightning":16,"PureWater":0,"StrikeDummy":1},{"Ice Cream":132,"Vajra":109,"Mango":21,"Bag of Preparation":59,"CloakClasp":59,"Juzu Bracelet":116,"Whetstone":135,"Blood Vial":109,"Dream Catcher":13,"Nunchaku":91,"Matryoshka":43,"Mummified Hand":27,"Tiny Chest":0,"MealTicket":103,"VioletLotus":37,"Fusion Hammer":85,"Kunai":91,"Toxic Egg 2":16,"Dead Branch":16,"Oddly Smooth Stone":132,"Omamori":69,"MawBank":122,"WarpedTongs":43,"Bronze Scales":51,"Bag of Marbles":59,"Bottled Lightning":64,"PureWater":0,"StrikeDummy":3}]},"card_choices":[{"not_picked":["SashWhip","Halt"],"picked":"CarveReality","floor":1.0},{"not_picked":["BattleHymn","ThirdEye"],"picked":"FearNoEvil","floor":3.0},{"not_picked":["BattleHymn","Halt","ThirdEye"],"picked":"SKIP","floor":4.0},{"not_picked":["WaveOfTheHand","Prostrate"],"picked":"BowlingBash","floor":6.0},{"not_picked":["EmptyFist","Swivel","ThirdEye"],"picked":"SKIP","floor":8.0},{"not_picked":["PathToVictory+1","Crescendo+1","Study"],"picked":"SKIP","floor":10.0},{"not_picked":["Evaluate+1","Crescendo+1"],"picked":"DevaForm","floor":11.0},{"not_picked":["Consecrate","EmptyBody+1","Protect+1"],"picked":"SKIP","floor":12.0},{"not_picked":["Consecrate","Prostrate+1","Protect+1"],"picked":"SKIP","floor":14.0},{"not_picked":["LessonLearned","MasterReality"],"picked":"Wish+1","floor":16.0},{"not_picked":["SandsOfTime+1","PathToVictory+1","FollowUp"],"picked":"SKIP","floor":18.0},{"not_picked":["DeceiveReality+1","EmptyFist"],"picked":"Wallop+1","floor":22.0},{"not_picked":["Pray+1","FlyingSleeves"],"picked":"MentalFortress","floor":23.0},{"not_picked":["Wireheading","PathToVictory+1"],"picked":"CrushJoints","floor":24.0},{"not_picked":["Pray+1","BowlingBash","Crescendo+1"],"picked":"SKIP","floor":25.0},{"not_picked":["Nirvana","FlyingSleeves","JustLucky"],"picked":"SKIP","floor":27.0},{"not_picked":["FollowUp","SashWhip+1"],"picked":"Scrawl+1","floor":28.0},{"not_picked":["EmptyFist","Indignation+1"],"picked":"SpiritShield+1","floor":29.0},{"not_picked":["DeceiveReality+1","SandsOfTime","Consecrate"],"picked":"SKIP","floor":30.0},{"not_picked":["Consecrate","JustLucky","Prostrate+1"],"picked":"SKIP","floor":31.0},{"not_picked":["Halt+1","Swivel+1"],"picked":"TalkToTheHand","floor":32.0},{"not_picked":["Wish+1","DevaForm"],"picked":"DeusExMachina+1","floor":33},{"not_picked":["FlurryOfBlows","Conclude+1","Halt+1"],"picked":"SKIP","floor":35},{"not_picked":["ClearTheMind+1","DeceiveReality+1","Perseverance+1"],"picked":"SKIP","floor":39},{"not_picked":["CutThroughFate","FlyingSleeves+1"],"picked":"WheelKick+1","floor":40},{"not_picked":["SandsOfTime","FollowUp"],"picked":"ThirdEye+1","floor":41},{"not_picked":["Conclude","WreathOfFlame+1","DeceiveReality+1"],"picked":"SKIP","floor":42},{"not_picked":["MentalFortress","EmptyFist+1"],"picked":"Wallop+1","floor":44},{"not_picked":["Tantrum+1","EmptyFist+1"],"picked":"InnerPeace+1","floor":45},{"not_picked":["BowlingBash+1","Study+1","Collect+1"],"picked":"SKIP","floor":46},{"not_picked":["Consecrate+1","LessonLearned"],"picked":"Pray+1","floor":47},{"not_picked":["SashWhip+1","Indignation+1","ThirdEye+1"],"picked":"SKIP","floor":48},{"not_picked":["Indignation+1","ClearTheMind+1"],"picked":"WheelKick","floor":54}],"player_experience":1298773,"relics_obtained":[{"floor":2.0,"key":"StrikeDummy"},{"floor":6.0,"key":"Dream Catcher"},{"floor":8.0,"key":"Dead Branch"},{"floor":9.0,"key":"Toxic Egg 2"},{"floor":10.0,"key":"Mango"},{"floor":13.0,"key":"Mummified Hand"},{"floor":20.0,"key":"Matryoshka"},{"floor":23.0,"key":"Bronze Scales"},{"floor":25.0,"key":"Bag of Preparation"},{"floor":26.0,"key":"Bag of Marbles"},{"floor":26.0,"key":"CloakClasp"},{"floor":27.0,"key":"Bottled Lightning"},{"floor":29.0,"key":"Omamori"},{"floor":36,"key":"Nunchaku"},{"floor":40,"key":"MealTicket"},{"floor":42,"key":"Blood Vial"},{"floor":43,"key":"Vajra"},{"floor":45,"key":"Juzu Bracelet"},{"floor":47,"key":"MawBank"},{"floor":54,"key":"Whetstone"}],"event_choices":[{"cards_removed":["Strike_P"],"damage_healed":0.0,"max_hp_gain":0.0,"max_hp_loss":0.0,"gold_gain":0.0,"event_name":"The Cleric","player_choice":"Card Removal","floor":5.0,"gold_loss":50.0,"damage_taken":0.0},{"damage_healed":0.0,"max_hp_gain":0.0,"max_hp_loss":0.0,"gold_gain":0.0,"event_name":"Wheel of Change","player_choice":"Relic","floor":13.0,"gold_loss":0.0,"damage_taken":0.0},{"damage_healed":0.0,"max_hp_gain":0.0,"max_hp_loss":0.0,"gold_gain":0.0,"event_name":"Accursed Blacksmith","player_choice":"Rummage","floor":21.0,"gold_loss":0.0,"damage_taken":0.0,"relics_obtained":["WarpedTongs"],"cards_obtained":["Pain"]}],"is_beta":false,"boss_relics":[{"not_picked":["Runic Pyramid","Astrolabe"],"picked":"VioletLotus"},{"not_picked":["SlaversCollar","Velvet Choker"],"picked":"Fusion Hammer"}],"items_purged_floors":[19,37],"is_endless":false,"potions_floor_spawned":[1,4,8,10,11,24,27,28,29,39,42,46,47,54],"ascension_level":1}}