{"host":"krqozg1tp0zpuvz3","time":1610616519,"event":{"mods":["AchievementEnabler","BaseMod","Colored Map","DeckTracker","Keyboard Shortcuts","Minty Spire (QoL Compilation)","Permanent Neow","Relic Stats","Shop Mod","SuperFastMode"],"gold_per_floor":[111,261,280,296,20,20,49,49,76,76,86,86,100,118,118,193,193,204,35,35,54,73,73,85,98,98,23,23,23,23,53,53,53,53],"floor_reached":33,"language":"KOR","playtime":883,"items_purged":["Doubt"],"score":521,"play_id":"b82927dd-38ed-4d9c-ac4b-589bbe5fb9fe","local_time":"20210114182839","is_ascension_mode":true,"campfire_choices":[{"data":"Streamline","floor":6,"key":"SMITH"},{"data":"Defragment","floor":8,"key":"SMITH"},{"data":"Coolheaded","floor":12,"key":"SMITH"},{"floor":15,"key":"REST"},{"data":"Defragment","floor":23,"key":"SMITH"},{"floor":30,"key":"REST"},{"floor":32,"key":"REST"}],"circlet_count":0,"master_deck":["AscendersBane","Strike_B","Strike_B+1","Strike_B+1","Defend_B+1","Defend_B","Defend_B","Defend_B+1","Zap+1","Dualcast+1","Cold Snap","Compile Driver","Streamline+1","Defragment+1","Melter","Coolheaded+1","White Noise","Sweeping Beam","White Noise","Coolheaded","Defragment+1","Conserve Battery","Go for the Eyes","Ghostly","Ghostly","Ghostly","Steam"],"relics":["Cracked Core","Blood Vial","Whetstone","War Paint","Black Star","Strawberry","Bottled Lightning","Bronze Scales","Darkstone Periapt"],"acts_visited":["Exordium","TheCity"],"potions_floor_usage":[7,16,22,22,33,33],"damage_taken":[{"damage":7,"enemies":"Jaw Worm","floor":1,"turns":3},{"damage":4,"enemies":"2 Louse","floor":3,"turns":3},{"damage":0,"enemies":"Cultist","floor":4,"turns":3},{"damage":3,"enemies":"Gremlin Nob","floor":7,"turns":3},{"damage":8,"enemies":"Lots of Slimes","floor":11,"turns":4},{"damage":4,"enemies":"3 Louse","floor":13,"turns":3},{"damage":8,"enemies":"Blue Slaver","floor":14,"turns":3},{"damage":29,"enemies":"Hexaghost","floor":16,"turns":9},{"damage":31,"enemies":"2 Thieves","floor":18,"turns":5},{"damage":0,"enemies":"Spheric Guardian","floor":21,"turns":2},{"damage":28,"enemies":"3 Cultists","floor":22,"turns":5},{"damage":26,"enemies":"Shelled Parasite and Fungi","floor":24,"turns":6},{"damage":19,"enemies":"Snake Plant","floor":25,"turns":6},{"damage":7,"enemies":"Book of Stabbing","floor":31,"turns":7},{"damage":70,"enemies":"Collector","floor":33,"turns":9}],"seed_played":"-5018413146826495175","potions_obtained":[{"floor":3,"key":"LiquidBronze"},{"floor":4,"key":"FocusPotion"},{"floor":7,"key":"PotionOfCapacity"},{"floor":18,"key":"Strength Potion"},{"floor":22,"key":"Swift Potion"},{"floor":31,"key":"Strength Potion"}],"is_trial":false,"path_per_floor":["M","?","M","M","$","R","E","R","T","?","M","R","M","M","R","B",null,"M","$","?","M","M","R","M","M","T","?","?","$","R","E","R","B"],"character_chosen":"DEFECT","items_purchased":["Defragment","Blood Vial","Strawberry"],"campfire_rested":3,"item_purchase_floors":[5,5,19],"current_hp_per_floor":[57,57,53,53,53,53,52,52,52,52,46,46,44,38,59,32,61,32,39,88,88,60,60,36,19,19,19,19,19,32,27,40,0,0],"gold":53,"neow_bonus":"UPGRADE_CARD","is_daily":false,"chose_seed":false,"campfire_upgraded":4,"win_rate":0.0,"timestamp":1610616519,"path_taken":["M","?","M","M","$","R","E","R","T","?","M","R","M","M","R","BOSS","M","$","?","?","M","R","M","M","T","?","?","$","R","E","R","BOSS"],"items_purchased_type":["Card","Relic","Relic"],"build_version":"2020-12-22","purchased_purges":1,"victory":false,"max_hp_per_floor":[71,71,71,71,71,71,71,71,71,71,71,71,71,71,71,71,71,71,78,88,88,88,88,88,88,88,88,44,44,44,44,44,44,44],"relic_stats":{"Blood Vial":20,"Darkstone Periapt":0,"counters":[15,71],"Bronze Scales":[33],"Black Star":1,"Whetstone":["Strike_B","Strike_B"],"War Paint":["Defend_B","Defend_B"],"obtain_stats":[{"Blood Vial":5,"Darkstone Periapt":31,"Strawberry":19,"Bronze Scales":31,"Black Star":17,"Whetstone":7,"Bottled Lightning":26,"War Paint":9,"Cracked Core":0},{"Blood Vial":3,"Darkstone Periapt":14,"Strawberry":9,"Bronze Scales":14,"Black Star":8,"Whetstone":4,"Bottled Lightning":13,"War Paint":4,"Cracked Core":0},{"Blood Vial":9,"Darkstone Periapt":62,"Strawberry":36,"Bronze Scales":62,"Black Star":31,"Whetstone":12,"Bottled Lightning":55,"War Paint":12,"Cracked Core":0}]},"card_choices":[{"not_picked":["Turbo","Fusion"],"picked":"Cold Snap","floor":1},{"not_picked":["Hologram","Gash"],"picked":"Compile Driver","floor":3},{"not_picked":["Gash","Sweeping Beam"],"picked":"Streamline","floor":4},{"not_picked":["Reinforced Body","Beam Cell"],"picked":"Melter","floor":7},{"not_picked":["Beam Cell","Recycle"],"picked":"Coolheaded","floor":11},{"not_picked":["Streamline","Rainbow"],"picked":"White Noise","floor":13},{"not_picked":["Redo","Streamline"],"picked":"Sweeping Beam","floor":14},{"not_picked":["Meteor Strike","Buffer"],"picked":"Creative AI","floor":16},{"not_picked":["Ball Lightning","Scrape+1"],"picked":"White Noise","floor":18},{"not_picked":["Barrage","Gash"],"picked":"Coolheaded","floor":21},{"not_picked":["Leap","Go for the Eyes"],"picked":"Defragment","floor":22},{"not_picked":["Sweeping Beam","Gash"],"picked":"Conserve Battery","floor":24},{"not_picked":["Force Field","Hyperbeam"],"picked":"Go for the Eyes","floor":25},{"not_picked":["Sweeping Beam","Cold Snap"],"picked":"Steam","floor":31}],"player_experience":284116,"relics_obtained":[{"floor":7,"key":"Whetstone"},{"floor":9,"key":"War Paint"},{"floor":26,"key":"Bottled Lightning"},{"floor":31,"key":"Bronze Scales"},{"floor":31,"key":"Darkstone Periapt"}],"event_choices":[{"damage_healed":0,"gold_gain":150,"player_choice":"AGREE","damage_taken":0,"max_hp_gain":0,"max_hp_loss":0,"event_name":"Liars Game","floor":2,"gold_loss":0,"cards_obtained":["Doubt"]},{"damage_healed":0,"gold_gain":0,"player_choice":"Upgraded","damage_taken":0,"max_hp_gain":0,"max_hp_loss":0,"event_name":"Upgrade Shrine","floor":10,"gold_loss":0,"cards_upgraded":["Zap"]},{"cards_removed":["Creative AI"],"damage_healed":39,"gold_gain":0,"player_choice":"Offered Rare","damage_taken":0,"max_hp_gain":10,"max_hp_loss":0,"event_name":"Bonfire Elementals","floor":20,"gold_loss":0},{"cards_removed":["Strike_B"],"damage_healed":0,"gold_gain":0,"player_choice":"Gave Gold","damage_taken":0,"max_hp_gain":0,"max_hp_loss":0,"event_name":"Beggar","floor":27,"gold_loss":75},{"damage_healed":0,"gold_gain":0,"player_choice":"Became a Ghost","damage_taken":0,"max_hp_gain":0,"max_hp_loss":44,"event_name":"Ghosts","floor":28,"gold_loss":0,"cards_obtained":["Ghostly","Ghostly","Ghostly"]}],"is_beta":false,"boss_relics":[{"not_picked":["Velvet Choker","Fusion Hammer"],"picked":"Black Star"}],"items_purged_floors":[5],"is_endless":false,"potions_floor_spawned":[3,4,7,14,18,22,31],"killed_by":"Collector","ascension_level":19}}