{"host":"2wgvpzon7e7g5l7y","time":1610649194,"event":{"mods":["BaseMod","Minty Spire (QoL Compilation)","StSLib"],"gold_per_floor":[110,110,110,84,94,94,120,139,164,164,179,179,206,381,381,381,381],"floor_reached":16,"language":"ENG","playtime":827,"items_purged":[],"score":160,"play_id":"e406708d-759d-4157-9acc-1e05cea712d5","local_time":"20210114193314","is_ascension_mode":true,"campfire_choices":[{"floor":6,"key":"DIG"},{"floor":12,"key":"DIG"},{"floor":15,"key":"DIG"}],"circlet_count":0,"master_deck":["Strike_P","Strike_P","Strike_P+1","Strike_P+1","Defend_P","Defend_P","Defend_P+1","Defend_P","Eruption+1","Vigilance+1","CurseOfTheBell","BowlingBash","WaveOfTheHand","Evaluate","FollowUp+1","Jack Of All Trades","EmptyFist","DeusExMachina","Doubt"],"relics":["Calling Bell","War Paint","Sundial","Shovel","Akabeko","HornCleat","Vajra","Tiny Chest","Whetstone","Bag of Marbles","Anchor"],"acts_visited":["Exordium"],"potions_floor_usage":[13,13],"damage_taken":[{"damage":4,"enemies":"Jaw Worm","floor":1,"turns":5},{"damage":0,"enemies":"Small Slimes","floor":5,"turns":3},{"damage":22,"enemies":"Lagavulin","floor":7,"turns":10},{"damage":0,"enemies":"Cultist","floor":8,"turns":2},{"damage":0,"enemies":"Large Slime","floor":11,"turns":3},{"damage":0,"enemies":"Gremlin Nob","floor":13,"turns":1},{"damage":33,"enemies":"Slime Boss","floor":16,"turns":6}],"seed_played":"8500821113611440959","potions_obtained":[{"floor":7,"key":"GamblersBrew"},{"floor":11,"key":"SteroidPotion"}],"is_trial":false,"path_per_floor":["M","?","?","$","M","R","E","M","T","?","M","R","E","?","R","B"],"character_chosen":"WATCHER","items_purchased":["BowlingBash"],"campfire_rested":0,"item_purchase_floors":[4],"current_hp_per_floor":[68,54,54,54,54,54,32,32,32,32,32,32,32,32,32,0,0],"gold":381,"neow_bonus":"BOSS_RELIC","is_daily":false,"chose_seed":false,"campfire_upgraded":0,"win_rate":0.0,"timestamp":1610649194,"path_taken":["M","?","?","$","?","R","E","M","T","?","?","R","E","?","R","BOSS"],"items_purchased_type":["Card"],"build_version":"2020-12-22","purchased_purges":0,"victory":false,"max_hp_per_floor":[72,72,72,72,72,72,72,72,72,72,72,72,72,72,72,72,72],"card_choices":[{"not_picked":["Conclude","WreathOfFlame"],"picked":"LikeWater","floor":1},{"not_picked":["Swivel","Study"],"picked":"WaveOfTheHand","floor":5},{"not_picked":["Prostrate","Worship"],"picked":"Evaluate","floor":7},{"not_picked":["BowlingBash","Swivel"],"picked":"FollowUp","floor":8},{"not_picked":["FlyingSleeves","SandsOfTime"],"picked":"EmptyFist","floor":11},{"not_picked":["PathToVictory","Protect"],"picked":"DeusExMachina","floor":13}],"player_experience":241397,"relics_obtained":[{"floor":0,"key":"War Paint"},{"floor":0,"key":"Sundial"},{"floor":0,"key":"Shovel"},{"floor":6,"key":"HornCleat"},{"floor":7,"key":"Vajra"},{"floor":9,"key":"Tiny Chest"},{"floor":12,"key":"Whetstone"},{"floor":13,"key":"Bag of Marbles"},{"floor":15,"key":"Anchor"}],"event_choices":[{"damage_healed":0,"gold_gain":0,"player_choice":"Entered Light","damage_taken":14,"max_hp_gain":0,"max_hp_loss":0,"event_name":"Shining Light","floor":2,"gold_loss":0,"cards_upgraded":["Strike_P","Eruption"]},{"cards_removed":["LikeWater"],"damage_healed":0,"gold_gain":0,"player_choice":"Gave Card","damage_taken":0,"relics_obtained":["Akabeko"],"max_hp_gain":0,"max_hp_loss":0,"event_name":"WeMeetAgain","floor":3,"gold_loss":0},{"damage_healed":0,"gold_gain":0,"player_choice":"1 cards matched","damage_taken":0,"max_hp_gain":0,"max_hp_loss":0,"event_name":"Match and Keep!","floor":10,"gold_loss":0,"cards_obtained":["Jack Of All Trades"]},{"damage_healed":0,"gold_gain":175,"player_choice":"AGREE","damage_taken":0,"max_hp_gain":0,"max_hp_loss":0,"event_name":"Liars Game","floor":14,"gold_loss":0,"cards_obtained":["Doubt"]}],"is_beta":false,"boss_relics":[],"items_purged_floors":[],"is_endless":false,"potions_floor_spawned":[7,11],"killed_by":"Slime Boss","ascension_level":4}}