{"host":"s58r5yp46srrl8k0","time":1610654642,"event":{"mods":["BaseMod","BetterRewards","Colored Powertips","Energized Spire","Minty Spire (QoL Compilation)","Relic Stats","StSLib"],"gold_per_floor":[119,48,60,76,91,91,122,138,164,184,217,392,417,445,457,571,583,610,353,365,365,384,384,418,418,418,433,433,451,479,499,499,601,601,618,235,254,254,271,306,306,337,337,337,349,360,395,55,55,55,55],"floor_reached":50,"language":"ENG","playtime":4968,"items_purged":["Strike_G","Defend_G","Strike_G"],"score":890,"play_id":"1f96135c-87c1-4c00-8aba-5354841bdd8e","local_time":"20210114150402","is_ascension_mode":true,"campfire_choices":[{"data":"Footwork","floor":6,"key":"SMITH"},{"data":"A Thousand Cuts","floor":15,"key":"SMITH"},{"data":"Adrenaline","floor":23,"key":"SMITH"},{"data":"Masterful Stab","floor":25,"key":"SMITH"},{"data":"Neutralize","floor":32,"key":"SMITH"},{"data":"Accuracy","floor":41,"key":"SMITH"},{"data":"A Thousand Cuts","floor":44,"key":"SMITH"},{"floor":49,"key":"REST"}],"circlet_count":0,"master_deck":["Strike_G","Strike_G","Strike_G+1","Defend_G","Defend_G","Defend_G","Defend_G","Survivor","Neutralize+1","Masterful Stab+1","Cloak And Dagger","Blade Dance","Slice+1","Backstab","Footwork+1","Storm of Steel","Backflip","A Thousand Cuts+1","Endless Agony","Adrenaline+1","Escape Plan+1","Dodge and Roll","Neutralize+1","Panacea","Cloak And Dagger","Backflip","Masterful Stab+1","A Thousand Cuts+1","Accuracy+1","Finisher"],"relics":["Ring of the Serpent","Omamori","Happy Flower","MealTicket","MawBank","Pen Nib","Bottled Flame","FossilizedHelix","NlothsMask","Whetstone","Busted Crown","ClockworkSouvenir","Vajra","Bronze Scales","Mercury Hourglass","Shovel","OrangePellets"],"acts_visited":["Exordium","TheCity","TheBeyond"],"potions_floor_usage":[11,13,13,24,27,30,30,31,31,33,33,42,47,50,50],"damage_taken":[{"damage":0,"enemies":"Small Slimes","floor":1,"turns":5},{"damage":0,"enemies":"2 Louse","floor":3,"turns":2},{"damage":0,"enemies":"Cultist","floor":4,"turns":3},{"damage":0,"enemies":"3 Louse","floor":5,"turns":2},{"damage":3,"enemies":"3 Sentries","floor":7,"turns":9},{"damage":1,"enemies":"Red Slaver","floor":8,"turns":3},{"damage":0,"enemies":"Large Slime","floor":10,"turns":6},{"damage":0,"enemies":"Lagavulin","floor":11,"turns":7},{"damage":0,"enemies":"3 Sentries","floor":13,"turns":4},{"damage":2,"enemies":"Gremlin Gang","floor":14,"turns":4},{"damage":29,"enemies":"Hexaghost","floor":16,"turns":11},{"damage":0,"enemies":"Spheric Guardian","floor":18,"turns":3},{"damage":0,"enemies":"Chosen","floor":20,"turns":3},{"damage":18,"enemies":"Snake Plant","floor":22,"turns":3},{"damage":9,"enemies":"Gremlin Leader","floor":24,"turns":7},{"damage":0,"enemies":"Snecko","floor":27,"turns":3},{"damage":15,"enemies":"3 Cultists","floor":29,"turns":6},{"damage":0,"enemies":"Book of Stabbing","floor":30,"turns":6},{"damage":0,"enemies":"Snake Plant","floor":31,"turns":5},{"damage":0,"enemies":"Automaton","floor":33,"turns":6},{"damage":17,"enemies":"3 Darklings","floor":35,"turns":5},{"damage":0,"enemies":"Orb Walker","floor":37,"turns":3},{"damage":0,"enemies":"3 Darklings","floor":39,"turns":5},{"damage":11,"enemies":"Nemesis","floor":40,"turns":5},{"damage":15,"enemies":"Reptomancer","floor":42,"turns":5},{"damage":23,"enemies":"Writhing Mass","floor":45,"turns":5},{"damage":0,"enemies":"4 Shapes","floor":46,"turns":3},{"damage":14,"enemies":"Nemesis","floor":47,"turns":5},{"damage":41,"enemies":"Time Eater","floor":50,"turns":8}],"seed_played":"-6889146625401685748","potions_obtained":[{"floor":7,"key":"Energy Potion"},{"floor":8,"key":"Ancient Potion"},{"floor":11,"key":"EssenceOfSteel"},{"floor":14,"key":"FearPotion"},{"floor":16,"key":"DuplicationPotion"},{"floor":20,"key":"Dexterity Potion"},{"floor":22,"key":"EntropicBrew"},{"floor":24,"key":"DuplicationPotion"},{"floor":29,"key":"DuplicationPotion"},{"floor":33,"key":"Ancient Potion"},{"floor":39,"key":"Weak Potion"},{"floor":42,"key":"LiquidBronze"},{"floor":45,"key":"GhostInAJar"},{"floor":47,"key":"SteroidPotion"}],"is_trial":false,"path_per_floor":["M","$","M","M","M","R","E","M","T","M","E","?","E","M","R","B",null,"M","$","M","?","M","R","E","R","T","M","?","M","E","M","R","B",null,"M","$","M","?","M","E","R","E","T","R","M","M","E","$","R","B"],"character_chosen":"THE_SILENT","items_purchased":["Cloak And Dagger","Blade Dance","Pen Nib","Dodge and Roll","ClockworkSouvenir","Accuracy","Strength Potion","Finisher","OrangePellets"],"campfire_rested":1,"item_purchase_floors":[2,2,19,19,36,36,36,48,48],"current_hp_per_floor":[70,70,70,70,70,70,67,66,66,66,66,66,66,64,64,35,70,70,70,70,70,52,52,43,43,43,43,43,28,28,28,28,28,70,53,68,68,68,68,57,57,42,42,42,19,19,5,20,41,0,0],"gold":55,"neow_bonus":"UPGRADE_CARD","is_daily":false,"chose_seed":false,"campfire_upgraded":7,"win_rate":0.0,"timestamp":1610654642,"path_taken":["M","$","M","M","M","R","E","M","T","M","E","?","E","M","R","BOSS","M","$","M","?","M","R","E","R","T","?","?","?","E","M","R","BOSS","M","$","M","?","?","E","R","E","T","R","?","M","E","$","R","BOSS"],"items_purchased_type":["Card","Card","Relic","Card","Relic","Card","Potion","Card","Relic"],"build_version":"2020-12-22","purchased_purges":3,"victory":false,"max_hp_per_floor":[70,70,70,70,70,70,70,70,70,70,70,70,70,70,70,70,70,70,70,70,70,70,70,70,70,70,70,70,70,70,70,70,70,70,70,70,70,70,70,70,70,70,70,70,70,70,70,70,70,70,70],"relic_stats":{"OrangePellets":[0],"Busted Crown":16,"Shovel":0,"Happy Flower":[39],"counters":[29,142],"Bronze Scales":[72],"MealTicket":30,"Pen Nib":[31],"Whetstone":["Slice","Strike_G"],"MawBank":72,"obtain_stats":[{"Happy Flower":9,"Vajra":38,"Pen Nib":19,"Omamori":7,"Whetstone":30,"MawBank":13,"ClockworkSouvenir":36,"Mercury Hourglass":42,"OrangePellets":48,"Bottled Flame":24,"Busted Crown":34,"Shovel":47,"Bronze Scales":40,"MealTicket":11,"Ring of the Serpent":17,"FossilizedHelix":26,"Ring of the Snake":0,"NlothsMask":28},{"Happy Flower":6,"Vajra":22,"Pen Nib":12,"Omamori":5,"Whetstone":18,"MawBank":9,"ClockworkSouvenir":21,"Mercury Hourglass":25,"OrangePellets":28,"Bottled Flame":15,"Busted Crown":20,"Shovel":28,"Bronze Scales":24,"MealTicket":8,"Ring of the Serpent":11,"FossilizedHelix":15,"Ring of the Snake":0,"NlothsMask":16},{"Happy Flower":24,"Vajra":106,"Pen Nib":59,"Omamori":21,"Whetstone":87,"MawBank":41,"ClockworkSouvenir":103,"Mercury Hourglass":121,"OrangePellets":134,"Bottled Flame":72,"Busted Crown":98,"Shovel":134,"Bronze Scales":116,"MealTicket":37,"Ring of the Serpent":56,"FossilizedHelix":72,"Ring of the Snake":0,"NlothsMask":75}],"Mercury Hourglass":[62]},"card_choices":[{"not_picked":["Flying Knee","PiercingWail"],"picked":"Masterful Stab","floor":1},{"not_picked":["Deadly Poison","PiercingWail"],"picked":"Slice","floor":3},{"not_picked":["Dagger Spray","Dagger Throw"],"picked":"Backstab","floor":4},{"not_picked":["Slice","Bane"],"picked":"Footwork","floor":5},{"not_picked":["Eviscerate","Catalyst"],"picked":"Storm of Steel","floor":7},{"not_picked":["Concentrate","Predator","Calculated Gamble"],"picked":"SKIP","floor":8},{"not_picked":["Underhanded Strike","Prepared"],"picked":"Backflip","floor":10},{"not_picked":["Choke","Calculated Gamble"],"picked":"A Thousand Cuts","floor":11},{"not_picked":["Eviscerate","Tactician"],"picked":"Endless Agony","floor":13},{"not_picked":["Setup","Calculated Gamble","Bane"],"picked":"SKIP","floor":14},{"not_picked":["Glass Knife","Venomology"],"picked":"Adrenaline","floor":16},{"not_picked":["Poisoned Stab","PiercingWail+1"],"picked":"Escape Plan+1","floor":18},{"not_picked":["Dagger Spray","Deadly Poison+1","Calculated Gamble"],"picked":"SKIP","floor":20},{"not_picked":["Slice","PiercingWail+1"],"picked":"Cloak And Dagger","floor":22},{"not_picked":["Poisoned Stab","Choke","Setup"],"picked":"SKIP","floor":24},{"not_picked":["Flying Knee+1","Distraction","Underhanded Strike"],"picked":"SKIP","floor":27},{"not_picked":["PiercingWail+1","Deadly Poison"],"picked":"Backflip","floor":29},{"not_picked":["PiercingWail","Endless Agony"],"picked":"Masterful Stab+1","floor":30},{"not_picked":["Riddle With Holes","Crippling Poison+1","Grand Finale"],"picked":"SKIP","floor":31},{"not_picked":["Doppelganger","Glass Knife"],"picked":"A Thousand Cuts","floor":33},{"not_picked":["Outmaneuver"],"picked":"SKIP","floor":35},{"not_picked":["Reflex+1"],"picked":"SKIP","floor":37},{"not_picked":["Outmaneuver+1"],"picked":"SKIP","floor":39},{"not_picked":["Calculated Gamble+1"],"picked":"SKIP","floor":40},{"not_picked":["Leg Sweep"],"picked":"SKIP","floor":42},{"not_picked":["Catalyst+1"],"picked":"SKIP","floor":45},{"not_picked":["Noxious Fumes"],"picked":"SKIP","floor":46},{"not_picked":["Tactician+1"],"picked":"SKIP","floor":47}],"player_experience":303888,"relics_obtained":[{"floor":7,"key":"Omamori"},{"floor":9,"key":"Happy Flower"},{"floor":11,"key":"MealTicket"},{"floor":13,"key":"MawBank"},{"floor":24,"key":"Bottled Flame"},{"floor":26,"key":"FossilizedHelix"},{"floor":30,"key":"Whetstone"},{"floor":40,"key":"Bronze Scales"},{"floor":42,"key":"Mercury Hourglass"},{"floor":47,"key":"Shovel"}],"event_choices":[{"damage_healed":0,"gold_gain":175,"player_choice":"AGREE","damage_taken":0,"max_hp_gain":0,"max_hp_loss":0,"event_name":"Liars Game","floor":12,"gold_loss":0,"cards_obtained":["Doubt"]},{"damage_healed":0,"gold_gain":0,"player_choice":"2 cards matched","damage_taken":0,"max_hp_gain":0,"max_hp_loss":0,"event_name":"Match and Keep!","floor":21,"gold_loss":0,"cards_obtained":["Neutralize","Panacea"]},{"damage_healed":0,"gold_gain":0,"player_choice":"Trade","damage_taken":0,"relics_obtained":["NlothsMask"],"max_hp_gain":0,"max_hp_loss":0,"event_name":"FaceTrader","floor":28,"gold_loss":0},{"damage_healed":0,"gold_gain":0,"player_choice":"Gave Potion","damage_taken":0,"relics_obtained":["Vajra"],"max_hp_gain":0,"max_hp_loss":0,"event_name":"WeMeetAgain","floor":38,"gold_loss":0}],"is_beta":false,"boss_relics":[{"not_picked":["Astrolabe","Ectoplasm"],"picked":"Ring of the Serpent"},{"not_picked":["energizedSpire:NeverEndingSparkler","Black Star"],"picked":"Busted Crown"}],"items_purged_floors":[19,36,48],"is_endless":false,"potions_floor_spawned":[7,8,11,14,16,20,22,24,29,33,39,42,45,46,47],"killed_by":"Time Eater","ascension_level":4}}