{"host":"a0d98l75j0h1o085","time":1610634280,"event":{"mods":["AlwaysNeverKeys","BaseMod","Downfall","Highlight Path","Minty Spire (QoL Compilation)","StSLib"],"gold_per_floor":[117,117,135,155,0,0,0,15,15,15,15,35,69,89,89,184,184,203,203,4,4,23,23,38,38,65,100,15,45,45,64,64,164,164,174,88,88,136,1135,1146,1146,1176,1176,1188,1188,1223,25,42,42,42],"floor_reached":51,"language":"ENG","playtime":7368,"items_purged":["Strike_P","ReachHeaven","Normality"],"score":768,"play_id":"deca3e98-a2a7-480e-8640-4fcd919f722a","local_time":"20210114142440","is_ascension_mode":false,"campfire_choices":[{"data":"Crescendo","floor":6.0,"key":"SMITH"},{"data":"Eruption","floor":11.0,"key":"SMITH"},{"data":"Prostrate","floor":15.0,"key":"SMITH"},{"data":"Meditate","floor":23.0,"key":"SMITH"},{"data":"MasterReality","floor":25.0,"key":"SMITH"},{"data":"Omniscience","floor":30.0,"key":"SMITH"},{"data":"WheelKick","floor":32.0,"key":"SMITH"},{"data":"Fasting2","floor":41,"key":"SMITH"},{"floor":49,"key":"REST"}],"circlet_count":0,"master_deck":["Eruption+1","Vigilance","Prostrate+1","CarveReality","Crescendo+1","Meditate+1","Prostrate","DeusExMachina","SandsOfTime","MasterReality+1","WheelKick+1","Omniscience+1","DevaForm","DeusExMachina","SashWhip","CutThroughFate","EmptyBody+1","Fasting2+1","BattleHymn","EmptyBody+1","Normality","Sanctity","LikeWater+1","DeceiveReality+1","Master of Strategy","WindmillStrike","Pray","Worship+1"],"relics":["PureWater","Chemical X","Mercury Hourglass","Smiling Mask","Shuriken","Philosopher\u0027s Stone","Dream Catcher","Lantern","Toy Ornithopter","HornCleat","MealTicket","Pandora\u0027s Box","Calipers","War Paint","Bottled Tornado","Centennial Puzzle","Kunai","Torii","Sling"],"acts_visited":["Exordium","TheCity","TheBeyond"],"potions_floor_usage":[42,42,47,50],"damage_taken":[{"damage":1.0,"enemies":"2 Louse","floor":1.0,"turns":4.0},{"damage":0.0,"enemies":"Cultist","floor":3.0,"turns":2.0},{"damage":0.0,"enemies":"Jaw Worm","floor":4.0,"turns":2.0},{"damage":3.0,"enemies":"Exordium Wildlife","floor":8.0,"turns":4.0},{"damage":3.0,"enemies":"Lots of Slimes","floor":12.0,"turns":2.0},{"damage":0.0,"enemies":"Gremlin Nob","floor":13.0,"turns":3.0},{"damage":0.0,"enemies":"Large Slime","floor":14.0,"turns":3.0},{"damage":16.0,"enemies":"The Guardian","floor":16.0,"turns":10.0},{"damage":0.0,"enemies":"Spheric Guardian","floor":18.0,"turns":1.0},{"damage":0.0,"enemies":"Chosen","floor":22.0,"turns":3.0},{"damage":6.0,"enemies":"Snake Plant","floor":24.0,"turns":3.0},{"damage":2.0,"enemies":"Gremlin Leader","floor":27.0,"turns":3.0},{"damage":18.0,"enemies":"Slavers","floor":29.0,"turns":3.0},{"damage":0.0,"enemies":"Snecko","floor":31.0,"turns":2.0},{"damage":13.0,"enemies":"Automaton","floor":33.0,"turns":5.0},{"damage":3.0,"enemies":"Orb Walker","floor":35.0,"turns":3.0},{"damage":15.0,"enemies":"2 Orb Walkers","floor":38.0,"turns":3.0},{"damage":15,"enemies":"3 Darklings","floor":40,"turns":4},{"damage":23,"enemies":"Reptomancer","floor":42,"turns":4},{"damage":0,"enemies":"Spire Growth","floor":44,"turns":2},{"damage":28,"enemies":"Giant Head","floor":46,"turns":7},{"damage":1,"enemies":"Maw","floor":48,"turns":6},{"damage":45,"enemies":"Time Eater","floor":50,"turns":5}],"seed_played":"-296782674695724154","potions_obtained":[{"floor":3.0,"key":"Weak Potion"},{"floor":4.0,"key":"SteroidPotion"},{"floor":8.0,"key":"StancePotion"},{"floor":24.0,"key":"Guardian:BlockOnCardUsePotion"},{"floor":29.0,"key":"Fruit Juice"},{"floor":31.0,"key":"LiquidMemories"},{"floor":38.0,"key":"EssenceOfSteel"},{"floor":44,"key":"BlessingOfTheForge"},{"floor":46,"key":"Strength Potion"}],"is_trial":false,"path_per_floor":["M","?","M","M","$","R","?","M","T","$","R","M","E","M","R","B",null,"M","?","$","?","M","R","M","R","T","E","?","E","R","M","R","B",null,"M","$","?","?","?","M","R","E","T","M","?","E","$","M","R","B",null],"character_chosen":"WATCHER","items_purchased":["Chemical X","MasterReality","BattleHymn","Master of Strategy","Fruit Juice","Kunai","Torii","Guardian:BlockOnCardUsePotion","WindmillStrike","Sling"],"campfire_rested":1,"item_purchase_floors":[5,20,36,47,47,47,47,47,47,47],"current_hp_per_floor":[64,64,64,64,64,64,64,61,61,61,61,58,58,58,58,42,86,86,86,86,86,86,86,80,80,80,78,78,70,70,70,70,57,91,88,91,91,76,76,61,61,48,48,48,48,20,45,44,71,31],"gold":42,"neow_bonus":"TWENTY_PERCENT_HP_BONUS","is_daily":false,"chose_seed":false,"campfire_upgraded":8,"win_rate":0.0,"timestamp":1610634280,"path_taken":["M","?","?","?","$","R","?","?","T","$","R","M","E","M","R","BOSS","M","?","$","?","?","R","M","R","T","E","?","E","R","M","R","BOSS","M","$","?","?","?","M","R","E","T","M","?","E","$","?","R","BOSS"],"items_purchased_type":["Relic","Card","Card","Card","Potion","Relic","Relic","Potion","Card","Relic"],"build_version":"2020-12-22","purchased_purges":3,"victory":true,"max_hp_per_floor":[86,86,86,86,86,86,86,86,86,86,86,86,86,86,86,86,86,86,86,86,86,86,86,86,86,86,86,86,91,91,91,91,91,91,91,91,91,91,91,91,91,91,91,91,86,86,91,91,91,91],"card_choices":[{"not_picked":["Consecrate","CrushJoints"],"picked":"Prostrate","floor":1.0},{"not_picked":["FlurryOfBlows","Weave"],"picked":"CarveReality","floor":3.0},{"not_picked":["EmptyBody","SandsOfTime"],"picked":"Crescendo","floor":4.0},{"not_picked":["CutThroughFate","EmptyBody"],"picked":"Evaluate","floor":8.0},{"not_picked":["Protect","CutThroughFate"],"picked":"Meditate","floor":12.0},{"not_picked":["PathToVictory","EmptyFist","WreathOfFlame"],"picked":"SKIP","floor":13.0},{"not_picked":["FollowUp","Halt"],"picked":"Prostrate","floor":14.0},{"not_picked":["Judgement","Scrawl"],"picked":"DeusExMachina","floor":16.0},{"not_picked":["SashWhip","PathToVictory+1"],"picked":"SandsOfTime","floor":18.0},{"not_picked":["Vengeance","SashWhip","EmptyBody"],"picked":"SKIP","floor":22.0},{"not_picked":["Conclude+1","BowlingBash+1","FlyingSleeves"],"picked":"SKIP","floor":24.0},{"not_picked":["SashWhip","BattleHymn"],"picked":"Omniscience","floor":27.0},{"not_picked":["Crescendo","FollowUp","CrushJoints+1"],"picked":"SKIP","floor":29.0},{"not_picked":["InnerPeace","EmptyFist","BowlingBash"],"picked":"SKIP","floor":31.0},{"not_picked":["Scrawl","ConjureBlade"],"picked":"DevaForm","floor":33.0},{"not_picked":["Prostrate+1","Perseverance"],"picked":"Fasting2","floor":35.0},{"not_picked":["EmptyFist+1","Collect"],"picked":"EmptyBody","floor":38.0},{"not_picked":["PathToVictory+1","ThirdEye+1"],"picked":"Sanctity","floor":40},{"not_picked":["Collect","JustLucky+1"],"picked":"LikeWater+1","floor":42},{"not_picked":["Consecrate","Judgement"],"picked":"DeceiveReality+1","floor":44},{"not_picked":["CarveReality+1","FollowUp+1","CrushJoints+1"],"picked":"SKIP","floor":46},{"not_picked":["Collect","EmptyFist+1"],"picked":"Pray","floor":48},{"not_picked":["JustLucky","Wallop"],"picked":"Worship+1","floor":49}],"player_experience":907831,"relics_obtained":[{"floor":9.0,"key":"Smiling Mask"},{"floor":13.0,"key":"Shuriken"},{"floor":26.0,"key":"Lantern"},{"floor":27.0,"key":"Toy Ornithopter"},{"floor":29.0,"key":"MealTicket"},{"floor":38.0,"key":"Calipers"},{"floor":42,"key":"War Paint"},{"floor":43,"key":"Bottled Tornado"},{"floor":46,"key":"Centennial Puzzle"}],"event_choices":[{"cards_removed":["Defend_P"],"damage_healed":0.0,"max_hp_gain":0.0,"max_hp_loss":0.0,"gold_gain":0.0,"event_name":"Purifier","player_choice":"Purged","floor":2.0,"gold_loss":0.0,"damage_taken":0.0},{"damage_healed":0.0,"max_hp_gain":0.0,"max_hp_loss":0.0,"gold_gain":0.0,"event_name":"WeMeetAgain","player_choice":"Gave Potion","floor":7.0,"gold_loss":0.0,"damage_taken":0.0,"relics_obtained":["Mercury Hourglass"]},{"damage_healed":0.0,"max_hp_gain":0.0,"max_hp_loss":0.0,"gold_gain":0.0,"event_name":"The Mausoleum","player_choice":"Opened","floor":19.0,"gold_loss":0.0,"damage_taken":0.0,"relics_obtained":["Dream Catcher"]},{"damage_healed":0.0,"max_hp_gain":0.0,"max_hp_loss":0.0,"gold_gain":0.0,"cards_transformed":["Strike_P"],"event_name":"Transmorgrifier","player_choice":"Transformed","floor":21.0,"gold_loss":0.0,"damage_taken":0.0,"cards_obtained":["WheelKick"]},{"damage_healed":0.0,"max_hp_gain":0.0,"max_hp_loss":0.0,"gold_gain":0.0,"event_name":"Addict","player_choice":"Obtained Relic","floor":28.0,"gold_loss":85.0,"damage_taken":0.0,"relics_obtained":["HornCleat"]},{"cards_removed":["Evaluate"],"damage_healed":0.0,"max_hp_gain":0.0,"max_hp_loss":0.0,"gold_gain":0.0,"event_name":"Falling","player_choice":"Removed Skill","floor":37.0,"gold_loss":0.0,"damage_taken":0.0},{"damage_healed":0.0,"max_hp_gain":0.0,"max_hp_loss":0.0,"gold_gain":0.0,"event_name":"Mysterious Sphere","player_choice":"Fight","floor":38.0,"gold_loss":0.0,"damage_taken":0.0},{"damage_healed":0.0,"max_hp_gain":0.0,"max_hp_loss":0.0,"gold_gain":999.0,"event_name":"MindBloom","player_choice":"Gold","floor":39.0,"gold_loss":0.0,"damage_taken":0.0,"cards_obtained":["Normality","Normality"]},{"damage_healed":0,"gold_gain":0,"player_choice":"Max HP","damage_taken":0,"max_hp_gain":0,"max_hp_loss":5,"event_name":"Winding Halls","floor":45,"gold_loss":0}],"is_beta":false,"boss_relics":[{"not_picked":["Black Star","Calling Bell"],"picked":"Philosopher\u0027s Stone"},{"not_picked":["Busted Crown","Velvet Choker"],"picked":"Pandora\u0027s Box"}],"items_purged_floors":[20,36,47],"is_endless":false,"potions_floor_spawned":[3,4,8,24,29,31,35,38,44,46],"ascension_level":0}}