{"host":"x8gxsinbf7j7wbos","time":1610631476,"event":{"mods":["AchievementEnabler","BaseMod","Better Note","BetterRewards","Colored Powertips","Curses Come First","Minty Spire (QoL Compilation)","Permanent Neow","Poor People Problems","Robot Space Explorer","StSLib"],"gold_per_floor":[129,186,136,12,12,12,57,112,112,112,141,141,206,286,286,457,457,471,89,4,81,104,172,197,209,221,233,170,182,238,100,100,198,198,212,251,8,19,82,135,135,135,210,210,240,240,250,115,115,140,140,140,64,93,93],"floor_reached":56,"language":"ENG","playtime":5831,"items_purged":["RobotSpaceExplorer:Strike","RobotSpaceExplorer:Strike","RobotSpaceExplorer:Strike","RobotSpaceExplorer:Defend","RobotSpaceExplorer:Defend"],"score":1733,"play_id":"894bfe69-f8c7-4345-a913-dd59cc01f82c","local_time":"20210114213756","is_ascension_mode":true,"campfire_choices":[{"data":"HandOfGreed","floor":6,"key":"SMITH"},{"data":"RobotSpaceExplorer:SurgingShield","floor":10,"key":"SMITH"},{"data":"RobotSpaceExplorer:ImprovisedAttack","floor":12,"key":"SMITH"},{"data":"RobotSpaceExplorer:Blaster","floor":15,"key":"SMITH"},{"data":"RobotSpaceExplorer:Discharger","floor":25,"key":"SMITH"},{"data":"RobotSpaceExplorer:MiniLasers","floor":27,"key":"SMITH"},{"data":"RobotSpaceExplorer:ShockMissile","floor":32,"key":"SMITH"},{"floor":41,"key":"REST"},{"data":"RobotSpaceExplorer:DualCore","floor":44,"key":"SMITH"},{"data":"Panache","floor":46,"key":"SMITH"},{"floor":49,"key":"RECALL"},{"data":"RobotSpaceExplorer:Electropulse","floor":52,"key":"SMITH"}],"circlet_count":0,"master_deck":["RobotSpaceExplorer:Defend","RobotSpaceExplorer:Scan","RobotSpaceExplorer:MiniLasers+1","RobotSpaceExplorer:SurgingShield+1","HandOfGreed+1","RobotSpaceExplorer:Discharger+1","RobotSpaceExplorer:SurgingShield+1","Blind+1","RobotSpaceExplorer:FranticSearch+1","RobotSpaceExplorer:TurboDodge+1","RobotSpaceExplorer:DualCore+1","RobotSpaceExplorer:ImprovisedAttack+1","RobotSpaceExplorer:Blaster+1","RobotSpaceExplorer:SwiftStep+1","RobotSpaceExplorer:BlastShield+1","RobotSpaceExplorer:IronShell+1","RobotSpaceExplorer:Electropulse","Panache+1","RobotSpaceExplorer:ScrapShield+1","RobotSpaceExplorer:PowerGlove+1","RobotSpaceExplorer:ShockMissile+1","RobotSpaceExplorer:TrailblazerForm","RobotSpaceExplorer:Counterblock+1","RobotSpaceExplorer:Electropulse+1","RobotSpaceExplorer:FreezingShield+1","Trip+1","RobotSpaceExplorer:Discharger+1","RobotSpaceExplorer:Jetpack+1"],"relics":["RobotSpaceExplorer:RoboCore","Medical Kit","Toxic Egg 2","HornCleat","Ancient Tea Set","Bag of Marbles","Philosopher\u0027s Stone","MawBank","Regal Pillow","Ice Cream","SlaversCollar","Bronze Scales","StrikeDummy","Kunai","Ornamental Fan","Oddly Smooth Stone"],"acts_visited":["Exordium","TheCity","TheBeyond","TheEnding"],"potions_floor_usage":[11,23,30,55,55],"damage_taken":[{"damage":0,"enemies":"Jaw Worm","floor":1,"turns":3},{"damage":0,"enemies":"2 Louse","floor":2,"turns":4},{"damage":0,"enemies":"Cultist","floor":7,"turns":4},{"damage":3,"enemies":"3 Sentries","floor":8,"turns":7},{"damage":0,"enemies":"Lagavulin","floor":11,"turns":7},{"damage":0,"enemies":"Large Slime","floor":13,"turns":9},{"damage":0,"enemies":"3 Sentries","floor":14,"turns":7},{"damage":10,"enemies":"Slime Boss","floor":16,"turns":11},{"damage":5,"enemies":"2 Thieves","floor":18,"turns":4},{"damage":0,"enemies":"3 Byrds","floor":21,"turns":6},{"damage":1,"enemies":"Snecko","floor":22,"turns":5},{"damage":4,"enemies":"Book of Stabbing","floor":23,"turns":6},{"damage":0,"enemies":"Centurion and Healer","floor":24,"turns":8},{"damage":3,"enemies":"Chosen and Byrds","floor":30,"turns":3},{"damage":6,"enemies":"Automaton","floor":33,"turns":9},{"damage":8,"enemies":"Orb Walker","floor":35,"turns":5},{"damage":1,"enemies":"3 Shapes","floor":36,"turns":4},{"damage":33,"enemies":"Spire Growth","floor":38,"turns":5},{"damage":25,"enemies":"Jaw Worm Horde","floor":39,"turns":5},{"damage":0,"enemies":"Nemesis","floor":40,"turns":7},{"damage":0,"enemies":"Giant Head","floor":45,"turns":5},{"damage":0,"enemies":"Maw","floor":47,"turns":6},{"damage":13,"enemies":"Time Eater","floor":50,"turns":10},{"damage":10,"enemies":"Shield and Spear","floor":54,"turns":7},{"damage":36,"enemies":"The Heart","floor":55,"turns":9}],"seed_played":"-375329632270412038","potions_obtained":[{"floor":2,"key":"Energy Potion"},{"floor":14,"key":"FairyPotion"},{"floor":16,"key":"Regen Potion"},{"floor":21,"key":"PowerPotion"},{"floor":38,"key":"LiquidMemories"},{"floor":39,"key":"FearPotion"}],"is_trial":false,"path_per_floor":["M","M","?","$","?","R","M","E","T","R","E","R","M","E","R","B",null,"M","$","?","M","M","E","M","R","T","R","?","?","M","$","R","B",null,"M","M","$","M","M","E","R","?","T","R","E","R","M","?","R","B",null,"R","$","E","B",null],"character_chosen":"RobotSpaceExplorer","items_purchased":["RobotSpaceExplorer:SurgingShield","HandOfGreed","Medical Kit","RobotSpaceExplorer:Discharger","Toxic Egg 2","Blind+1","RobotSpaceExplorer:FranticSearch+1","RobotSpaceExplorer:Electropulse","Panache","RobotSpaceExplorer:Electropulse","RobotSpaceExplorer:Jetpack+1"],"campfire_rested":1,"item_purchase_floors":[0,0,0,0,0,4,4,19,19,37,53],"current_hp_per_floor":[59,59,59,59,52,52,52,49,49,49,49,49,49,49,49,39,75,70,70,70,70,69,65,65,65,65,65,65,51,57,57,57,51,80,72,71,71,38,13,13,52,52,52,52,52,52,52,52,52,39,80,80,80,70,34],"gold":93,"neow_bonus":"","is_daily":false,"chose_seed":false,"campfire_upgraded":10,"win_rate":0.0,"timestamp":1610631476,"path_taken":["M","M","?","$","?","R","M","E","T","R","E","R","M","E","R","BOSS","M","$","?","M","M","E","M","R","T","R","?","?","M","$","R","BOSS","M","M","$","M","M","E","R","?","T","R","E","R","M","?","R","BOSS","R","$","E","BOSS"],"items_purchased_type":["Card","Card","Relic","Card","Relic","Card","Card","Card","Card","Card","Card"],"build_version":"2020-12-22","purchased_purges":5,"victory":true,"max_hp_per_floor":[75,75,75,75,75,75,75,75,75,75,75,75,75,75,75,75,75,75,75,75,75,75,75,75,75,75,75,75,80,80,80,80,80,80,80,80,80,80,80,80,80,80,80,80,80,80,80,80,80,80,80,80,80,80,80],"card_choices":[{"not_picked":["RobotSpaceExplorer:Ammunition+1","RobotSpaceExplorer:DoubleFind+1"],"picked":"RobotSpaceExplorer:SurgingShield+1","floor":1},{"not_picked":["RobotSpaceExplorer:ShovelStrike","RobotSpaceExplorer:Probe"],"picked":"RobotSpaceExplorer:SurgingStrike","floor":2},{"not_picked":["RobotSpaceExplorer:FrostMissile","RobotSpaceExplorer:Jetpack+1"],"picked":"RobotSpaceExplorer:TurboDodge+1","floor":7},{"not_picked":["RobotSpaceExplorer:StunGrenade","RobotSpaceExplorer:Ammunition+1"],"picked":"RobotSpaceExplorer:DualCore","floor":8},{"not_picked":["RobotSpaceExplorer:SurgingShield+1","RobotSpaceExplorer:ScrapMissile"],"picked":"RobotSpaceExplorer:ImprovisedAttack","floor":11},{"not_picked":["RobotSpaceExplorer:ShovelStrike","RobotSpaceExplorer:MetalStrike"],"picked":"RobotSpaceExplorer:Blaster","floor":13},{"not_picked":["RobotSpaceExplorer:ImprovisedAttack","RobotSpaceExplorer:FrostMissile"],"picked":"RobotSpaceExplorer:SwiftStep+1","floor":14},{"not_picked":["RobotSpaceExplorer:Multitool","RobotSpaceExplorer:Wormhole+1"],"picked":"RobotSpaceExplorer:BlastShield+1","floor":16},{"not_picked":["RobotSpaceExplorer:Ammunition+1","RobotSpaceExplorer:SlimeMissile"],"picked":"RobotSpaceExplorer:IronShell+1","floor":18},{"not_picked":["RobotSpaceExplorer:MiniDrones","RobotSpaceExplorer:FreezingShield+1"],"picked":"RobotSpaceExplorer:ScrapShield+1","floor":21},{"not_picked":["RobotSpaceExplorer:ImprovisedAttack","RobotSpaceExplorer:Probe+1"],"picked":"RobotSpaceExplorer:PowerGlove+1","floor":22},{"not_picked":["RobotSpaceExplorer:SwiftStep+1","RobotSpaceExplorer:FrostMissile+1","RobotSpaceExplorer:ScrapMissile"],"picked":"SKIP","floor":23},{"not_picked":["RobotSpaceExplorer:DoubleFind+1","RobotSpaceExplorer:SurgingShield+1","RobotSpaceExplorer:ScrapToss+1"],"picked":"SKIP","floor":24},{"not_picked":["RobotSpaceExplorer:ScrapMissile","RobotSpaceExplorer:FrostMissile"],"picked":"RobotSpaceExplorer:ShockMissile","floor":30},{"not_picked":["RobotSpaceExplorer:Exploration+1","RobotSpaceExplorer:Scanner"],"picked":"RobotSpaceExplorer:TrailblazerForm","floor":33},{"not_picked":["RobotSpaceExplorer:GlueShot+1","RobotSpaceExplorer:Pulsar+1","RobotSpaceExplorer:StarDust+1"],"picked":"SKIP","floor":35},{"not_picked":["RobotSpaceExplorer:FrostMissile","RobotSpaceExplorer:Ammunition+1"],"picked":"RobotSpaceExplorer:Counterblock+1","floor":36},{"not_picked":["RobotSpaceExplorer:StunGrenade+1","RobotSpaceExplorer:BigMissile"],"picked":"RobotSpaceExplorer:FreezingShield+1","floor":38},{"not_picked":["RobotSpaceExplorer:Reload+1","RobotSpaceExplorer:MakeshiftVolley","RobotSpaceExplorer:PowerGlove"],"picked":"SKIP","floor":39},{"not_picked":["RobotSpaceExplorer:Blaster","RobotSpaceExplorer:BigMissile","RobotSpaceExplorer:ScrapMissile"],"picked":"SKIP","floor":40},{"not_picked":["Transmutation+1","Chrysalis+1"],"picked":"Trip+1","floor":42},{"not_picked":["RobotSpaceExplorer:ExhaustFan+1","RobotSpaceExplorer:ScrapMissile+1"],"picked":"RobotSpaceExplorer:Wormhole+1","floor":45},{"not_picked":["RobotSpaceExplorer:GearShield+1","RobotSpaceExplorer:Smokescreen+1"],"picked":"RobotSpaceExplorer:Discharger+1","floor":47},{"not_picked":["RobotSpaceExplorer:LuckyStrike+1","RobotSpaceExplorer:ScrapToss+1","RobotSpaceExplorer:StarDust+1"],"picked":"SKIP","floor":54}],"player_experience":1045453,"relics_obtained":[{"floor":8,"key":"HornCleat"},{"floor":11,"key":"Ancient Tea Set"},{"floor":14,"key":"Bag of Marbles"},{"floor":23,"key":"Regal Pillow"},{"floor":26,"key":"Ice Cream"},{"floor":40,"key":"Bronze Scales"},{"floor":43,"key":"StrikeDummy"},{"floor":45,"key":"Kunai"},{"floor":54,"key":"Oddly Smooth Stone"}],"event_choices":[{"cards_removed":["RobotSpaceExplorer:Strike"],"damage_healed":0,"gold_gain":0,"player_choice":"Card Removal","damage_taken":0,"max_hp_gain":0,"max_hp_loss":0,"event_name":"The Cleric","floor":3,"gold_loss":50},{"damage_healed":0,"gold_gain":0,"player_choice":"Damaged","damage_taken":7,"max_hp_gain":0,"max_hp_loss":0,"event_name":"Wheel of Change","floor":5,"gold_loss":0},{"damage_healed":0,"gold_gain":0,"player_choice":"Obtained Relic","damage_taken":0,"relics_obtained":["MawBank"],"max_hp_gain":0,"max_hp_loss":0,"event_name":"Addict","floor":20,"gold_loss":85},{"cards_removed":["RobotSpaceExplorer:Defend"],"damage_healed":0,"gold_gain":0,"player_choice":"Gave Gold","damage_taken":0,"max_hp_gain":0,"max_hp_loss":0,"event_name":"Beggar","floor":28,"gold_loss":75},{"damage_healed":0,"gold_gain":0,"player_choice":"Shed Blood","damage_taken":19,"max_hp_gain":5,"max_hp_loss":0,"event_name":"Forgotten Altar","floor":29,"gold_loss":0},{"damage_healed":0,"gold_gain":0,"player_choice":"Memory 1","damage_taken":0,"max_hp_gain":0,"max_hp_loss":0,"event_name":"SensoryStone","floor":42,"gold_loss":0},{"damage_healed":0,"gold_gain":0,"player_choice":"Paid Gold","damage_taken":0,"relics_obtained":["Ornamental Fan"],"max_hp_gain":0,"max_hp_loss":0,"event_name":"WeMeetAgain","floor":48,"gold_loss":135}],"is_beta":false,"boss_relics":[{"not_picked":["Cursed Key","Tiny House"],"picked":"Philosopher\u0027s Stone"},{"not_picked":["Calling Bell","Pandora\u0027s Box"],"picked":"SlaversCollar"}],"items_purged_floors":[0,0,19,31,37],"is_endless":false,"potions_floor_spawned":[2,14,16,21,22,38,39,54],"ascension_level":3}}