{"host":"uc9rcmnrswh1l0kc","time":1610600747,"event":{"mods":["2.2 Compatiblity","A Magickal Journey","Aspiration","BaseMod","Bestiary","Better Altar","Better Third Choice","BetterRewards","Block Reminder","Colorless Booster Pack","Conspire","Custom Start","Defective Defect","Defuse TimeMaze Blight","Displayed Cursed Tome","Ekko","Energized Spire","GifTheSpireLib","Infinite Spire","Ironclad Rager","Minty Spire (QoL Compilation)","Rare Cards Sparkle","Red Circlet Mod","Relic Stats","Replay The Spire","SacredBarkPlus","Shop Mod","Spicy Shops","StSLib","Stuff the Spire","The Blackbeard","The Bladedancer","The Blue Laboratory","The Cursed","The Death Knight","The Edgeheg","The Necromancer","Uncapped","Watcher Patcher","everything is the same but u backflip on backflip","vexMod"],"gold_per_floor":[112,123,136,136,146,179,189,208,208,236,236,268,287,158,158,258,258,276,276,295,295,295,295,295],"floor_reached":23,"language":"ENG","playtime":891,"items_purged":[],"score":313,"play_id":"e096b565-a5ae-4424-b5e4-e4c863ac6044","local_time":"20210114000547","is_ascension_mode":false,"campfire_choices":[{"data":"Metallicize","floor":11,"key":"SMITH"},{"data":"Armaments","floor":15,"key":"SMITH"}],"circlet_count":0,"master_deck":["Strike_R","Strike_R","Strike_R","Strike_R","Strike_R","Defend_R","Defend_R","Defend_R","Defend_R","Bash","Consecrate","Consecrate","Disarm","Metallicize+1","Pommel Strike","Spot Weakness","Armaments+1","Barricade","StuffTheSpire:CopiaOfFamine"],"relics":["Burning Blood","Kunai","King of Hearts","Unceasing Top","infinitespire:WardingShard","Mirror","Snack Pack","StuffTheSpire:GrapeVine","conspire:Dentures","aspiration:WatcherSkillbook","vexMod:DeviousBotling","Frozen Egg 2","aspiration:RitualStick"],"acts_visited":["Exordium","TheCity"],"potions_floor_usage":[12,23],"damage_taken":[{"damage":1,"enemies":"Cultist","floor":1,"turns":3},{"damage":7,"enemies":"2 Louse","floor":2,"turns":3},{"damage":3,"enemies":"conspire:RoseBush","floor":3,"turns":3},{"damage":9,"enemies":"Blue Slaver","floor":5,"turns":3},{"damage":27,"enemies":"3 Sentries","floor":6,"turns":8},{"damage":0,"enemies":"3 Louse","floor":7,"turns":2},{"damage":7,"enemies":"Gremlin Gang","floor":8,"turns":6},{"damage":5,"enemies":"Replay:BlueRogue","floor":10,"turns":8},{"damage":10,"enemies":"3 Sentries","floor":12,"turns":6},{"damage":0,"enemies":"Exordium Thugs","floor":13,"turns":4},{"damage":20,"enemies":"Slime Boss","floor":16,"turns":12},{"damage":16,"enemies":"Spheric Guardian","floor":18,"turns":5},{"damage":0,"enemies":"Shell Parasite","floor":20,"turns":6},{"damage":52,"enemies":"Gremlin Leader","floor":23,"turns":6}],"seed_played":"-6181049329817984583","potions_obtained":[{"floor":1,"key":"Languid Potion"},{"floor":2,"key":"ColorlessPotion"},{"floor":8,"key":"CultistPotion"}],"is_trial":false,"path_per_floor":["M","M","M","$","M","E","M","M","T","E","R","E","M","$","R","B",null,"M","?","M","AVR","?","E"],"character_chosen":"IRONCLAD","items_purchased":["Kunai","King of Hearts","conspire:Dentures"],"campfire_rested":0,"item_purchase_floors":[0,0,14],"current_hp_per_floor":[80,79,80,80,77,56,62,61,61,62,62,60,70,70,70,62,80,72,52,60,60,44,0,0],"gold":295,"neow_bonus":"","is_daily":false,"chose_seed":false,"campfire_upgraded":2,"win_rate":0.0,"timestamp":1610600747,"path_taken":["M","?","M","?","M","E","M","?","T","E","R","E","M","$","R","BOSS","M","?","M","AVR","?","E"],"items_purchased_type":["Relic","Relic","Relic"],"build_version":"2020-12-22","purchased_purges":0,"victory":false,"max_hp_per_floor":[80,80,80,80,80,80,80,80,80,80,80,80,80,80,80,80,80,80,80,80,80,80,80,80],"relic_stats":{"counters":[14,75],"Kunai":[24],"obtain_stats":[{"conspire:Dentures":14,"King of Hearts":0,"StuffTheSpire:GrapeVine":12,"Frozen Egg 2":21,"Burning Blood":0,"aspiration:RitualStick":22,"infinitespire:WardingShard":6,"aspiration:WatcherSkillbook":17,"vexMod:DeviousBotling":21,"Snack Pack":10,"Kunai":0,"Mirror":9,"Unceasing Top":0},{"conspire:Dentures":10,"King of Hearts":0,"StuffTheSpire:GrapeVine":9,"Frozen Egg 2":13,"Burning Blood":0,"aspiration:RitualStick":13,"infinitespire:WardingShard":5,"aspiration:WatcherSkillbook":11,"vexMod:DeviousBotling":13,"Snack Pack":8,"Kunai":0,"Mirror":7,"Unceasing Top":0},{"conspire:Dentures":46,"King of Hearts":0,"StuffTheSpire:GrapeVine":42,"Frozen Egg 2":69,"Burning Blood":0,"aspiration:RitualStick":69,"infinitespire:WardingShard":20,"aspiration:WatcherSkillbook":58,"vexMod:DeviousBotling":69,"Snack Pack":36,"Kunai":0,"Mirror":28,"Unceasing Top":0}],"Burning Blood":71,"Unceasing Top":[1],"aspiration:RitualStick":[0]},"card_choices":[{"not_picked":["Iron Wave","Defy Death"],"picked":"Consecrate","floor":1},{"not_picked":["Armaments","Twin Strike"],"picked":"Consecrate","floor":2},{"not_picked":["ReplayTheSpireMod:LeadingStrike","Sword Boomerang","Headbutt"],"picked":"SKIP","floor":3},{"not_picked":["Body Slam","ThirdEye","True Grit"],"picked":"SKIP","floor":5},{"not_picked":["Hemokinesis","Twin Strike"],"picked":"Disarm","floor":6},{"not_picked":["Spot Weakness","Twin Strike"],"picked":"Metallicize","floor":7},{"not_picked":["ThirdEye","StuffTheSpire:RockThrow"],"picked":"Pommel Strike","floor":8},{"not_picked":["Hemogenesis","Body Slam"],"picked":"Spot Weakness","floor":10},{"not_picked":["Headbutt","Swivel"],"picked":"Armaments","floor":12},{"not_picked":["StuffTheSpire:Slingshot","Rupture","Run Through"],"picked":"SKIP","floor":13},{"not_picked":["Reaper","Juggernaut"],"picked":"Barricade","floor":16},{"not_picked":["Underhanded Strike","ReplayTheSpireMod:Limb From Limb+1","Weave+1","FlurryOfBlows"],"picked":"SKIP","floor":18},{"not_picked":["Shrug It Off","StuffTheSpire:RockThrow","Underhanded Strike+1","Anger"],"picked":"SKIP","floor":20}],"player_experience":468161,"relics_obtained":[{"floor":6,"key":"infinitespire:WardingShard"},{"floor":9,"key":"Mirror"},{"floor":10,"key":"Snack Pack"},{"floor":12,"key":"StuffTheSpire:GrapeVine"}],"event_choices":[],"is_beta":false,"boss_relics":[{"not_picked":["Empty Cage","conspire:RunicOctahedron"],"picked":"aspiration:WatcherSkillbook"}],"items_purged_floors":[],"is_endless":false,"potions_floor_spawned":[1,2,8,10],"killed_by":"Gremlin Leader","ascension_level":0}}