{"host":"d61fcf2p3sjwe6yo","time":1610647158,"event":{"mods":["AchievementEnabler","BaseMod","Colored Map","Minty Spire (QoL Compilation)","StSLib","SuperFastMode"],"gold_per_floor":[111,130,147,167,184,215,215,215,215],"floor_reached":8,"language":"ENG","playtime":325,"items_purged":[],"score":108,"play_id":"07abc640-a746-4d0d-b4ea-38b1b4703f6b","local_time":"20210114205918","is_ascension_mode":true,"campfire_choices":[{"data":"Neutralize","floor":7,"key":"SMITH"}],"circlet_count":0,"master_deck":["AscendersBane","Strike_G","Strike_G","Strike_G","Strike_G","Strike_G","Defend_G","Defend_G","Defend_G","Defend_G","Defend_G","Survivor","Neutralize+1","All Out Attack","Dagger Throw","Backflip","Prepared"],"relics":["Cursed Key","Bag of Marbles"],"acts_visited":[],"potions_floor_usage":[6],"damage_taken":[{"damage":0,"enemies":"Cultist","floor":1,"turns":4},{"damage":5,"enemies":"Jaw Worm","floor":2,"turns":5},{"damage":3,"enemies":"Small Slimes","floor":3,"turns":3},{"damage":7,"enemies":"2 Fungi Beasts","floor":4,"turns":3},{"damage":0,"enemies":"Gremlin Gang","floor":5,"turns":3},{"damage":17,"enemies":"3 Sentries","floor":6,"turns":7},{"damage":14,"enemies":"Gremlin Nob","floor":8,"turns":4}],"seed_played":"-5525772878052082918","potions_obtained":[{"floor":1,"key":"Fire Potion"},{"floor":4,"key":"Energy Potion"}],"is_trial":false,"path_per_floor":["M","M","M","M","M","E","R","E"],"character_chosen":"THE_SILENT","items_purchased":[],"campfire_rested":0,"item_purchase_floors":[],"current_hp_per_floor":[59,54,51,44,44,27,27,13,13],"gold":215,"neow_bonus":"BOSS_RELIC","is_daily":false,"chose_seed":false,"campfire_upgraded":1,"win_rate":0.0,"timestamp":1610647158,"path_taken":["M","M","?","M","M","E","R","E"],"items_purchased_type":[],"build_version":"2020-12-22","purchased_purges":0,"victory":false,"max_hp_per_floor":[66,66,66,66,66,66,66,66,66],"card_choices":[{"not_picked":["Flying Knee","Bane"],"picked":"All Out Attack","floor":1},{"not_picked":["Flechettes","Noxious Fumes"],"picked":"Dagger Throw","floor":2},{"not_picked":["Acrobatics","Quick Slash","Noxious Fumes"],"picked":"SKIP","floor":3},{"not_picked":["Finisher","Flechettes"],"picked":"Backflip","floor":4},{"not_picked":["Expertise","Dagger Spray"],"picked":"Prepared","floor":5},{"not_picked":["PiercingWail","Grand Finale","Flying Knee"],"picked":"SKIP","floor":6}],"player_experience":214142,"relics_obtained":[{"floor":6,"key":"Bag of Marbles"}],"event_choices":[],"is_beta":false,"boss_relics":[],"items_purged_floors":[],"is_endless":false,"potions_floor_spawned":[1,4],"killed_by":"Gremlin Nob","ascension_level":16}}