{"host":"m4hcknw9g39vw3hn","time":1610634670,"event":{"mods":["Act Like it!","BaseMod","Downfall","Hermit","KomeijiMod","Lobotomy","LobotomyExtend","Marisa（F雨　魔理沙）","Minty Spire (QoL Compilation)","Quick Restart","Remilia（蕾米莉亚）","RumiaBox-露米娅的神秘盒子","Shop Mod","Spicy Shops","StSLib","[IsaacMod]以撒尖塔"],"gold_per_floor":[99,0,0,0,0,14,14,39,56,56,85,85,10,35,50,146,146,146,56,56,66,66,91,91,117,117,137,137,168,184,94,110,110,110],"floor_reached":33,"language":"ZHS","playtime":1413,"items_purged":["Exhaustion"],"score":361,"play_id":"b798c872-a83a-4030-a16b-ad71333f405f","local_time":"20210114223110","is_ascension_mode":true,"campfire_choices":[{"data":"hermit:Snapshot","floor":1.0,"key":"SMITH"},{"data":"Regret","floor":10.0,"key":"PURGE"},{"data":"hermit:Gestalt","floor":13.0,"key":"SMITH"},{"data":"hermit:CursedWeapon","floor":18.0,"key":"SMITH"},{"data":"hermit:Strike_Hermit","floor":26.0,"key":"SMITH"},{"data":"hermit:PistolWhip","floor":28.0,"key":"SMITH"}],"circlet_count":0,"master_deck":["hermit:Strike_Hermit+1","hermit:Strike_Hermit","hermit:Strike_Hermit","hermit:Strike_Hermit+1","hermit:Defend_Hermit","hermit:Defend_Hermit","hermit:Defend_Hermit+1","hermit:Defend_Hermit","hermit:Snapshot+1","hermit:Covet","hermit:HeroicBravado","hermit:Showdown+1","hermit:Grudge","hermit:PistolWhip+1","hermit:Gestalt+1","hermit:CursedWeapon+1","hermit:Reprieve","hermit:Quickdraw+1","hermit:Determination+1","hermit:Enervate+1"],"relics":["hermit:Momento","HushsDoor","MaYiHuaBei","downfall:HeartsMalice","SteamSale","LetterFromLob","PillsDrop","Peace Pipe","SSSystem","downfall:ShatteredFragment","downfall:HeartBlessingGreen","Letter Opener","SoulBox","Medical Kit","Nunchaku","Matryoshka","MoneyPower","Pocketwatch"],"acts_visited":["Exordium","TheCity"],"potions_floor_usage":[33,33],"damage_taken":[{"damage":0.0,"enemies":"downfall:FleeingMerchant","floor":2.0,"turns":1.0},{"damage":0.0,"enemies":"2 Louse","floor":3.0,"turns":1.0},{"damage":0.0,"enemies":"Jaw Worm","floor":5.0,"turns":1.0},{"damage":1.0,"enemies":"Small Slimes","floor":6.0,"turns":3.0},{"damage":0.0,"enemies":"Gremlin Nob","floor":8.0,"turns":2.0},{"damage":12.0,"enemies":"3 Louse","floor":9.0,"turns":2.0},{"damage":9.0,"enemies":"3 Sentries","floor":11.0,"turns":9.0},{"damage":1.0,"enemies":"Gremlin Nob","floor":14.0,"turns":3.0},{"damage":2.0,"enemies":"2 Fungi Beasts","floor":15.0,"turns":2.0},{"damage":13.0,"enemies":"downfall:Ironclad","floor":16.0,"turns":5.0},{"damage":3.0,"enemies":"downfall:FleeingMerchant","floor":19.0,"turns":4.0},{"damage":0.0,"enemies":"Spheric Guardian","floor":21.0,"turns":3.0},{"damage":28.0,"enemies":"Book of Stabbing","floor":23.0,"turns":6.0},{"damage":24.0,"enemies":"Gremlin Leader","floor":25.0,"turns":6.0},{"damage":8.0,"enemies":"3 Byrds","floor":27.0,"turns":4.0},{"damage":6.0,"enemies":"Book of Stabbing","floor":29.0,"turns":4.0},{"damage":2.0,"enemies":"Shelled Parasite and Fungi","floor":30.0,"turns":4.0},{"damage":16.0,"enemies":"downfall:FleeingMerchant","floor":31.0,"turns":4.0},{"damage":3,"enemies":"Centurion and Healer","floor":32,"turns":4},{"damage":16,"enemies":"downfall:Silent","floor":33,"turns":6}],"seed_played":"8278907064978222635","potions_obtained":[{"floor":8.0,"key":"Dexterity Potion"},{"floor":11.0,"key":"Fire Potion"},{"floor":23.0,"key":"Dexterity Potion"},{"floor":25.0,"key":"hermit:BlackBile"},{"floor":29.0,"key":"CalmPotion"},{"floor":32,"key":"UndeadPotion"}],"is_trial":false,"path_per_floor":["R","$","M","?","M","M","T","E","M","R","E","?","R","E","M","B",null,"R","$","?","M","T","E","T","E","R","M","R","E","M","$","M","B"],"character_chosen":"HERMIT","items_purchased":["DistilledChaos","SteamSale","Medical Kit"],"campfire_rested":0,"item_purchase_floors":[2,2,19],"current_hp_per_floor":[75,75,75,75,75,74,74,74,62,62,53,41,41,40,38,28,73,73,72,72,72,72,51,51,27,27,27,27,21,27,15,16,0,0],"gold":110,"neow_bonus":"THREE_ENEMY_KILL","is_daily":false,"chose_seed":false,"campfire_upgraded":5,"win_rate":0.0,"timestamp":1610634670,"path_taken":["R","$","M","?","M","M","T","E","M","R","E","?","R","E","M","BOSS","R","$","?","?","?","E","T","E","R","M","R","E","M","?","M","BOSS"],"items_purchased_type":["Potion","Relic","Relic"],"build_version":"2020-12-22","purchased_purges":1,"victory":false,"max_hp_per_floor":[75,75,75,75,75,75,75,75,70,70,70,70,70,70,70,73,73,73,73,73,73,73,76,76,71,71,71,71,71,71,71,71,71,71],"card_choices":[{"not_picked":[],"picked":"Bomb","floor":0.0},{"not_picked":["hermit:Headshot","hermit:SprayPray"],"picked":"hermit:HeroicBravado","floor":2.0},{"not_picked":["hermit:FullyLoaded","hermit:BodyArmor"],"picked":"hermit:Showdown","floor":3.0},{"not_picked":["hermit:NoHoldsBarred","hermit:Misfire"],"picked":"hermit:Grudge","floor":5.0},{"not_picked":["hermit:Vantage","hermit:BodyArmor","hermit:Showdown"],"picked":"SKIP","floor":6.0},{"not_picked":["hermit:HighCaliber","hermit:Headshot"],"picked":"hermit:PistolWhip","floor":8.0},{"not_picked":["hermit:Manifest","hermit:Coalescence"],"picked":"hermit:Gestalt","floor":9.0},{"not_picked":["hermit:Combo","hermit:Glare","hermit:Virtue"],"picked":"SKIP","floor":11.0},{"not_picked":["hermit:HeroicBravado","hermit:Showdown"],"picked":"hermit:CursedWeapon","floor":14.0},{"not_picked":["hermit:Coalescence","hermit:Vantage","hermit:LoneWolf"],"picked":"SKIP","floor":15.0},{"not_picked":["hermit:FromBeyond","hermit:Dissolve"],"picked":"hermit:Reprieve","floor":16.0},{"not_picked":["hermit:Vantage","hermit:Dive"],"picked":"hermit:Quickdraw+1","floor":19.0},{"not_picked":["hermit:Roulette","hermit:FromBeyond"],"picked":"hermit:Determination+1","floor":21.0},{"not_picked":["hermit:DeadMansHand","hermit:Quickdraw+1","hermit:CalledShot"],"picked":"SKIP","floor":23.0},{"not_picked":["hermit:CalledShot+1","hermit:Headshot+1","hermit:WideOpen+1"],"picked":"SKIP","floor":25.0},{"not_picked":["hermit:BodyArmor","hermit:HighNoon","hermit:Roulette+1"],"picked":"SKIP","floor":27.0},{"not_picked":["hermit:ShadowCloak","hermit:TrackingShot","hermit:BodyArmor"],"picked":"SKIP","floor":29.0},{"not_picked":["hermit:NoHoldsBarred","hermit:Coalescence","hermit:Manifest"],"picked":"SKIP","floor":30.0},{"not_picked":["hermit:CursedWeapon+1","hermit:ShadowCloak","hermit:Glare"],"picked":"SKIP","floor":31.0},{"not_picked":["hermit:LowProfile","hermit:HighCaliber+1"],"picked":"hermit:Enervate+1","floor":32}],"player_experience":266046,"relics_obtained":[{"floor":3.0,"key":"LetterFromLob"},{"floor":7.0,"key":"PillsDrop"},{"floor":8.0,"key":"Peace Pipe"},{"floor":11.0,"key":"SSSystem"},{"floor":14.0,"key":"Letter Opener"},{"floor":23.0,"key":"Nunchaku"},{"floor":24.0,"key":"Matryoshka"},{"floor":25.0,"key":"MoneyPower"},{"floor":29.0,"key":"Pocketwatch"}],"event_choices":[],"is_beta":false,"boss_relics":[{"not_picked":["Tiny House","hermit:DentedPlate"],"picked":"SoulBox"},{"not_picked":[]}],"items_purged_floors":[31],"is_endless":false,"potions_floor_spawned":[8,11,14,15,23,25,29,32],"killed_by":"downfall:Silent","ascension_level":1}}