{"host":"0ueeacaatm8t6jyh","time":1610636536,"event":{"mods":["AchievementEnabler","BaseMod","Colored Powertips","Minty Spire (QoL Compilation)","Quick Restart","Rare Cards Sparkle","StSLib"],"gold_per_floor":[369,381,399,161,161,161,186,205,205,205,225,225,225,10,10,86,86,100,113,13,13,23,23,38,51,77,2,21,40,56,84,84,158,158,174,174,42,42,94,131,143,155,167,204,216,228,240,270,282,294,306,318,22,50,50,50],"floor_reached":55,"language":"ZHS","playtime":2516,"items_purged":["Strike_R","Strike_R","Strike_R","Sever Soul+1"],"score":1478,"play_id":"c96fac4d-3cc4-4163-af88-0bf73ad417fd","local_time":"20210114230216","is_ascension_mode":true,"campfire_choices":[{"data":"Offering","floor":6.0,"key":"SMITH"},{"floor":10.0,"key":"REST"},{"data":"Armaments","floor":12.0,"key":"SMITH"},{"data":"Dark Embrace","floor":15.0,"key":"SMITH"},{"floor":23.0,"key":"REST"},{"data":"Heavy Blade","floor":32.0,"key":"SMITH"},{"floor":41.0,"key":"RECALL"},{"data":"Offering","floor":45.0,"key":"SMITH"},{"data":"Bloodletting","floor":47.0,"key":"SMITH"},{"data":"Inflame","floor":49.0,"key":"SMITH"},{"data":"Limit Break","floor":52.0,"key":"SMITH"}],"circlet_count":0,"master_deck":["AscendersBane","Defend_R","Defend_R","Defend_R","Rampage","Seeing Red+1","Dual Wield","Offering+1","Offering+1","Armaments+1","Spot Weakness","Inflame+1","Dark Embrace+1","Reaper+1","Heavy Blade+1","Fiend Fire+1","Shockwave","Flex","Sentinel","Limit Break+1","Armaments+1","Warcry+1","Shrug It Off","Bloodletting+1","Disarm"],"relics":["Black Blood","Paper Frog","The Courier","Tiny Chest","Toy Ornithopter","Empty Cage","Orrery","MawBank","Pear","Calipers","Whetstone","Orichalcum"],"acts_visited":["Exordium","TheCity","TheBeyond","TheEnding"],"potions_floor_usage":[],"damage_taken":[{"damage":1.0,"enemies":"Cultist","floor":1.0,"turns":3.0},{"damage":9.0,"enemies":"2 Louse","floor":2.0,"turns":2.0},{"damage":9.0,"enemies":"Jaw Worm","floor":3.0,"turns":4.0},{"damage":6.0,"enemies":"Lagavulin","floor":7.0,"turns":4.0},{"damage":25.0,"enemies":"Exordium Wildlife","floor":8.0,"turns":5.0},{"damage":12.0,"enemies":"Exordium Thugs","floor":11.0,"turns":3.0},{"damage":32.0,"enemies":"Hexaghost","floor":16.0,"turns":8.0},{"damage":45.0,"enemies":"Chosen","floor":18.0,"turns":4.0},{"damage":23.0,"enemies":"Spheric Guardian","floor":19.0,"turns":4.0},{"damage":39.0,"enemies":"Shelled Parasite and Fungi","floor":22.0,"turns":4.0},{"damage":30.0,"enemies":"Centurion and Healer","floor":24.0,"turns":6.0},{"damage":19.0,"enemies":"Cultist and Chosen","floor":25.0,"turns":4.0},{"damage":15.0,"enemies":"3 Cultists","floor":28.0,"turns":4.0},{"damage":34.0,"enemies":"Snecko","floor":29.0,"turns":4.0},{"damage":10.0,"enemies":"Centurion and Healer","floor":30.0,"turns":2.0},{"damage":14.0,"enemies":"Gremlin Leader","floor":31.0,"turns":3.0},{"damage":52.0,"enemies":"Automaton","floor":33.0,"turns":6.0},{"damage":37.0,"enemies":"3 Darklings","floor":35.0,"turns":4.0},{"damage":25.0,"enemies":"Reptomancer","floor":40.0,"turns":2.0},{"damage":20.0,"enemies":"Nemesis","floor":44.0,"turns":3.0},{"damage":34.0,"enemies":"3 Shapes","floor":48.0,"turns":3.0},{"damage":105.0,"enemies":"Awakened One","floor":50.0,"turns":6.0},{"damage":61.0,"enemies":"Shield and Spear","floor":54.0,"turns":5.0},{"damage":94,"enemies":"The Heart","floor":55,"turns":3}],"seed_played":"3395052620997990281","potions_obtained":[{"floor":3.0,"key":"LiquidMemories"},{"floor":8.0,"key":"FearPotion"},{"floor":16.0,"key":"BloodPotion"},{"floor":19.0,"key":"AttackPotion"},{"floor":28.0,"key":"AttackPotion"},{"floor":29.0,"key":"Ancient Potion"},{"floor":30.0,"key":"GamblersBrew"},{"floor":33.0,"key":"SkillPotion"},{"floor":44.0,"key":"ElixirPotion"}],"is_trial":false,"path_per_floor":["M","M","M","$","?","R","E","M","T","R","M","R","?","$","R","B",null,"M","M","$","?","M","R","M","M","T","?","M","M","M","E","R","B",null,"M","?","$","$","T","E","R","$","T","E","R","?","R","M","R","B",null,"R","$","E","B"],"character_chosen":"IRONCLAD","items_purchased":["Offering","Inflame","Dark Embrace","Orrery","ElixirPotion","ColorlessPotion","FairyPotion"],"campfire_rested":2,"item_purchase_floors":[4,14,14,37,53,53,53],"current_hp_per_floor":[55,52,49,49,38,38,38,19,19,41,35,35,35,35,35,9,59,38,27,27,27,15,37,31,24,24,24,75,53,59,57,57,17,61,75,75,75,75,75,72,72,72,72,64,64,64,64,85,85,77,83,83,83,68,0,0],"gold":50,"neow_bonus":"TWO_FIFTY_GOLD","is_daily":false,"chose_seed":false,"campfire_upgraded":8,"win_rate":0.0,"timestamp":1610636536,"path_taken":["M","M","M","$","?","R","E","M","T","R","M","R","?","$","R","BOSS","M","M","$","?","M","R","M","M","T","?","M","M","M","E","R","BOSS","M","?","?","$","?","E","R","$","T","E","R","?","R","?","R","BOSS","R","$","E","BOSS"],"items_purchased_type":["Card","Card","Card","Relic","Potion","Potion","Potion"],"build_version":"2020-12-22","purchased_purges":4,"victory":false,"max_hp_per_floor":[75,75,75,75,75,75,75,75,75,75,75,75,75,75,75,75,75,75,75,75,75,75,75,75,75,75,75,75,75,75,75,75,75,75,75,75,75,75,75,85,85,85,85,85,85,85,85,85,85,85,85,85,85,85,85,85],"card_choices":[{"not_picked":["Heavy Blade","Power Through"],"picked":"Rampage","floor":1.0},{"not_picked":["Rupture","Rampage"],"picked":"Seeing Red","floor":2.0},{"not_picked":["Intimidate","Heavy Blade"],"picked":"Dual Wield","floor":3.0},{"not_picked":["Perfected Strike","Second Wind"],"picked":"Offering","floor":7.0},{"not_picked":["Fire Breathing","Flex"],"picked":"Armaments","floor":8.0},{"not_picked":["Pommel Strike","Armaments"],"picked":"Spot Weakness","floor":11.0},{"not_picked":["Barricade","Offering"],"picked":"Reaper","floor":16.0},{"not_picked":["Armaments","True Grit"],"picked":"Heavy Blade","floor":18.0},{"not_picked":["Intimidate","Wild Strike","Seeing Red"],"picked":"SKIP","floor":19.0},{"not_picked":["Cleave","Dual Wield"],"picked":"Fiend Fire","floor":22.0},{"not_picked":["Feel No Pain","Dual Wield","Wild Strike"],"picked":"SKIP","floor":24.0},{"not_picked":["Shrug It Off","Uppercut"],"picked":"Shockwave","floor":25.0},{"not_picked":["Perfected Strike","Wild Strike+1"],"picked":"Flex","floor":28.0},{"not_picked":["Ghostly Armor","Thunderclap","Cleave+1"],"picked":"SKIP","floor":29.0},{"not_picked":["Flame Barrier","Body Slam+1"],"picked":"Sentinel","floor":30.0},{"not_picked":["Heavy Blade+1","Perfected Strike","Brutality"],"picked":"SKIP","floor":31.0},{"not_picked":["Immolate","Double Tap"],"picked":"Limit Break","floor":33.0},{"not_picked":["Sword Boomerang+1","Inflame","Burning Pact+1"],"picked":"SKIP","floor":35.0},{"not_picked":["Body Slam","Burning Pact"],"picked":"Sever Soul+1","floor":37.0},{"not_picked":["Intimidate","Dual Wield+1"],"picked":"Armaments+1","floor":37.0},{"not_picked":["Sentinel","Anger"],"picked":"Warcry+1","floor":37.0},{"not_picked":["Headbutt","Warcry"],"picked":"Shrug It Off","floor":37.0},{"not_picked":["Havoc","Anger"],"picked":"Bloodletting","floor":37.0},{"not_picked":["Feed","Shockwave","Headbutt+1"],"picked":"SKIP","floor":40.0},{"not_picked":["Flex","Spot Weakness","Burning Pact"],"picked":"SKIP","floor":44.0},{"not_picked":["Iron Wave","Pommel Strike"],"picked":"Disarm","floor":48.0},{"not_picked":["Clothesline","Brutality","Power Through+1"],"picked":"SKIP","floor":54.0}],"player_experience":361525,"relics_obtained":[{"floor":7.0,"key":"The Courier"},{"floor":26.0,"key":"Tiny Chest"},{"floor":31.0,"key":"Toy Ornithopter"},{"floor":39.0,"key":"MawBank"},{"floor":40.0,"key":"Pear"},{"floor":43.0,"key":"Calipers"},{"floor":44.0,"key":"Whetstone"},{"floor":54.0,"key":"Orichalcum"}],"event_choices":[{"damage_healed":0.0,"max_hp_gain":0.0,"max_hp_loss":0.0,"gold_gain":0.0,"event_name":"Scrap Ooze","player_choice":"Success","floor":5.0,"gold_loss":0.0,"damage_taken":11.0,"relics_obtained":["Paper Frog"]},{"damage_healed":0.0,"max_hp_gain":0.0,"max_hp_loss":0.0,"gold_gain":0.0,"cards_transformed":["Strike_R"],"event_name":"Transmorgrifier","player_choice":"Transformed","floor":13.0,"gold_loss":0.0,"damage_taken":0.0,"cards_obtained":["Fire Breathing"]},{"damage_healed":0.0,"max_hp_gain":0.0,"max_hp_loss":0.0,"gold_gain":0.0,"event_name":"The Mausoleum","player_choice":"Ignored","floor":21.0,"gold_loss":0.0,"damage_taken":0.0},{"cards_removed":["Strike_R"],"damage_healed":0.0,"max_hp_gain":0.0,"max_hp_loss":0.0,"gold_gain":0.0,"event_name":"Beggar","player_choice":"Gave Gold","floor":27.0,"gold_loss":75.0,"damage_taken":0.0},{"cards_removed":["Defend_R"],"damage_healed":0.0,"max_hp_gain":0.0,"max_hp_loss":0.0,"gold_gain":0.0,"event_name":"Purifier","player_choice":"Purged","floor":36.0,"gold_loss":0.0,"damage_taken":0.0},{"damage_healed":0.0,"max_hp_gain":0.0,"max_hp_loss":0.0,"gold_gain":0.0,"event_name":"Upgrade Shrine","player_choice":"Upgraded","floor":46.0,"gold_loss":0.0,"damage_taken":0.0,"cards_upgraded":["Seeing Red"]}],"is_beta":false,"boss_relics":[{"not_picked":["Runic Cube","Cursed Key"],"picked":"Black Blood"},{"not_picked":["Black Star","Mark of Pain"],"picked":"Empty Cage"}],"items_purged_floors":[4,14,20,53],"is_endless":false,"potions_floor_spawned":[3,8,16,19,28,29,30,33,40,44],"killed_by":"The Heart","ascension_level":19}}