{"host":"x3q4ieql2tr7v8o6","time":1610627710,"event":{"mods":["BaseMod","Bestiary","Better Altar","Better Match","Better Note","Better Sensory Stone","Better Skull","Better Third Choice","Colored Map","Colored Powertips","Curses Come First","Minty Spire (QoL Compilation)","StSLib"],"gold_per_floor":[17,17,17,32,107,107,124,135,135,170,170,170,186,186,186,280,280,299,314,314,12,27,27,43,43,43,43,20,20,295,295,295,295,295],"floor_reached":33,"language":"ENG","playtime":1016,"items_purged":[],"score":425,"play_id":"c90a208e-f6e9-4e37-838f-d20c9ea3af1f","local_time":"20210114123510","is_ascension_mode":true,"campfire_choices":[{"data":"Unload","floor":6,"key":"SMITH"},{"data":"Noxious Fumes","floor":11,"key":"SMITH"},{"floor":15,"key":"REST"},{"floor":23,"key":"REST"},{"floor":27,"key":"REST"},{"data":"Neutralize","floor":29,"key":"SMITH"},{"floor":32,"key":"REST"}],"circlet_count":0,"master_deck":["AscendersBane","Strike_G","Strike_G","Strike_G","Strike_G","Strike_G","Defend_G","Defend_G","Defend_G","Defend_G","Defend_G","Survivor","Neutralize+1","Unload+1","Masterful Stab","Finesse","Underhanded Strike","PiercingWail","Noxious Fumes+1","Crippling Poison","Injury","Corpse Explosion","Adrenaline","Deflect","Masterful Stab+1","Underhanded Strike+1","Flying Knee","Poisoned Stab","Regret"],"relics":["Ring of the Snake","Juzu Bracelet","Meat on the Bone","Golden Idol","SlaversCollar","Vajra","Bag of Preparation","Tough Bandages"],"acts_visited":["Exordium","TheCity"],"potions_floor_usage":[16,19,33],"damage_taken":[{"damage":0,"enemies":"Jaw Worm","floor":1,"turns":3},{"damage":0,"enemies":"2 Louse","floor":4,"turns":2},{"damage":0,"enemies":"Cultist","floor":7,"turns":2},{"damage":3,"enemies":"Large Slime","floor":8,"turns":6},{"damage":21,"enemies":"Lagavulin","floor":10,"turns":7},{"damage":2,"enemies":"3 Louse","floor":13,"turns":3},{"damage":26,"enemies":"The Guardian","floor":16,"turns":13},{"damage":14,"enemies":"2 Thieves","floor":18,"turns":3},{"damage":5,"enemies":"Shell Parasite","floor":19,"turns":5},{"damage":16,"enemies":"Centurion and Healer","floor":22,"turns":4},{"damage":41,"enemies":"Shelled Parasite and Fungi","floor":24,"turns":7},{"damage":60,"enemies":"Automaton","floor":33,"turns":8}],"seed_played":"8443525642312565046","potions_obtained":[{"floor":1,"key":"ColorlessPotion"},{"floor":8,"key":"SteroidPotion"},{"floor":19,"key":"SkillPotion"}],"is_trial":false,"path_per_floor":["M","$","?","M","?","R","M","M","T","E","R","?","M","?","R","B",null,"M","M","?","$","M","R","M","$","T","R","$","R","?","?","R","B"],"character_chosen":"THE_SILENT","items_purchased":["Vajra","Bag of Preparation","Poisoned Stab"],"campfire_rested":4,"item_purchase_floors":[21,21,28],"current_hp_per_floor":[59,59,59,59,48,48,48,45,45,24,24,24,34,34,53,39,59,45,40,35,35,31,50,21,21,21,40,40,40,40,40,59,0,0],"gold":295,"neow_bonus":"THREE_RARE_CARDS","is_daily":false,"chose_seed":false,"campfire_upgraded":3,"win_rate":0.0,"timestamp":1610627710,"path_taken":["M","$","?","?","?","R","M","M","T","E","R","?","M","?","R","BOSS","M","M","?","$","M","R","M","$","T","R","?","R","?","?","R","BOSS"],"items_purchased_type":["Relic","Relic","Card"],"build_version":"2020-12-22","purchased_purges":0,"victory":false,"max_hp_per_floor":[66,66,66,66,66,66,66,66,66,66,66,66,66,66,66,66,66,66,66,66,66,66,66,66,66,66,66,66,66,66,66,66,66,66],"card_choices":[{"not_picked":["Grand Finale","Phantasmal Killer"],"picked":"Unload","floor":0},{"not_picked":["Deadly Poison","Concentrate"],"picked":"Masterful Stab","floor":1},{"not_picked":["Impatience","Violence"],"picked":"Finesse","floor":3},{"not_picked":["Dagger Spray","Prepared"],"picked":"Underhanded Strike","floor":4},{"not_picked":["Quick Slash","Dodge and Roll"],"picked":"PiercingWail","floor":7},{"not_picked":["Blur","Footwork"],"picked":"Noxious Fumes","floor":8},{"not_picked":["Outmaneuver","Dagger Throw"],"picked":"Crippling Poison","floor":10},{"not_picked":["Poisoned Stab","Prepared"],"picked":"Corpse Explosion","floor":13},{"not_picked":["Night Terror","A Thousand Cuts"],"picked":"Adrenaline","floor":16},{"not_picked":["Backflip","Dagger Spray"],"picked":"Deflect","floor":18},{"not_picked":["Outmaneuver","Distraction"],"picked":"Masterful Stab+1","floor":19},{"not_picked":["Night Terror","Blade Dance"],"picked":"Underhanded Strike+1","floor":22},{"not_picked":["Deadly Poison","Dagger Throw"],"picked":"Flying Knee","floor":24}],"player_experience":715466,"relics_obtained":[{"floor":9,"key":"Juzu Bracelet"},{"floor":10,"key":"Meat on the Bone"},{"floor":26,"key":"Tough Bandages"}],"event_choices":[{"damage_healed":0,"gold_gain":1,"player_choice":"1","damage_taken":0,"max_hp_gain":0,"max_hp_loss":0,"event_name":"betterStone:BetterStone","floor":3,"gold_loss":0},{"damage_healed":0,"gold_gain":75,"player_choice":"Gold","damage_taken":11,"max_hp_gain":0,"max_hp_loss":0,"event_name":"betterThird:BetterGoop","floor":5,"gold_loss":0},{"damage_healed":0,"gold_gain":0,"player_choice":"Take Wound","damage_taken":0,"relics_obtained":["Golden Idol"],"max_hp_gain":0,"max_hp_loss":0,"event_name":"Golden Idol","floor":12,"gold_loss":0,"cards_obtained":["Injury"]},{"damage_healed":0,"gold_gain":0,"player_choice":"LEAVE","damage_taken":0,"max_hp_gain":0,"max_hp_loss":0,"event_name":"betterThird:BetterScrap","floor":14,"gold_loss":0,"cards_obtained":["Core Surge"]},{"damage_healed":0,"gold_gain":0,"player_choice":"Punched","damage_taken":5,"max_hp_gain":0,"max_hp_loss":0,"event_name":"Designer","floor":20,"gold_loss":0},{"damage_healed":0,"gold_gain":275,"player_choice":"Desecrate","damage_taken":0,"max_hp_gain":0,"max_hp_loss":0,"event_name":"Golden Shrine","floor":30,"gold_loss":0,"cards_obtained":["Regret"]},{"damage_healed":0,"gold_gain":0,"player_choice":"Ignored","damage_taken":0,"max_hp_gain":0,"max_hp_loss":0,"event_name":"Cursed Tome","floor":31,"gold_loss":0}],"is_beta":false,"boss_relics":[{"not_picked":["Runic Pyramid","Snecko Eye"],"picked":"SlaversCollar"}],"items_purged_floors":[],"is_endless":false,"potions_floor_spawned":[1,8,10,13,19],"killed_by":"Automaton","ascension_level":15}}