{"host":"yzi164syo8zv6plh","time":1610634197,"event":{"mods":["Arknights The Spire","BaseMod","Minty Spire (QoL Compilation)","StSLib"],"gold_per_floor":[109,109,59,72,20,45,45,58,58,71,104,29,41,41,41,41,41],"floor_reached":16,"language":"ZHS","playtime":615,"items_purged":["ats:Strike V"],"score":135,"play_id":"5bca809d-e563-4a82-992f-1f6f36d4d94f","local_time":"20210114222317","is_ascension_mode":false,"campfire_choices":[{"data":"ats:Emotion Absorption","floor":7.0,"key":"SMITH"},{"floor":15.0,"key":"REST"}],"circlet_count":0,"master_deck":["ats:Strike C","ats:Armor Crushing Shot","ats:Defend","ats:Defend","ats:Defend","ats:Defend","ats:Emotion Absorption+1","ats:Very Hot Blade","ats:Calcification","ats:Ignite","ats:Apocalypse","ats:Burning Ground"],"relics":["ats:Sanity","NeowsBlessing","ats:Originium","ats:Bonebreaker","Matryoshka","Meat on the Bone","Golden Idol"],"acts_visited":["Exordium"],"potions_floor_usage":[],"damage_taken":[{"damage":0.0,"enemies":"2 Louse","floor":1.0,"turns":1.0},{"damage":0.0,"enemies":"Jaw Worm","floor":4.0,"turns":1.0},{"damage":0.0,"enemies":"3 Sentries","floor":6.0,"turns":1.0},{"damage":0.0,"enemies":"Small Slimes","floor":8.0,"turns":4.0},{"damage":15.0,"enemies":"Blue Slaver","floor":10.0,"turns":5.0},{"damage":49.0,"enemies":"Lagavulin","floor":11.0,"turns":7.0},{"damage":13.0,"enemies":"Gremlin Gang","floor":13.0,"turns":6.0},{"damage":59,"enemies":"Hexaghost","floor":16,"turns":14}],"seed_played":"-3221981120857714799","potions_obtained":[{"floor":6.0,"key":"FearPotion"},{"floor":10.0,"key":"SteroidPotion"},{"floor":11.0,"key":"LiquidBronze"}],"is_trial":false,"path_per_floor":["M","?","?","M","$","E","R","M","T","M","E","$","M","?","R","B"],"character_chosen":"DOCTOR_CLASS","items_purchased":["ats:Ignite"],"campfire_rested":1,"item_purchase_floors":[5],"current_hp_per_floor":[72,65,65,65,65,65,65,66,66,61,19,19,29,11,32,0,0],"gold":41,"neow_bonus":"THREE_ENEMY_KILL","is_daily":false,"chose_seed":false,"campfire_upgraded":1,"win_rate":0.0,"timestamp":1610634197,"path_taken":["M","?","?","M","$","E","R","M","T","M","E","$","M","?","R","BOSS"],"items_purchased_type":["Card"],"build_version":"2020-12-22","purchased_purges":1,"victory":false,"max_hp_per_floor":[72,72,72,72,72,72,72,72,72,72,72,72,72,72,72,72,72],"card_choices":[{"not_picked":["ats:Explosion Area Strengthen","ats:Consecutive Shot Auto"],"picked":"ats:Very Hot Blade","floor":1.0},{"not_picked":["ats:Consecutive Shot Auto","ats:Explosion Area Strengthen"],"picked":"ats:Calcification","floor":4.0},{"not_picked":["ats:Beaten Up","ats:Childhood Dance","ats:Powerful Strike"],"picked":"SKIP","floor":6.0},{"not_picked":["ats:Assault Order","ats:Charging Defense"],"picked":"ats:Apocalypse","floor":8.0},{"not_picked":["ats:Powerful Strike","ats:Directed Diagnosis"],"picked":"ats:Burning Ground","floor":10.0},{"not_picked":["ats:Soul Rend","ats:Cat Scratch","ats:Encircling Forest"],"picked":"SKIP","floor":11.0},{"not_picked":["ats:Curse Doll","ats:Explosion Area Strengthen","ats:Rapid Magazine"],"picked":"SKIP","floor":13.0}],"player_experience":269156,"relics_obtained":[{"floor":6.0,"key":"ats:Originium"},{"floor":6.0,"key":"ats:Bonebreaker"},{"floor":9.0,"key":"Matryoshka"},{"floor":11.0,"key":"ats:Originium"},{"floor":11.0,"key":"Meat on the Bone"}],"event_choices":[{"cards_removed":["ats:Strike S"],"damage_healed":0.0,"max_hp_gain":0.0,"max_hp_loss":0.0,"gold_gain":0.0,"event_name":"Golden Wing","player_choice":"Card Removal","floor":2.0,"gold_loss":0.0,"damage_taken":7.0},{"cards_removed":["ats:Strike G"],"damage_healed":0.0,"max_hp_gain":0.0,"max_hp_loss":0.0,"gold_gain":0.0,"event_name":"The Cleric","player_choice":"Card Removal","floor":3.0,"gold_loss":50.0,"damage_taken":0.0},{"damage_healed":0.0,"max_hp_gain":0.0,"max_hp_loss":0.0,"gold_gain":0.0,"event_name":"Golden Idol","player_choice":"Take Damage","floor":14.0,"gold_loss":0.0,"damage_taken":18.0,"relics_obtained":["Golden Idol"]}],"is_beta":false,"boss_relics":[],"items_purged_floors":[12],"is_endless":false,"potions_floor_spawned":[6,10,11],"killed_by":"Hexaghost","ascension_level":0}}