{"host":"fworv1gvvajf3x0f","time":1610635514,"event":{"mods":["AchievementEnabler","Aspiration","BaseMod","Better Vampires","Colored Map","Colored Powertips","Highlight Path","Infinite Spire","Minty Spire (QoL Compilation)","Poor People Problems","Replay The Spire","StSLib"],"gold_per_floor":[109,123,136,64,81,81,97,117,163,190,38,56,106,17,17,117,117,135,153,22,22,0,0,0],"floor_reached":23,"language":"ZHS","playtime":3195,"items_purged":["Defend_G"],"score":210,"play_id":"23658fb8-2678-464a-be2f-44930d8912fc","local_time":"20210114224514","is_ascension_mode":true,"campfire_choices":[{"data":"Noxious Fumes","floor":6,"key":"SMITH"},{"floor":15,"key":"REST"}],"circlet_count":0,"master_deck":["Strike_G","Strike_G","Strike_G","Strike_G","Defend_G","Defend_G","Defend_G","Defend_G","Survivor","Neutralize","PiercingWail","Endless Agony","ReplayTheSpireMod:Tripwire","Noxious Fumes+1","Deadly Poison","Backflip","PanicButton","Predator","Sneak Up","Infinite Blades","Blade Dance","Draining Mist","Bane","Blade Dance","Languid","Replay:Bag of Tricks","Choke","Backflip"],"relics":["Replay:PocketPolymizer","Raider\u0027s Mask","infinitespire:Cupcake","BargainBundle","infinitespire:Chaos","Ring of Greed","Membership Card","Replay:Wax Seal","Ring of Fangs","Strange Spoon","aspiration:RandomNobGenerator","infinitespire:EmpoweringShard","PrismaticShard"],"acts_visited":["Exordium","TheCity"],"potions_floor_usage":[16,16,19,23,23,23,23],"damage_taken":[{"damage":0,"enemies":"Small Slimes","floor":1,"turns":3},{"damage":6,"enemies":"Jaw Worm","floor":2,"turns":4},{"damage":0,"enemies":"2 Louse","floor":3,"turns":3},{"damage":4,"enemies":"2 Fungi Beasts","floor":5,"turns":5},{"damage":0,"enemies":"Blue Slaver","floor":7,"turns":5},{"damage":6,"enemies":"Gremlin Gang","floor":8,"turns":5},{"damage":24,"enemies":"The Mushroom Lair","floor":10,"turns":4},{"damage":4,"enemies":"Lots of Slimes","floor":12,"turns":5},{"damage":37,"enemies":"Fading Forest","floor":16,"turns":11},{"damage":15,"enemies":"2 Thieves","floor":18,"turns":4},{"damage":17,"enemies":"Spheric Guardian","floor":19,"turns":4},{"damage":75,"enemies":"Gremlin Leader","floor":23,"turns":4}],"seed_played":"-8528955686524660699","potions_obtained":[{"floor":3,"key":"FairyPotion"},{"floor":5,"key":"Elixir"},{"floor":10,"key":"GamblersBrew"}],"is_trial":false,"path_per_floor":["M","M","M","$","M","R","M","M","T","?","$","M","?","$","R","B",null,"M","M","$","?","?","E"],"character_chosen":"THE_SILENT","items_purchased":["Noxious Fumes","infinitespire:Chaos","PanicButton","Predator","Sneak Up","Infinite Blades","Blade Dance","EntropicBrew","Strange Spoon","Bane","infinitespire:EmpoweringShard"],"campfire_rested":1,"item_purchase_floors":[4,11,11,11,11,11,11,11,14,14,20],"current_hp_per_floor":[70,64,64,64,60,60,60,54,54,30,30,26,26,26,47,10,70,55,38,38,30,30,0,0],"gold":0,"neow_bonus":"NOSTALGIA","is_daily":false,"chose_seed":false,"campfire_upgraded":1,"win_rate":0.0,"timestamp":1610635514,"path_taken":["M","M","M","$","M","R","M","M","T","?","$","M","?","?","R","BOSS","M","M","$","?","?","E"],"items_purchased_type":["Card","Relic","Card","Card","Card","Card","Card","Potion","Relic","Card","Relic"],"build_version":"2020-12-22","purchased_purges":1,"victory":false,"max_hp_per_floor":[70,70,70,70,70,70,70,70,70,70,70,70,70,70,70,70,70,70,70,70,70,70,70,70],"card_choices":[{"not_picked":["Underhanded Strike","Deflect"],"picked":"PiercingWail","floor":1},{"not_picked":["Distraction","Bane"],"picked":"Endless Agony","floor":2},{"not_picked":["Poisoned Stab","Bane"],"picked":"ReplayTheSpireMod:Tripwire","floor":3},{"not_picked":["Bane","Slice","Sucker Punch"],"picked":"SKIP","floor":5},{"not_picked":["ReplayTheSpireMod:From All Sides","Slice"],"picked":"Deadly Poison","floor":7},{"not_picked":["Underhanded Strike","Dagger Spray"],"picked":"Backflip","floor":8},{"not_picked":["Leg Sweep","Footwork"],"picked":"Draining Mist","floor":12},{"not_picked":["A Thousand Cuts","Phantasmal Killer"],"picked":"Replay:Bag of Tricks","floor":16},{"not_picked":["PiercingWail","ReplayTheSpireMod:Tripwire"],"picked":"Choke","floor":18},{"not_picked":["Dagger Throw","Bane","Sucker Punch+1"],"picked":"SKIP","floor":19},{"not_picked":["ReplayTheSpireMod:Tripwire","Flying Knee"],"picked":"Backflip","floor":21}],"player_experience":206062,"relics_obtained":[{"floor":10,"key":"Odd Mushroom"},{"floor":13,"key":"Ring of Greed"},{"floor":13,"key":"Membership Card"},{"floor":13,"key":"Replay:Wax Seal"},{"floor":13,"key":"Ring of Fangs"},{"floor":21,"key":"PrismaticShard"}],"event_choices":[{"damage_healed":0,"gold_gain":0,"player_choice":"Fought Mushrooms","damage_taken":0,"max_hp_gain":0,"max_hp_loss":0,"event_name":"Mushrooms","floor":10,"gold_loss":0},{"damage_healed":0,"gold_gain":0,"player_choice":"Paid Fearfully","damage_taken":0,"max_hp_gain":0,"max_hp_loss":0,"event_name":"Masked Bandits","floor":22,"gold_loss":22}],"is_beta":false,"boss_relics":[{"not_picked":["ReplayTheSpireMod:DimensionalGlitch","Velvet Choker"],"picked":"aspiration:RandomNobGenerator"}],"items_purged_floors":[11],"is_endless":false,"potions_floor_spawned":[3,5,10,16],"killed_by":"Gremlin Leader","ascension_level":3}}