{"host":"17xjy7b7ubl548g2","time":1610605237,"event":{"mods":["2.2 Compatiblity","Act Like it!","Aspiration","Astrologer","Bard","BaseMod","Bestiary","Challenge The Spire","ChefMod","Colored Map","Conspire","Elementarium","Energized Spire","Gensokyo","GifTheSpireLib","Halation","Hallownest","Hubris","Infinite Spire","Jedi Mod","Jorbs\u0027s Wanderer Trilogy","Marisa（霧雨　魔理沙）","Marked Mod","Menagerie","Minty Spire (QoL Compilation)","Pale of the Ancients","Permanent Neow","Puzzle Mod","Replay The Spire","Robot Space Explorer","Spicy Shops","StSLib","Stuff the Spire","The Blue Laboratory","The Bug Knight","The Construct","The Disciple","The Factory","The Hayseed","The Hierophant","The Marked","The Runesmith","The Sage","TheFirefly"],"gold_per_floor":[114,114,114,126,176,176,211,211,211,141,29,55,67,83,83,160,160,172,27,41,41,54,54,82,82,82,113,129,139,169,181,181,253,253,267,277,292,35,49,49,74,74,156,171,171,205,205,253,253,253],"floor_reached":51,"language":"ENG","playtime":4637,"items_purged":["Strike_P","jedi:BattleThirst"],"score":1917,"play_id":"a573101c-a40e-40d8-b81f-d9eba22ebcee","local_time":"20210114012037","is_ascension_mode":true,"campfire_choices":[{"data":"Eruption","floor":6.0,"key":"SMITH"},{"data":"Vigilance","floor":8.0,"key":"SMITH"},{"data":"Meditate","floor":15.0,"key":"SMITH"},{"data":"TalkToTheHand","floor":23.0,"key":"SMITH"},{"floor":25.0,"key":"REST"},{"data":"WaveOfTheHand","floor":32,"key":"SMITH"},{"data":"Wish","floor":40,"key":"SMITH"},{"data":"Gensokyo:CrescentMoonSlash","floor":42,"key":"SMITH"},{"data":"TalkToTheHand","floor":45,"key":"SMITH"},{"data":"Tantrum","floor":49,"key":"SMITH"}],"circlet_count":0,"master_deck":["AscendersBane","Strike_P","Strike_P","Strike_P","Defend_P","Defend_P","Defend_P","Defend_P","Eruption+1","Vigilance+1","Replay:DivineShield","Gensokyo:CrescentMoonSlash+1","Conclude","FlurryOfBlows","JustLucky","WheelKick","Meditate+1","CutThroughFate+1","CarveReality","DeusExMachina","TalkToTheHand+1","Halt","Protect","Perseverance","TalkToTheHand+1","WaveOfTheHand+1","Tantrum+1","DevaForm","Swivel+1","DeceiveReality","ReachHeaven","Wish+1","Perseverance","TalkToTheHand+1"],"relics":["PureWater","hubris:MysteriousPyramids","StrikeDummy","Chameleon Ring","PreservedInsect","infinitespire:Lucky Rock","Sozu","HollowMod:JonisBlessing","Thread and Needle","Akabeko","Dream Catcher","Replay:Baseball","Tiny Chest","Snecko Eye","jedi:crownofsimplicity","Blood Vial","hubris:BottledRain","FossilizedHelix","hubris:ToyBattleship"],"acts_visited":["Exordium","Gensokyo:Gensokyo","Gensokyo:Gensokyoer"],"potions_floor_usage":[50],"damage_taken":[{"damage":7.0,"enemies":"Gensokyo:3_Fairies","floor":1.0,"turns":4.0},{"damage":1.0,"enemies":"Gensokyo:Python","floor":4.0,"turns":4.0},{"damage":0.0,"enemies":"Gensokyo:Cirno","floor":7.0,"turns":4.0},{"damage":0.0,"enemies":"Gensokyo:Mamizou","floor":12.0,"turns":3.0},{"damage":4.0,"enemies":"Gensokyo:Gryphon","floor":13.0,"turns":3.0},{"damage":3.0,"enemies":"Gensokyo:5_Fairies","floor":14.0,"turns":3.0},{"damage":0.0,"enemies":"Gensokyo:Yukari","floor":16.0,"turns":5.0},{"damage":16.0,"enemies":"Gensokyo:3_Dogs","floor":18.0,"turns":3.0},{"damage":8.0,"enemies":"Gensokyo:CosmicMonolith","floor":20.0,"turns":3.0},{"damage":0.0,"enemies":"Gensokyo:Slime_Group","floor":22.0,"turns":3.0},{"damage":34.0,"enemies":"Gensokyo:Tenshi","floor":24.0,"turns":4.0},{"damage":0.0,"enemies":"Gensokyo:Koishi","floor":27.0,"turns":5.0},{"damage":0.0,"enemies":"Gensokyo:Swordslinger","floor":28.0,"turns":4.0},{"damage":0,"enemies":"Gensokyo:Chomper_and_Gloop","floor":29,"turns":3},{"damage":1,"enemies":"Gensokyo:Tenshi","floor":30,"turns":4},{"damage":0,"enemies":"Gensokyo:3_Gloops","floor":31,"turns":2},{"damage":0,"enemies":"Gensokyo:Eternal_Rivals","floor":33,"turns":7},{"damage":0,"enemies":"Gensokyo:AncientGuardian","floor":35,"turns":2},{"damage":0,"enemies":"Gensokyo:3_Boulders","floor":36,"turns":4},{"damage":0,"enemies":"Gensokyo:4_Bats","floor":37,"turns":4},{"damage":7,"enemies":"Gensokyo:Sharpion","floor":39,"turns":3},{"damage":0,"enemies":"Gensokyo:Doremy","floor":41,"turns":4},{"damage":0,"enemies":"Gensokyo:Dusk_and_Dawn","floor":44,"turns":3},{"damage":0,"enemies":"Gensokyo:Kasen","floor":46,"turns":3},{"damage":0,"enemies":"Gensokyo:Scarlet_Devils","floor":50,"turns":5}],"seed_played":"7176392479043806853","potions_obtained":[{"floor":7.0,"key":"blueLaboratory:PressurePotion"},{"floor":12.0,"key":"blueLaboratory:RememoryPotion"},{"floor":14.0,"key":"blueLaboratory:ExaltedPotion"}],"is_trial":false,"path_per_floor":["M","?","?","M","?","R","E","R","T","?","$","E","M","M","R","B",null,"M","COS","M","?","M","R","E","R","T","E","M","M","E","M","R","B",null,"M","M","M","$","M","R","E","R","T","M","R","E","?","T","R","B",null],"character_chosen":"WATCHER","items_purchased":["WheelKick","jedi:crownofsimplicity"],"campfire_rested":1,"item_purchase_floors":[11,38],"current_hp_per_floor":[54,41,41,40,40,40,40,40,40,40,40,40,36,33,33,33,59,43,43,35,35,35,35,1,21,21,21,21,21,20,20,20,20,56,56,56,56,56,49,49,49,49,49,49,49,49,49,49,49,49],"gold":253,"neow_bonus":"THREE_CARDS","is_daily":false,"chose_seed":false,"campfire_upgraded":9,"win_rate":0.0,"timestamp":1610605237,"path_taken":["M","?","?","M","?","R","E","R","T","?","?","E","?","M","R","BOSS","M","COS","M","?","M","R","E","R","T","E","M","M","E","M","R","BOSS","M","M","M","?","?","R","E","R","T","M","R","E","?","?","R","BOSS"],"items_purchased_type":["Card","Relic"],"build_version":"2020-12-22","purchased_purges":2,"victory":true,"max_hp_per_floor":[68,68,68,68,68,68,68,68,68,68,68,68,68,68,68,68,68,68,68,68,68,68,68,68,68,68,68,68,68,68,68,68,68,68,68,68,68,68,68,68,68,68,68,68,68,68,68,68,68,68],"card_choices":[{"not_picked":["ClearTheMind","JustLucky"],"picked":"Replay:DivineShield","floor":0.0},{"not_picked":["MarkedMod:FirstStrike","Worship","Replay:AtTheReady"],"picked":"SKIP","floor":1.0},{"not_picked":["EmptyMind","Evaluate"],"picked":"Conclude","floor":4.0},{"not_picked":["Swivel","InnerPeace"],"picked":"FlurryOfBlows","floor":5.0},{"not_picked":["Vengeance","FlyingSleeves"],"picked":"JustLucky","floor":5.0},{"not_picked":["Replay:Cycle","MarkedMod:FirstStrike","Pray"],"picked":"SKIP","floor":7.0},{"not_picked":["Omniscience","Replay:DivineShield"],"picked":"Meditate","floor":12.0},{"not_picked":["EmptyFist","Replay:BluntJabs"],"picked":"CutThroughFate","floor":13.0},{"not_picked":["MarkedMod:Acupuncture","SashWhip"],"picked":"CarveReality","floor":14.0},{"not_picked":["Brilliance","Omniscience"],"picked":"DeusExMachina","floor":16.0},{"not_picked":["ThirdEye+1","JustLucky"],"picked":"TalkToTheHand","floor":18.0},{"not_picked":["FlurryOfBlows","BattleHymn+1"],"picked":"Halt","floor":20.0},{"not_picked":["Replay:Hum","MarkedMod:GentlePulse"],"picked":"Protect","floor":22.0},{"not_picked":["CutThroughFate","Replay:Vibes","EmptyFist"],"picked":"SKIP","floor":24.0},{"not_picked":["BowlingBash","ForeignInfluence"],"picked":"Perseverance","floor":27.0},{"not_picked":["ForeignInfluence","Replay:Vibes+1"],"picked":"TalkToTheHand+1","floor":28.0},{"not_picked":["MarkedMod:FirstStrike","MarkedMod:GentlePulse","WheelKick"],"picked":"SKIP","floor":29},{"not_picked":["Replay:Anticipation","JustLucky+1"],"picked":"WaveOfTheHand","floor":30},{"not_picked":["Study","ThirdEye"],"picked":"Tantrum","floor":31},{"not_picked":["jedi:nirvanicrebirth","Replay:AllIn"],"picked":"DevaForm","floor":33},{"not_picked":["SashWhip","CutThroughFate"],"picked":"Swivel+1","floor":35},{"not_picked":["JustLucky","CrushJoints"],"picked":"DeceiveReality","floor":36},{"not_picked":["Adaptation","Prostrate+1"],"picked":"ReachHeaven","floor":37},{"not_picked":["PathToVictory+1","EmptyBody"],"picked":"Wish","floor":39},{"not_picked":["Prostrate","Indignation"],"picked":"Perseverance","floor":41},{"not_picked":["Collect","Wireheading"],"picked":"TalkToTheHand","floor":44},{"not_picked":["Crescendo","Replay:LoomingThreat","Tantrum"],"picked":"SKIP","floor":46}],"player_experience":1773681,"relics_obtained":[{"floor":5.0,"key":"hubris:MysteriousPyramids"},{"floor":7.0,"key":"StrikeDummy"},{"floor":9.0,"key":"Chameleon Ring"},{"floor":12.0,"key":"infinitespire:Lucky Rock"},{"floor":24.0,"key":"Akabeko"},{"floor":26.0,"key":"Dream Catcher"},{"floor":27.0,"key":"Replay:Baseball"},{"floor":30,"key":"Tiny Chest"},{"floor":41,"key":"Blood Vial"},{"floor":43,"key":"hubris:BottledRain"},{"floor":46,"key":"FossilizedHelix"},{"floor":48,"key":"hubris:ToyBattleship"}],"event_choices":[],"is_beta":false,"boss_relics":[{"not_picked":["Tiny House","SacredBark"],"picked":"Sozu"},{"not_picked":["Pandora\u0027s Box","aspiration:RunesmithSkillbook"],"picked":"Snecko Eye"}],"items_purged_floors":[11,38],"is_endless":false,"potions_floor_spawned":[7,12,14,20,22,27,33,36,37,41,46],"ascension_level":18}}