{"host":"ueef25wtkg2eer3h","time":1610618577,"event":{"mods":["AchievementEnabler","BaseMod","Colored Map","Colored Powertips","DeckTracker","Displayed Cursed Tome","Googly Eyes","Highlight Path","Minty Spire (QoL Compilation)","Slay the Relics Exporter","StSLib"],"gold_per_floor":[34,34,34,34,73,73,106,106,133,133,133,167,167,217,217,373,373,397,3,24,24,24],"floor_reached":21,"language":"ENG","playtime":834,"items_purged":["Pain"],"score":296,"play_id":"9e888623-ad57-4bd6-be09-53e5cab5eda1","local_time":"20210114110257","is_ascension_mode":true,"campfire_choices":[{"data":"HandOfGreed","floor":6,"key":"SMITH"},{"floor":8,"key":"REST"},{"floor":13,"key":"REST"},{"floor":15,"key":"REST"}],"circlet_count":0,"master_deck":["AscendersBane","Strike_B","Strike_B","Strike_B","Strike_B","Defend_B","Defend_B","Defend_B","Defend_B","Zap","Dualcast","HandOfGreed+1","Sweeping Beam","Beam Cell","Sweeping Beam","Ball Lightning","Echo Form","Electrodynamics","Force Field","Capacitor","Go for the Eyes","Turbo","Coolheaded"],"relics":["Cracked Core","Golden Idol","Art of War","Gremlin Horn","Potion Belt","WarpedTongs","Happy Flower","SlaversCollar","Ancient Tea Set"],"acts_visited":["Exordium","TheCity"],"potions_floor_usage":[],"damage_taken":[{"damage":2,"enemies":"Jaw Worm","floor":1,"turns":3},{"damage":2,"enemies":"Small Slimes","floor":5,"turns":3},{"damage":29,"enemies":"Lagavulin","floor":7,"turns":5},{"damage":23,"enemies":"Gremlin Nob","floor":12,"turns":4},{"damage":1,"enemies":"2 Louse","floor":14,"turns":2},{"damage":46,"enemies":"Hexaghost","floor":16,"turns":8},{"damage":26,"enemies":"Chosen","floor":18,"turns":4},{"damage":23,"enemies":"Spheric Guardian","floor":20,"turns":5},{"damage":11,"enemies":"Snake Plant","floor":21,"turns":1}],"seed_played":"7654800783839218413","potions_obtained":[{"floor":5,"key":"Ancient Potion"},{"floor":7,"key":"PotionOfCapacity"},{"floor":18,"key":"DuplicationPotion"}],"is_trial":false,"path_per_floor":["M","$","?","?","M","R","E","R","T","?","?","E","R","M","R","B",null,"M","$","M","M"],"character_chosen":"DEFECT","items_purchased":["Capacitor","Go for the Eyes","Turbo","Ancient Tea Set"],"campfire_rested":3,"item_purchase_floors":[19,19,19,19],"current_hp_per_floor":[66,66,48,48,46,46,17,39,39,32,32,9,31,30,52,6,58,32,32,9,0,0],"gold":24,"neow_bonus":"RANDOM_COLORLESS_2","is_daily":false,"chose_seed":false,"campfire_upgraded":1,"win_rate":0.0,"timestamp":1610618577,"path_taken":["M","$","?","?","M","R","E","R","T","?","?","E","R","?","R","BOSS","M","$","M","M"],"items_purchased_type":["Card","Card","Card","Relic"],"build_version":"2020-12-22","purchased_purges":1,"victory":false,"max_hp_per_floor":[75,75,75,75,75,75,75,75,75,75,75,75,75,75,75,75,75,75,75,75,75,75],"card_choices":[{"not_picked":["The Bomb","Apotheosis"],"picked":"HandOfGreed","floor":0},{"not_picked":["Genetic Algorithm","Blizzard"],"picked":"Sweeping Beam","floor":1},{"not_picked":["Recycle","Doom and Gloom"],"picked":"Beam Cell","floor":5},{"not_picked":["Meteor Strike","Leap"],"picked":"Sweeping Beam","floor":7},{"not_picked":["Streamline","Lockon"],"picked":"Ball Lightning","floor":12},{"not_picked":["Tempest","Rebound"],"picked":"Echo Form","floor":14},{"not_picked":["Machine Learning","Amplify"],"picked":"Electrodynamics","floor":16},{"not_picked":["Redo","Coolheaded+1"],"picked":"Force Field","floor":18},{"not_picked":["Leap","Go for the Eyes+1"],"picked":"Coolheaded","floor":20}],"player_experience":281613,"relics_obtained":[{"floor":7,"key":"Gremlin Horn"},{"floor":9,"key":"Potion Belt"},{"floor":12,"key":"Happy Flower"}],"event_choices":[{"damage_healed":0,"gold_gain":0,"player_choice":"Take Damage","damage_taken":18,"relics_obtained":["Golden Idol"],"max_hp_gain":0,"max_hp_loss":0,"event_name":"Golden Idol","floor":3,"gold_loss":0},{"damage_healed":0,"gold_gain":0,"player_choice":"Box","damage_taken":0,"relics_obtained":["Art of War"],"max_hp_gain":0,"max_hp_loss":0,"event_name":"Big Fish","floor":4,"gold_loss":0,"cards_obtained":["Regret"]},{"cards_removed":["Regret"],"damage_healed":0,"gold_gain":0,"player_choice":"Card Removal","damage_taken":7,"max_hp_gain":0,"max_hp_loss":0,"event_name":"Golden Wing","floor":10,"gold_loss":0},{"damage_healed":0,"gold_gain":0,"player_choice":"Rummage","damage_taken":0,"relics_obtained":["WarpedTongs"],"max_hp_gain":0,"max_hp_loss":0,"event_name":"Accursed Blacksmith","floor":11,"gold_loss":0,"cards_obtained":["Pain"]}],"is_beta":false,"boss_relics":[{"not_picked":["Ectoplasm","Astrolabe"],"picked":"SlaversCollar"}],"items_purged_floors":[19],"is_endless":false,"potions_floor_spawned":[5,7,18],"killed_by":"Snake Plant","ascension_level":12}}