{"host":"sc0o2qwpf9j16a4i","time":1610664039,"event":{"mods":["AchievementEnabler","BaseMod","BetterRewards","Block Reminder","Colored Map","Colored Powertips","Custom Start","Highlight Path","Minty Spire (QoL Compilation)","Relic Stats"],"gold_per_floor":[110,35,52,72,90,90,105,139,139,153,153,182,182,63,63,139,139,157,134,159,2,17,17,17,0,47,47,47,47,47,58,58,133,133,143,161,175,225,237,253,253,253],"floor_reached":41,"language":"ENG","playtime":1546,"items_purged":["Strike_G"],"score":860,"play_id":"df445cc0-f0c9-433d-8784-d5e13722cf27","local_time":"20210115004039","is_ascension_mode":true,"campfire_choices":[{"data":"All Out Attack","floor":6,"key":"SMITH"},{"floor":11,"key":"REST"},{"floor":15,"key":"REST"},{"floor":23,"key":"REST"},{"floor":27,"key":"REST"},{"floor":29,"key":"REST"},{"data":"Catalyst","floor":32,"key":"SMITH"}],"circlet_count":0,"master_deck":["AscendersBane","Strike_G","Strike_G","Strike_G","Defend_G","Defend_G","Defend_G","Defend_G","Defend_G","Survivor","Neutralize+1","All Out Attack+1","Noxious Fumes","Bouncing Flask","Bane","Poisoned Stab","Deadly Poison","Flying Knee","Catalyst+1","Venomology","Dodge and Roll","Blur","Crippling Poison","Catalyst","Storm of Steel","Blade Dance+1","Well Laid Plans+1","Acrobatics+1","Noxious Fumes+1"],"relics":["Ring of the Snake","Akabeko","Ornamental Fan","Dead Branch","Busted Crown","MealTicket","Oddly Smooth Stone","Nilry\u0027s Codex","Fusion Hammer"],"acts_visited":["Exordium","TheCity","TheBeyond"],"potions_floor_usage":[8,16,18,19,22,33,35,36,37,37,40,40,40],"damage_taken":[{"damage":0,"enemies":"Jaw Worm","floor":1,"turns":6},{"damage":0,"enemies":"2 Louse","floor":3,"turns":2},{"damage":0,"enemies":"Cultist","floor":4,"turns":4},{"damage":1,"enemies":"2 Fungi Beasts","floor":5,"turns":5},{"damage":12,"enemies":"Large Slime","floor":7,"turns":8},{"damage":15,"enemies":"3 Sentries","floor":8,"turns":6},{"damage":7,"enemies":"Looter","floor":10,"turns":3},{"damage":26,"enemies":"Lagavulin","floor":12,"turns":4},{"damage":50,"enemies":"Slime Boss","floor":16,"turns":9},{"damage":18,"enemies":"Spheric Guardian","floor":18,"turns":4},{"damage":13,"enemies":"2 Thieves","floor":19,"turns":4},{"damage":20,"enemies":"Snake Plant","floor":22,"turns":3},{"damage":13,"enemies":"Centurion and Healer","floor":31,"turns":8},{"damage":4,"enemies":"Champ","floor":33,"turns":10},{"damage":2,"enemies":"3 Darklings","floor":35,"turns":6},{"damage":0,"enemies":"3 Shapes","floor":36,"turns":6},{"damage":13,"enemies":"Maw","floor":37,"turns":7},{"damage":0,"enemies":"4 Shapes","floor":39,"turns":3},{"damage":2,"enemies":"Transient","floor":40,"turns":6},{"damage":69,"enemies":"Nemesis","floor":41,"turns":6}],"seed_played":"-6038934415503183026","potions_obtained":[{"floor":5,"key":"Energy Potion"},{"floor":7,"key":"BlessingOfTheForge"},{"floor":8,"key":"BlessingOfTheForge"},{"floor":13,"key":"FairyPotion"},{"floor":31,"key":"LiquidMemories"},{"floor":37,"key":"SkillPotion"}],"is_trial":false,"path_per_floor":["M","?","M","M","M","R","M","E","T","M","R","E","?","$","R","B",null,"M","M","T","$","M","R","?","?","T","R","?","R","$","M","R","B",null,"M","M","M","?","M","M","E"],"character_chosen":"THE_SILENT","items_purchased":["Catalyst","Crippling Poison","DistilledChaos"],"campfire_rested":5,"item_purchase_floors":[14,21,21],"current_hp_per_floor":[59,59,59,59,58,58,46,31,31,24,43,17,17,17,36,6,51,33,20,20,35,15,34,34,34,34,53,32,51,66,53,53,49,62,60,60,47,47,47,60,0,0],"gold":253,"neow_bonus":"UPGRADE_CARD","is_daily":false,"chose_seed":false,"campfire_upgraded":2,"win_rate":0.0,"timestamp":1610664039,"path_taken":["M","?","M","M","M","R","M","E","T","M","R","E","?","$","R","BOSS","M","M","?","$","M","R","?","?","T","R","?","R","?","M","R","BOSS","M","M","M","?","?","M","E"],"items_purchased_type":["Card","Card","Potion"],"build_version":"2020-12-22","purchased_purges":1,"victory":false,"max_hp_per_floor":[66,66,66,66,66,66,66,66,66,66,66,66,66,66,66,66,66,66,66,66,66,66,66,66,66,66,66,66,66,66,66,66,66,66,66,66,66,66,66,66,66,66],"relic_stats":{"Busted Crown":20,"counters":[20,110],"Ornamental Fan":[128],"Dead Branch":[112],"MealTicket":30,"obtain_stats":[{"Busted Crown":17,"Ornamental Fan":9,"Nilry\u0027s Codex":28,"Dead Branch":12,"Oddly Smooth Stone":26,"MealTicket":20,"Fusion Hammer":34,"Akabeko":8,"Ring of the Snake":0},{"Busted Crown":9,"Ornamental Fan":6,"Nilry\u0027s Codex":12,"Dead Branch":8,"Oddly Smooth Stone":12,"MealTicket":11,"Fusion Hammer":14,"Akabeko":6,"Ring of the Snake":0},{"Busted Crown":47,"Ornamental Fan":31,"Nilry\u0027s Codex":58,"Dead Branch":38,"Oddly Smooth Stone":58,"MealTicket":55,"Fusion Hammer":76,"Akabeko":31,"Ring of the Snake":0}],"Ring of the Snake":[40]},"card_choices":[{"not_picked":["Outmaneuver","Dagger Throw"],"picked":"All Out Attack","floor":1},{"not_picked":["Bane","Finisher"],"picked":"Noxious Fumes","floor":3},{"not_picked":["Leg Sweep","Distraction","Acrobatics"],"picked":"SKIP","floor":4},{"not_picked":["Noxious Fumes","Underhanded Strike"],"picked":"Bouncing Flask","floor":5},{"not_picked":["Prepared","Noxious Fumes"],"picked":"Bane","floor":7},{"not_picked":["Flying Knee","Choke"],"picked":"Poisoned Stab","floor":8},{"not_picked":["Terror","Setup"],"picked":"Deadly Poison","floor":10},{"not_picked":["Tools of the Trade","Dodge and Roll"],"picked":"Flying Knee","floor":12},{"not_picked":["Doppelganger","Phantasmal Killer"],"picked":"Venomology","floor":16},{"not_picked":[],"picked":"Dodge and Roll","floor":18},{"not_picked":[],"picked":"Blur","floor":19},{"not_picked":[],"picked":"Catalyst","floor":22},{"not_picked":["Skewer"],"picked":"SKIP","floor":31},{"not_picked":[],"picked":"Storm of Steel","floor":33},{"not_picked":[],"picked":"Blade Dance+1","floor":35},{"not_picked":[],"picked":"Well Laid Plans+1","floor":36},{"not_picked":[],"picked":"Acrobatics+1","floor":37},{"not_picked":[],"picked":"Noxious Fumes+1","floor":39},{"not_picked":["Poisoned Stab"],"picked":"SKIP","floor":40}],"player_experience":645271,"relics_obtained":[{"floor":8,"key":"Akabeko"},{"floor":9,"key":"Ornamental Fan"},{"floor":12,"key":"Dead Branch"},{"floor":20,"key":"MealTicket"},{"floor":26,"key":"Oddly Smooth Stone"},{"floor":28,"key":"Nilry\u0027s Codex"}],"event_choices":[{"cards_removed":["Strike_G"],"damage_healed":0,"gold_gain":0,"player_choice":"Card Removal","damage_taken":0,"max_hp_gain":0,"max_hp_loss":0,"event_name":"The Cleric","floor":2,"gold_loss":75},{"damage_healed":0,"gold_gain":0,"player_choice":"Got Potions","damage_taken":0,"max_hp_gain":0,"max_hp_loss":0,"event_name":"Lab","floor":13,"gold_loss":0},{"damage_healed":0,"gold_gain":0,"player_choice":"Ignored","damage_taken":0,"max_hp_gain":0,"max_hp_loss":0,"event_name":"The Mausoleum","floor":24,"gold_loss":0},{"damage_healed":0,"gold_gain":0,"player_choice":"Paid Fearfully","damage_taken":0,"max_hp_gain":0,"max_hp_loss":0,"event_name":"Masked Bandits","floor":25,"gold_loss":17},{"damage_healed":0,"gold_gain":0,"player_choice":"Obtained Book","damage_taken":21,"max_hp_gain":0,"max_hp_loss":0,"event_name":"Cursed Tome","floor":28,"gold_loss":0},{"damage_healed":0,"gold_gain":50,"player_choice":"Pray","damage_taken":0,"max_hp_gain":0,"max_hp_loss":0,"event_name":"Golden Shrine","floor":38,"gold_loss":0}],"is_beta":false,"boss_relics":[{"not_picked":["Calling Bell","Ectoplasm"],"picked":"Busted Crown"},{"not_picked":["Coffee Dripper","Velvet Choker"],"picked":"Fusion Hammer"}],"items_purged_floors":[14],"is_endless":false,"potions_floor_spawned":[5,7,8,10,12,31,33,36,37,39],"killed_by":"Nemesis","ascension_level":20}}