{"host":"u3jctbsl7uavviuy","time":1610622959,"event":{"mods":["ATMod(阿瑾Mod)","Arknights The Spire","BaseMod","BetterRewards","GungeonMod","HololiveMod","Luminous","Marisa（F雨　魔理沙）","Minty Spire (QoL Compilation)","Relic Stats","Replay The Spire","Shop Mod","Spicy Shops","StSLib","TestMod","The Animator","The Cursed","The Gatherer","The Servant 0.9.4","WarShipGirlsR/战舰少女R mod","vexMod","篝火指南"],"gold_per_floor":[112,130,130,149,169,201,218,232,259,285,297,309,351,381,393,480,492,516,582,607,637,649,687,718,760,772,812,843,869,881,910,922,1011,1023,1050,1073,1103,1141,1165,1177,1519,1406,1429,1459,1469,1496,1516,1532,555,555,555,555,135,47,79,79],"floor_reached":57,"language":"ZHS","playtime":1675,"items_purged":["Strike_R","Bash","Abandon+1","Entrench+1"],"score":4389,"play_id":"7dbe8e83-94b4-402b-9507-9fb455a5ae27","local_time":"20210114201559","is_ascension_mode":true,"campfire_choices":[{"data":"ReplayTheSpireMod:Limb From Limb","floor":11.0,"key":"SMITH"},{"data":"AT_ShrugMaster","floor":15.0,"key":"SMITH"},{"floor":30.0,"key":"RECALL"},{"data":"Limit Break","floor":32.0,"key":"SMITH"},{"data":"Heavy Blade","floor":40,"key":"SMITH"}],"circlet_count":0,"master_deck":["AscendersBane","Strike_R","Strike_R","Strike_R","Strike_R","ReplayTheSpireMod:Limb From Limb+1","Rage","Rage","Thunderclap","Heavy Blade+1","Inflame","Clash","Feel No Pain","Clash","Uppercut","Headbutt","Double Tap","AT_ShrugMaster+1","Limit Break+1","Flex","Whirlwind","Reaper","Run Through+1","Massacre+1","Clash+1","Apotheosis+1"],"relics":["Burning Blood","testmod-TestBox","AT_ATBox","testmod-PortableAltar","King of Hearts","Blue Candle","AT_BladeRuinedKing","Paper Frog","Tiny Chest","vexMod:PlasmaPancake","Medical Kit","Happy Flower","Lantern","Replay:Ringing Soul","ClockworkSouvenir","Vajra","Hololive_LightStick","DemoMod:Relodestone","Omamori","AT_SunfireAegis","testmod-IndustrialRevolution","Replay:Bottled Steam","DemoMod:ChaffGrenade","DemoMod:MonsterBlood","Blue Doll","Toy Ornithopter","Shuriken","MerchantsRug","AT_ChloranthyRing","Replay:Rubber Ducky","DemoMod:Metronome","DemoMod:PartiallyEatenCheese","ReplayTheSpireMod:Spearhead"],"acts_visited":["Exordium","TheCity","TheBeyond","TheEnding"],"potions_floor_usage":[56,56],"damage_taken":[{"damage":2.0,"enemies":"Cultist","floor":1.0,"turns":2.0},{"damage":3.0,"enemies":"Small Slimes","floor":2.0,"turns":2.0},{"damage":2.0,"enemies":"Jaw Worm","floor":4.0,"turns":1.0},{"damage":0.0,"enemies":"Red Slaver","floor":5.0,"turns":1.0},{"damage":1.0,"enemies":"Lagavulin","floor":6.0,"turns":2.0},{"damage":0.0,"enemies":"Exordium Wildlife","floor":7.0,"turns":1.0},{"damage":0.0,"enemies":"Large Slime","floor":8.0,"turns":1.0},{"damage":0.0,"enemies":"3 Sentries","floor":10.0,"turns":2.0},{"damage":0.0,"enemies":"Gremlin Nob","floor":13.0,"turns":1.0},{"damage":0.0,"enemies":"Looter","floor":14.0,"turns":1.0},{"damage":0.0,"enemies":"Fading Forest","floor":16.0,"turns":10.0},{"damage":0.0,"enemies":"Shell Parasite","floor":18.0,"turns":2.0},{"damage":0.0,"enemies":"Chosen","floor":20.0,"turns":2.0},{"damage":0.0,"enemies":"Centurion and Healer","floor":21.0,"turns":1.0},{"damage":0.0,"enemies":"Book of Stabbing","floor":23.0,"turns":2.0},{"damage":0.0,"enemies":"3 Cultists","floor":24.0,"turns":2.0},{"damage":0.0,"enemies":"Gremlin Leader","floor":25.0,"turns":2.0},{"damage":0.0,"enemies":"Book of Stabbing","floor":27.0,"turns":2.0},{"damage":0.0,"enemies":"Snecko","floor":28.0,"turns":2.0},{"damage":0.0,"enemies":"Cultist and Chosen","floor":29.0,"turns":1.0},{"damage":0.0,"enemies":"Snake Plant","floor":31.0,"turns":1.0},{"damage":0.0,"enemies":"Automaton","floor":33.0,"turns":4.0},{"damage":8.0,"enemies":"3 Shapes","floor":35.0,"turns":2.0},{"damage":0.0,"enemies":"3 Darklings","floor":36.0,"turns":1.0},{"damage":0.0,"enemies":"Jaw Worm Horde","floor":37.0,"turns":1.0},{"damage":0.0,"enemies":"Sphere and 2 Shapes","floor":39.0,"turns":2.0},{"damage":0,"enemies":"Reptomancer","floor":41,"turns":2},{"damage":0,"enemies":"Giant Head","floor":44,"turns":3},{"damage":0,"enemies":"Maw","floor":45,"turns":3},{"damage":16,"enemies":"Nemesis","floor":46,"turns":3},{"damage":7,"enemies":"4 Shapes","floor":47,"turns":1},{"damage":0,"enemies":"Transient","floor":48,"turns":4},{"damage":0,"enemies":"Awakened One","floor":50,"turns":4},{"damage":0,"enemies":"Time Eater","floor":51,"turns":3},{"damage":0,"enemies":"Shield and Spear","floor":55,"turns":1},{"damage":0,"enemies":"The Heart","floor":56,"turns":6}],"seed_played":"6143161778072076451","potions_obtained":[{"floor":1.0,"key":"Venom Potion"},{"floor":4.0,"key":"AttackPotion"},{"floor":18.0,"key":"Adrenaline Potion"},{"floor":21.0,"key":"testmod-SpacePotion"},{"floor":24.0,"key":"Energy Potion"},{"floor":27.0,"key":"Milkshake"},{"floor":28.0,"key":"ElixirPotion"},{"floor":31.0,"key":"PowerPotion"},{"floor":39.0,"key":"Strength Potion"}],"is_trial":false,"path_per_floor":["M","M","?","M","M","E","M","M","T","E","R","?","E","M","R","B",null,"M","T","M","M","?","E","M","E","T","E","M","M","R","M","R","B",null,"M","M","M","T","M","R","E","$","T","E","M","E","M","M","R","B","B",null,"R","$","E","B",null],"character_chosen":"IRONCLAD","items_purchased":["King of Hearts","ReplayTheSpireMod:Limb From Limb","Rage","Blue Candle","DemoMod:MeatBun","AT_BladeRuinedKing","DollysMirror","Thunderclap","Paper Frog","Tiny Chest","Heavy Blade","vexMod:PlasmaPancake","Lee\u0027s Waffle","Inflame","Clash","Medical Kit","Happy Flower","Lantern","Replay:Ringing Soul","AT_BellDemon","Strawberry","ClockworkSouvenir","Vajra","Feel No Pain","Shuriken","testmod-MagicalMallet","MerchantsRug","AT_ChloranthyRing","DemoMod:PinkGuonStone","Replay:Rubber Ducky","DemoMod:Metronome","DemoMod:PartiallyEatenCheese","Apotheosis+1"],"campfire_rested":0,"item_purchase_floors":[0,0,0,0,0,0,0,0,0,0,0,0,0,0,0,0,0,0,0,0,0,0,0,0,49,49,49,49,49,49,53,53,54],"current_hp_per_floor":[97,99,101,103,102,104,103,102,101,100,99,98,100,99,98,100,99,101,100,102,101,100,99,98,97,96,95,94,93,92,91,90,92,94,94,95,94,100,99,98,97,96,95,94,93,82,81,90,97,98,97,96,95,97,96,95],"gold":79,"neow_bonus":"","is_daily":false,"chose_seed":false,"campfire_upgraded":4,"win_rate":0.0,"timestamp":1610622959,"path_taken":["M","M","?","M","M","E","M","?","T","E","R","?","E","M","R","BOSS","M","?","M","?","?","E","M","E","T","E","M","M","R","M","R","BOSS","M","M","M","?","M","R","E","$","T","E","M","E","M","M","R","BOSS","BOSS","R","$","E","BOSS"],"items_purchased_type":["Relic","Card","Card","Relic","Relic","Relic","Relic","Card","Relic","Relic","Card","Relic","Relic","Card","Card","Relic","Relic","Relic","Relic","Relic","Relic","Relic","Relic","Card","Relic","Relic","Relic","Relic","Relic","Relic","Relic","Relic","Card"],"build_version":"2020-12-22","purchased_purges":4,"victory":true,"max_hp_per_floor":[97,99,101,103,102,104,103,102,101,100,99,98,100,99,98,100,99,101,100,102,101,100,99,98,97,96,95,94,93,92,91,90,92,94,96,95,94,100,99,98,97,96,95,94,93,92,91,93,99,98,97,96,95,97,96,95],"relic_stats":{"Happy Flower":[27],"counters":[288,1131],"Shuriken":[6],"Blue Candle":[8],"Tiny Chest":1,"Medical Kit":[1],"obtain_stats":[{"Replay:Accelerometer":9,"testmod-HeartOfStrike":43,"vexMod:MemoryStick":12,"DemoMod:AgedBell":10,"AT_ATBox":0,"Whetstone":49,"Sling":0,"Old Coin":41,"Blood Vial":29,"vexMod:InvisibilityCloak":9,"Replay:Ringing Soul":0,"testmod-Prudence":17,"vexMod:CardConverter":17,"Sundial":28,"vexMod:EndlessSickness":34,"DemoMod:LamentConfigurum":0,"DemoMod:MeltedRock":28,"Fusion Hammer":34,"Replay:Bottled Steam":40,"MerchantsRug":0,"testmod-TestBox":0,"Pear":45,"Blue Candle":0,"Counterbalance":54,"Eternal Feather":0,"Pen Nib":25,"Replay:Ancient Bell":17,"vexMod:GhostlyGear":0,"DemoMod:GundromedaStrain":42,"DemoMod:MeatBun":53,"Ooze Armor":17,"MutagenicStrength":22,"DemoMod:SerJunkan":26,"Mark of Pain":17,"DemoMod:Relodestone":13,"AT_BellDemon":0,"vexMod:PlasmaPancake":0,"Lantern":29,"Regal Pillow":7,"Singing Bowl":0,"testmod-Temperance":17,"DemoMod:BigBoy":24,"Magic Flower":0,"testmod-EqualTreatment":27,"Blue Doll":31,"King of Hearts":0,"Bag of Preparation":0,"Burning Blood":0,"testmod-CasingShield":32,"Pet Ghost":40,"Replay:Rubber Ducky":19,"Matryoshka":27,"Toolbox":37,"testmod-ObsoleteBoomerang":3,"testmod-DeterminationOfClimber":34,"Chemical X":0,"Replay:Bottled Eggs":21,"Paper Frog":0,"Potion Belt":40,"AT_ChloranthyRing":49,"Lee\u0027s Waffle":31,"Golden Idol":5,"DemoMod:Antibody":17,"DemoMod:PartiallyEatenCheese":53,"DemoMod:PinkGuonStone":49,"The Courier":10,"Omamori":0,"Frozen Egg 2":0,"testmod-ConstraintPeriapt":6,"MawBank":40,"testmod-Hope":43,"Orrery":20,"Garlic":30,"Art of War":19,"Durian":39,"Bottled Lightning":8,"testmod-BalancedPeriapt":26,"AT_SunfireAegis":23,"ReplayTheSpireMod:Lightbulb":11,"Toy Ornithopter":27,"DemoMod:GreenGuonStone":28,"Ice Cream":38,"Divine Protection":23,"Tiny House":34,"Calipers":13,"Vajra":23,"testmod-BatchProcessingSystem":8,"testmod-IWantAll":0,"DemoMod:GlassGuonStoneRelic":8,"testmod-PortableAltar":0,"Sozu":17,"Centennial Puzzle":44,"HornCleat":43,"DollysMirror":0,"DemoMod:MonsterBlood":38,"DemoMod:Metronome":53,"Strawberry":10,"Honey Jar":17,"Prayer Wheel":10,"Philosopher\u0027s Stone":17,"Iron Hammer":14,"DemoMod:ClearGuonStone":17,"Toxic Egg 2":0,"testmod-ChristmasGift":0,"Happy Flower":40,"vexMod:ScavengeHelm":17,"Replay:Grab Bag":17,"DemoMod:ChaffGrenade":27,"Astrolabe":34,"Oddly Smooth Stone":53,"Charon\u0027s Ashes":26,"vexMod:PaidLearning":20,"War Paint":26,"testmod-SaigiyounoYou":17,"testmod-RealStoneCalender":47,"OrangePellets":53,"Replay:Baseball":32,"ReplayTheSpireMod:Spearhead":43,"ReplayTheSpireMod:Shallot":8,"Shuriken":0,"testmod-Acrobat":8,"Onion Ring":6,"Molten Egg 2":0,"Simple Rune":14,"DemoMod:NanoMachines":44,"testmod-MagicalMallet":49,"ReplayTheSpireMod:TigerMarble":17,"Grinning Jar":53,"Mirror":9,"Meat on the Bone":0,"Incense Burner":25,"Juzu Bracelet":44,"testmod-Nyarlathotep":47,"Replay:Mystery Machine":6,"DemoMod:WhiteGuonStone":27,"Empty Cage":31,"testmod-BouquetWithThorns":46,"PrismaticShard":45,"testmod-Charity":39,"ClockworkSouvenir":39,"Replay:Bandana":11,"testmod-CrystalShield":3,"Nunchaku":8,"testmod-Alchemist":14,"testmod-Motorcycle":0,"Gambling Chip":46,"Tiny Chest":0,"testmod-ArcanaOfDestiny":30,"Red Skull":19,"DemoMod:Junk":31,"DemoMod:Armor":44,"BargainBundle":0,"ReplayTheSpireMod:Ninjato":42,"Quantum Egg":42,"Replay:WaspNest":24,"AT_BladeRuinedKing":0,"vexMod:FocusSash":42,"testmod-Justice":0,"Odd Mushroom":11,"testmod-IndustrialRevolution":0,"Medical Kit":0,"White Beast Statue":49,"Mercury Hourglass":9,"vexMod:Dragonfruit":25,"Calling Bell":17,"testmod-Antiphasic":13,"Anchor":0,"Pondfish Scales":10,"CaptainsWheel":11,"Hololive_LightStick":9,"vexMod:BarristanHead":6,"testmod-AssaultLearning":47,"vexMod:HeadHunter":40,"Another Sword":0,"Bag of Marbles":12,"Snack Pack":23,"Membership Card":32,"DemoMod:RingOfEthereal":10},{"Replay:Accelerometer":91,"testmod-HeartOfStrike":134,"vexMod:MemoryStick":6,"DemoMod:AgedBell":119,"AT_ATBox":0,"Whetstone":23,"Sling":56,"Old Coin":279,"Blood Vial":177,"vexMod:InvisibilityCloak":144,"Replay:Ringing Soul":252,"testmod-Prudence":65,"vexMod:CardConverter":158,"Sundial":72,"vexMod:EndlessSickness":43,"DemoMod:LamentConfigurum":56,"DemoMod:MeltedRock":208,"Fusion Hammer":75,"Replay:Bottled Steam":242,"MerchantsRug":113,"testmod-TestBox":0,"Pear":50,"Blue Candle":86,"Counterbalance":220,"Eternal Feather":56,"Pen Nib":13,"Replay:Ancient Bell":122,"vexMod:GhostlyGear":56,"DemoMod:GundromedaStrain":185,"DemoMod:MeatBun":54,"Ooze Armor":149,"MutagenicStrength":68,"DemoMod:SerJunkan":71,"Mark of Pain":171,"DemoMod:Relodestone":261,"AT_BellDemon":252,"vexMod:PlasmaPancake":252,"Lantern":42,"Regal Pillow":60,"Singing Bowl":113,"testmod-Temperance":201,"DemoMod:BigBoy":205,"Magic Flower":86,"testmod-EqualTreatment":126,"Blue Doll":16,"King of Hearts":56,"Bag of Preparation":113,"Burning Blood":0,"testmod-CasingShield":16,"Pet Ghost":108,"Replay:Rubber Ducky":10,"Matryoshka":176,"Toolbox":105,"testmod-ObsoleteBoomerang":163,"testmod-DeterminationOfClimber":103,"Chemical X":0,"Replay:Bottled Eggs":68,"Paper Frog":252,"Potion Belt":215,"AT_ChloranthyRing":284,"Lee\u0027s Waffle":128,"Golden Idol":142,"DemoMod:Antibody":122,"DemoMod:PartiallyEatenCheese":286,"DemoMod:PinkGuonStone":83,"The Courier":196,"Omamori":56,"Frozen Egg 2":0,"testmod-ConstraintPeriapt":28,"MawBank":19,"testmod-Hope":20,"Orrery":35,"Garlic":42,"Art of War":123,"Durian":182,"Bottled Lightning":5,"testmod-BalancedPeriapt":175,"AT_SunfireAegis":267,"ReplayTheSpireMod:Lightbulb":92,"Toy Ornithopter":40,"DemoMod:GreenGuonStone":72,"Ice Cream":106,"Divine Protection":69,"Tiny House":17,"Calipers":63,"Vajra":12,"testmod-BatchProcessingSystem":144,"testmod-IWantAll":0,"DemoMod:GlassGuonStoneRelic":5,"testmod-PortableAltar":0,"Sozu":171,"Centennial Puzzle":110,"HornCleat":216,"DollysMirror":86,"DemoMod:MonsterBlood":277,"DemoMod:Metronome":286,"Strawberry":155,"Honey Jar":33,"Prayer Wheel":91,"Philosopher\u0027s Stone":171,"Iron Hammer":121,"DemoMod:ClearGuonStone":122,"Toxic Egg 2":189,"testmod-ChristmasGift":86,"Happy Flower":46,"vexMod:ScavengeHelm":158,"Replay:Grab Bag":171,"DemoMod:ChaffGrenade":270,"Astrolabe":274,"Oddly Smooth Stone":54,"Charon\u0027s Ashes":13,"vexMod:PaidLearning":202,"War Paint":100,"testmod-SaigiyounoYou":171,"testmod-RealStoneCalender":22,"OrangePellets":250,"Replay:Baseball":16,"ReplayTheSpireMod:Spearhead":109,"ReplayTheSpireMod:Shallot":118,"Shuriken":86,"testmod-Acrobat":29,"Onion Ring":4,"Molten Egg 2":24,"Simple Rune":157,"DemoMod:NanoMachines":186,"testmod-MagicalMallet":284,"ReplayTheSpireMod:TigerMarble":158,"Grinning Jar":84,"Mirror":60,"Meat on the Bone":139,"Incense Burner":71,"Juzu Bracelet":216,"testmod-Nyarlathotep":83,"Replay:Mystery Machine":90,"DemoMod:WhiteGuonStone":101,"Empty Cage":42,"testmod-BouquetWithThorns":83,"PrismaticShard":186,"testmod-Charity":18,"ClockworkSouvenir":18,"Replay:Bandana":62,"testmod-CrystalShield":152,"Nunchaku":166,"testmod-Alchemist":93,"testmod-Motorcycle":0,"Gambling Chip":136,"Tiny Chest":113,"testmod-ArcanaOfDestiny":101,"Red Skull":202,"DemoMod:Junk":74,"DemoMod:Armor":186,"BargainBundle":221,"ReplayTheSpireMod:Ninjato":20,"Quantum Egg":134,"Replay:WaspNest":38,"AT_BladeRuinedKing":252,"vexMod:FocusSash":134,"testmod-Justice":86,"Odd Mushroom":197,"testmod-IndustrialRevolution":86,"Medical Kit":86,"White Beast Statue":23,"Mercury Hourglass":166,"vexMod:Dragonfruit":100,"Calling Bell":158,"testmod-Antiphasic":157,"Anchor":24,"Pondfish Scales":145,"CaptainsWheel":226,"Hololive_LightStick":259,"vexMod:BarristanHead":28,"testmod-AssaultLearning":52,"vexMod:HeadHunter":133,"Another Sword":0,"Bag of Marbles":32,"Snack Pack":98,"Membership Card":16,"DemoMod:RingOfEthereal":61},{"Replay:Accelerometer":385,"testmod-HeartOfStrike":530,"vexMod:MemoryStick":25,"DemoMod:AgedBell":472,"AT_ATBox":0,"Whetstone":96,"Sling":232,"Old Coin":1103,"Blood Vial":760,"vexMod:InvisibilityCloak":571,"Replay:Ringing Soul":1050,"testmod-Prudence":270,"vexMod:CardConverter":695,"Sundial":308,"vexMod:EndlessSickness":180,"DemoMod:LamentConfigurum":232,"DemoMod:MeltedRock":862,"Fusion Hammer":323,"Replay:Bottled Steam":1018,"MerchantsRug":448,"testmod-TestBox":0,"Pear":207,"Blue Candle":366,"Counterbalance":929,"Eternal Feather":232,"Pen Nib":56,"Replay:Ancient Bell":486,"vexMod:GhostlyGear":232,"DemoMod:GundromedaStrain":777,"DemoMod:MeatBun":222,"Ooze Armor":600,"MutagenicStrength":292,"DemoMod:SerJunkan":305,"Mark of Pain":747,"DemoMod:Relodestone":1063,"AT_BellDemon":1050,"vexMod:PlasmaPancake":1050,"Lantern":173,"Regal Pillow":244,"Singing Bowl":448,"testmod-Temperance":837,"DemoMod:BigBoy":853,"Magic Flower":366,"testmod-EqualTreatment":502,"Blue Doll":65,"King of Hearts":232,"Bag of Preparation":448,"Burning Blood":0,"testmod-CasingShield":65,"Pet Ghost":434,"Replay:Rubber Ducky":40,"Matryoshka":758,"Toolbox":428,"testmod-ObsoleteBoomerang":727,"testmod-DeterminationOfClimber":425,"Chemical X":0,"Replay:Bottled Eggs":292,"Paper Frog":1050,"Potion Belt":897,"AT_ChloranthyRing":1117,"Lee\u0027s Waffle":509,"Golden Idol":560,"DemoMod:Antibody":486,"DemoMod:PartiallyEatenCheese":1124,"DemoMod:PinkGuonStone":352,"The Courier":815,"Omamori":232,"Frozen Egg 2":0,"testmod-ConstraintPeriapt":107,"MawBank":82,"testmod-Hope":86,"Orrery":139,"Garlic":173,"Art of War":488,"Durian":770,"Bottled Lightning":22,"testmod-BalancedPeriapt":755,"AT_SunfireAegis":1081,"ReplayTheSpireMod:Lightbulb":390,"Toy Ornithopter":164,"DemoMod:GreenGuonStone":306,"Ice Cream":430,"Divine Protection":295,"Tiny House":71,"Calipers":258,"Vajra":51,"testmod-BatchProcessingSystem":566,"testmod-IWantAll":0,"DemoMod:GlassGuonStoneRelic":22,"testmod-PortableAltar":0,"Sozu":747,"Centennial Puzzle":438,"HornCleat":903,"DollysMirror":366,"DemoMod:MonsterBlood":1099,"DemoMod:Metronome":1124,"Strawberry":654,"Honey Jar":132,"Prayer Wheel":385,"Philosopher\u0027s Stone":747,"Iron Hammer":479,"DemoMod:ClearGuonStone":486,"Toxic Egg 2":786,"testmod-ChristmasGift":366,"Happy Flower":190,"vexMod:ScavengeHelm":695,"Replay:Grab Bag":747,"DemoMod:ChaffGrenade":1087,"Astrolabe":1095,"Oddly Smooth Stone":222,"Charon\u0027s Ashes":56,"vexMod:PaidLearning":841,"War Paint":418,"testmod-SaigiyounoYou":747,"testmod-RealStoneCalender":91,"OrangePellets":1043,"Replay:Baseball":65,"ReplayTheSpireMod:Spearhead":437,"ReplayTheSpireMod:Shallot":468,"Shuriken":366,"testmod-Acrobat":113,"Onion Ring":17,"Molten Egg 2":98,"Simple Rune":669,"DemoMod:NanoMachines":778,"testmod-MagicalMallet":1117,"ReplayTheSpireMod:TigerMarble":695,"Grinning Jar":358,"Mirror":244,"Meat on the Bone":548,"Incense Burner":305,"Juzu Bracelet":903,"testmod-Nyarlathotep":352,"Replay:Mystery Machine":379,"DemoMod:WhiteGuonStone":421,"Empty Cage":173,"testmod-BouquetWithThorns":352,"PrismaticShard":778,"testmod-Charity":78,"ClockworkSouvenir":78,"Replay:Bandana":255,"testmod-CrystalShield":613,"Nunchaku":735,"testmod-Alchemist":392,"testmod-Motorcycle":0,"Gambling Chip":537,"Tiny Chest":448,"testmod-ArcanaOfDestiny":421,"Red Skull":841,"DemoMod:Junk":315,"DemoMod:Armor":778,"BargainBundle":935,"ReplayTheSpireMod:Ninjato":86,"Quantum Egg":530,"Replay:WaspNest":151,"AT_BladeRuinedKing":1050,"vexMod:FocusSash":530,"testmod-Justice":366,"Odd Mushroom":816,"testmod-IndustrialRevolution":366,"Medical Kit":366,"White Beast Statue":96,"Mercury Hourglass":735,"vexMod:Dragonfruit":418,"Calling Bell":695,"testmod-Antiphasic":669,"Anchor":98,"Pondfish Scales":578,"CaptainsWheel":949,"Hololive_LightStick":1060,"vexMod:BarristanHead":109,"testmod-AssaultLearning":214,"vexMod:HeadHunter":527,"Another Sword":0,"Bag of Marbles":125,"Snack Pack":411,"Membership Card":65,"DemoMod:RingOfEthereal":249}],"Burning Blood":1093,"Toy Ornithopter":4},"card_choices":[{"not_picked":["Wild Strike","Clothesline","Shrug It Off"],"picked":"SKIP","floor":1.0},{"not_picked":["Pommel Strike","Bludgeon"],"picked":"Clash","floor":2.0},{"not_picked":["Abandon","ReplayTheSpireMod:Strike From Hell"],"picked":"Headbutt","floor":4.0},{"not_picked":["Ghostly Armor","Life Link","ReplayTheSpireMod:Strike From Hell"],"picked":"SKIP","floor":5.0},{"not_picked":["Armaments","Anger"],"picked":"Double Tap","floor":6.0},{"not_picked":["Warcry","Havoc","Clothesline"],"picked":"SKIP","floor":7.0},{"not_picked":["Clothesline","Sword Boomerang","Run Through"],"picked":"SKIP","floor":8.0},{"not_picked":["Pommel Strike","Intimidate","AT_IchimonjiDouble"],"picked":"SKIP","floor":10.0},{"not_picked":["Replay:Undeath\u0027s Touch","Havoc"],"picked":"AT_ShrugMaster","floor":13.0},{"not_picked":["Life Link","Abandon","Havoc"],"picked":"SKIP","floor":14.0},{"not_picked":["Berserk","Hemogenesis"],"picked":"Limit Break","floor":16.0},{"not_picked":["ReplayTheSpireMod:Corrosion Curse","Perfected Strike"],"picked":"Flex","floor":18.0},{"not_picked":["Sever Soul","AT_IchimonjiDouble"],"picked":"Whirlwind","floor":20.0},{"not_picked":["Iron Wave","AT_DrawKnifeCut","Hemokinesis+1"],"picked":"SKIP","floor":21.0},{"not_picked":["Cleave","Immolate","AT_IchimonjiDouble"],"picked":"SKIP","floor":23.0},{"not_picked":["Dropkick","Wild Strike+1","Warcry"],"picked":"SKIP","floor":24.0},{"not_picked":["AT_BodySlamDance","ReplayTheSpireMod:Strike From Hell","AT_ShrugMaster"],"picked":"SKIP","floor":25.0},{"not_picked":["Havoc","Perfected Strike","Heavy Blade"],"picked":"SKIP","floor":27.0},{"not_picked":["AT_CaressingTears","Feel No Pain","Fiend Fire"],"picked":"SKIP","floor":28.0},{"not_picked":["Perfected Strike","Anger","Defy Death"],"picked":"SKIP","floor":29.0},{"not_picked":["ReplayTheSpireMod:Strike From Hell","ReplayTheSpireMod:Corrosion Curse","Pommel Strike"],"picked":"SKIP","floor":31.0},{"not_picked":["Juggernaut","Corruption"],"picked":"Reaper","floor":33.0},{"not_picked":["Anger","Sword Boomerang"],"picked":"Massacre+1","floor":35.0},{"not_picked":["Flex+1","Clash","Perfected Strike"],"picked":"SKIP","floor":36.0},{"not_picked":["Rampage","Heavy Blade","Anger"],"picked":"SKIP","floor":37.0},{"not_picked":["Spot Weakness","Wild Strike+1","Body Slam+1"],"picked":"SKIP","floor":39.0},{"not_picked":["Headbutt","Cleave","True Grit"],"picked":"SKIP","floor":41},{"not_picked":["Pommel Strike","ReplayTheSpireMod:Muscle Training","Anger+1"],"picked":"SKIP","floor":44},{"not_picked":["Headbutt+1","Anger+1","Cleave"],"picked":"SKIP","floor":45},{"not_picked":["Juggernaut","ReplayTheSpireMod:Muscle Training","Abandon"],"picked":"SKIP","floor":46},{"not_picked":["True Grit+1","Shockwave","DemoMod:WhiteBlade+1"],"picked":"SKIP","floor":47},{"not_picked":["Perfected Strike","Armaments"],"picked":"Clash+1","floor":48},{"not_picked":["Body Slam","Dark Embrace","Carnage"],"picked":"SKIP","floor":55}],"player_experience":428892,"relics_obtained":[{"floor":6.0,"key":"Pet Ghost"},{"floor":9.0,"key":"Hololive_LightStick"},{"floor":10.0,"key":"MawBank"},{"floor":13.0,"key":"DemoMod:Relodestone"},{"floor":23.0,"key":"AT_SunfireAegis"},{"floor":25.0,"key":"testmod-IndustrialRevolution"},{"floor":26.0,"key":"Replay:Bottled Steam"},{"floor":27.0,"key":"DemoMod:ChaffGrenade"},{"floor":38.0,"key":"DemoMod:MonsterBlood"},{"floor":41,"key":"Old Coin"},{"floor":43,"key":"Blue Doll"},{"floor":46,"key":"Toy Ornithopter"},{"floor":55,"key":"ReplayTheSpireMod:Spearhead"}],"event_choices":[{"damage_healed":0.0,"max_hp_gain":0.0,"max_hp_loss":0.0,"gold_gain":0.0,"cards_transformed":["Defend_R"],"event_name":"Transmorgrifier","player_choice":"Transformed","floor":3.0,"gold_loss":0.0,"damage_taken":0.0,"cards_obtained":["Uppercut"]},{"damage_healed":0.0,"max_hp_gain":0.0,"max_hp_loss":0.0,"gold_gain":0.0,"event_name":"WeMeetAgain","player_choice":"Gave Potion","floor":22.0,"gold_loss":0.0,"damage_taken":0.0,"relics_obtained":["Omamori"]}],"is_beta":false,"boss_relics":[{"not_picked":["Kintsugi","Snecko Eye","ReplayTheSpireMod:DimensionalGlitch"]},{"not_picked":["Sozu","vexMod:MysteryBossChallenge"],"picked":"Astrolabe"}],"items_purged_floors":[0,0,42,49],"is_endless":false,"potions_floor_spawned":[1,4,7,16,18,21,24,27,28,31,36,39,41,48],"ascension_level":20}}