{"host":"Timothy","time":1610628176,"event":{"mods":["AchievementEnabler","BaseMod","Bestiary","Highlight Path","Minty Spire (QoL Compilation)","Quick Restart","Slay-I"],"gold_per_floor":[118,48,61,74,74,74,102,102,155,155,155,203,215,243,255,392,404,434,446,52,77,77,77,110,125,125,150,150,97,135,150,150,281,281,296,309,66,399,414,442,442,442,442,475,494,508,558,20,20,20,20,20,20,50,50],"floor_reached":56,"language":"ENG","playtime":4695,"items_purged":["Regret","Doom and Gloom","Shame"],"score":1226,"play_id":"d52c92a6-a605-44da-8c7a-9399f9ac6afe","local_time":"20210114044256","is_ascension_mode":false,"campfire_choices":[{"data":"Defragment","floor":6.0,"key":"SMITH"},{"data":"Hologram","floor":10.0,"key":"SMITH"},{"data":"Coolheaded","floor":15.0,"key":"SMITH"},{"data":"Machine Learning","floor":23.0,"key":"SMITH"},{"data":"Blizzard","floor":28.0,"key":"SMITH"},{"data":"Coolheaded","floor":32.0,"key":"SMITH"},{"data":"Buffer","floor":42.0,"key":"SMITH"},{"floor":49.0,"key":"RECALL"},{"data":"Coolheaded","floor":52.0,"key":"SMITH"}],"circlet_count":0,"master_deck":["Zap+1","Dualcast","Blizzard","Hologram+1","Coolheaded+1","All For One","Melter","Blizzard+1","Rebound","Defragment+1","Gash","Self Repair+1","BootSequence","BootSequence","Machine Learning+1","Self Repair","Leap+1","Coolheaded+1","Buffer+1","Hologram+1","Scrape","Skim","Defend_R","Self Repair+1","Coolheaded+1","Gash","Dramatic Entrance"],"relics":["Pandora\u0027s Box","Blood Vial","MawBank","Toy Ornithopter","Coffee Dripper","Nloth\u0027s Gift","FossilizedHelix","Bag of Marbles","Enchiridion","Kunai","Ornamental Fan","Mango","Cursed Key","Runic Capacitor","Juzu Bracelet","Potion Belt","Girya","Ice Cream","Anchor"],"acts_visited":["Exordium","TheCity","TheBeyond","TheEnding"],"potions_floor_usage":[54,55,55,55],"damage_taken":[{"damage":0.0,"enemies":"Small Slimes","floor":1.0,"turns":2.0},{"damage":14.0,"enemies":"Jaw Worm","floor":3.0,"turns":4.0},{"damage":0.0,"enemies":"Cultist","floor":4.0,"turns":2.0},{"damage":3.0,"enemies":"Lagavulin","floor":7.0,"turns":8.0},{"damage":16.0,"enemies":"3 Sentries","floor":12.0,"turns":7.0},{"damage":12.0,"enemies":"3 Louse","floor":14.0,"turns":3.0},{"damage":25.0,"enemies":"The Guardian","floor":16.0,"turns":8.0},{"damage":29.0,"enemies":"2 Thieves","floor":18.0,"turns":4.0},{"damage":27.0,"enemies":"Gremlin Leader","floor":24.0,"turns":6.0},{"damage":0.0,"enemies":"Spheric Guardian","floor":25.0,"turns":3.0},{"damage":7.0,"enemies":"Centurion and Healer","floor":27.0,"turns":5.0},{"damage":0.0,"enemies":"Book of Stabbing","floor":30.0,"turns":6.0},{"damage":4.0,"enemies":"Snake Plant","floor":31.0,"turns":6.0},{"damage":8.0,"enemies":"Champ","floor":33.0,"turns":13.0},{"damage":0.0,"enemies":"3 Shapes","floor":35.0,"turns":4.0},{"damage":10.0,"enemies":"3 Darklings","floor":36.0,"turns":7.0},{"damage":0.0,"enemies":"Writhing Mass","floor":39.0,"turns":7.0},{"damage":44.0,"enemies":"Reptomancer","floor":40.0,"turns":6.0},{"damage":17.0,"enemies":"Giant Head","floor":44.0,"turns":10.0},{"damage":2.0,"enemies":"Transient","floor":45.0,"turns":5.0},{"damage":23.0,"enemies":"3 Darklings","floor":46.0,"turns":5.0},{"damage":0.0,"enemies":"Mind Bloom Boss Battle","floor":47.0,"turns":8.0},{"damage":14.0,"enemies":"Awakened One","floor":50.0,"turns":12.0},{"damage":7,"enemies":"Shield and Spear","floor":54,"turns":9},{"damage":70,"enemies":"The Heart","floor":55,"turns":13}],"seed_played":"3897617021255539019","potions_obtained":[{"floor":1.0,"key":"PowerPotion"},{"floor":7.0,"key":"EssenceOfSteel"},{"floor":14.0,"key":"SmokeBomb"},{"floor":31.0,"key":"PowerPotion"},{"floor":44.0,"key":"Strength Potion"},{"floor":46.0,"key":"LiquidMemories"}],"is_trial":false,"path_per_floor":["M","$","M","M","$","R","E","?","T","R","?","E","?","M","R","B",null,"M","?","$","T","?","R","E","M","T","M","R","$","E","M","R","B",null,"M","M","$","?","M","E","?","R","T","E","M","M","?","$","R","B",null,"R","$","E","B",null],"character_chosen":"DEFECT","items_purchased":["Defragment","Self Repair","FossilizedHelix","Coolheaded","Runic Capacitor","Ice Cream","Dramatic Entrance"],"campfire_rested":0,"item_purchase_floors":[2,20,20,29,37,48,48],"current_hp_per_floor":[75,75,61,61,61,61,65,65,65,65,65,58,44,44,44,31,69,50,50,50,50,34,34,26,45,45,57,57,57,83,83,83,83,83,83,80,80,80,83,56,56,56,56,58,83,83,83,83,83,83,83,83,83,83,41],"gold":50,"neow_bonus":"BOSS_RELIC","is_daily":false,"chose_seed":false,"campfire_upgraded":8,"win_rate":0.0,"timestamp":1610628176,"path_taken":["M","$","M","M","$","R","E","?","T","R","?","E","?","M","R","BOSS","M","?","$","?","?","R","E","M","T","M","R","$","E","M","R","BOSS","M","M","$","?","M","E","?","R","T","E","M","M","?","$","R","BOSS","R","$","E","BOSS"],"items_purchased_type":["Card","Card","Relic","Card","Relic","Relic","Card"],"build_version":"2020-12-18","purchased_purges":3,"victory":true,"max_hp_per_floor":[75,75,75,75,75,75,75,69,69,69,69,69,69,69,69,69,69,69,69,69,69,69,69,69,69,69,69,69,69,83,83,83,83,83,83,83,83,83,83,83,83,83,83,83,83,83,83,83,83,83,83,83,83,83,83],"card_choices":[{"not_picked":["Undo","Go for the Eyes"],"picked":"Rebound","floor":1.0},{"not_picked":["Streamline","Conserve Battery"],"picked":"Gash","floor":3.0},{"not_picked":["Loop","Rebound"],"picked":"Self Repair","floor":4.0},{"not_picked":["Reinforced Body","Creative AI"],"picked":"BootSequence","floor":7.0},{"not_picked":["Doom and Gloom","Cold Snap"],"picked":"BootSequence","floor":12.0},{"not_picked":["Storm","Compile Driver","Turbo"],"picked":"SKIP","floor":14.0},{"not_picked":["Fission","Thunder Strike"],"picked":"Machine Learning","floor":16.0},{"not_picked":["Loop","Steam+1","Stack"],"picked":"SKIP","floor":18.0},{"not_picked":["Turbo+1","BootSequence","Thunder Strike"],"picked":"SKIP","floor":24.0},{"not_picked":["Darkness","Compile Driver"],"picked":"Leap+1","floor":25.0},{"not_picked":["Leap+1","Genetic Algorithm","Storm+1"],"picked":"SKIP","floor":27.0},{"not_picked":["Go for the Eyes","Biased Cognition","All For One"],"picked":"SKIP","floor":30.0},{"not_picked":["Redo","Stack+1","Cold Snap"],"picked":"SKIP","floor":31.0},{"not_picked":["Rainbow","Hyperbeam"],"picked":"Buffer","floor":33.0},{"not_picked":["Self Repair+1","Capacitor"],"picked":"Hologram+1","floor":35.0},{"not_picked":["Undo","Leap"],"picked":"Scrape","floor":36.0},{"not_picked":["Cold Snap","Aggregate+1","Redo+1"],"picked":"SKIP","floor":39.0},{"not_picked":["Blizzard","Hyperbeam"],"picked":"Skim","floor":40.0},{"not_picked":["Cold Snap+1","Redo"],"picked":"Self Repair+1","floor":44.0},{"not_picked":["Fusion+1","Scrape"],"picked":"Coolheaded","floor":45.0},{"not_picked":["White Noise+1","Multi-Cast","Turbo"],"picked":"SKIP","floor":46.0},{"not_picked":["Stack","BootSequence+1"],"picked":"Gash","floor":47.0},{"not_picked":["All For One","Reboot","BootSequence+1"],"picked":"SKIP","floor":54}],"player_experience":819225,"relics_obtained":[{"floor":7.0,"key":"Blood Vial"},{"floor":9.0,"key":"Nunchaku"},{"floor":12.0,"key":"Toy Ornithopter"},{"floor":21.0,"key":"Bag of Marbles"},{"floor":22.0,"key":"Enchiridion"},{"floor":24.0,"key":"Kunai"},{"floor":26.0,"key":"Ornamental Fan"},{"floor":30.0,"key":"Mango"},{"floor":40.0,"key":"Juzu Bracelet"},{"floor":44.0,"key":"Potion Belt"},{"floor":47.0,"key":"Girya"},{"floor":54,"key":"Anchor"}],"event_choices":[{"damage_healed":0.0,"max_hp_gain":0.0,"max_hp_loss":6.0,"gold_gain":0.0,"event_name":"Golden Idol","player_choice":"Lose Max HP","floor":8.0,"gold_loss":0.0,"damage_taken":0.0,"relics_obtained":["Golden Idol"]},{"damage_healed":0.0,"max_hp_gain":0.0,"max_hp_loss":0.0,"gold_gain":0.0,"event_name":"Big Fish","player_choice":"Box","floor":11.0,"gold_loss":0.0,"damage_taken":0.0,"relics_obtained":["MawBank"],"cards_obtained":["Regret"]},{"damage_healed":0.0,"max_hp_gain":0.0,"max_hp_loss":0.0,"gold_gain":0.0,"event_name":"Shining Light","player_choice":"Entered Light","floor":13.0,"gold_loss":0.0,"damage_taken":14.0,"cards_upgraded":["Self Repair","Zap"]},{"damage_healed":0.0,"max_hp_gain":0.0,"max_hp_loss":0.0,"gold_gain":0.0,"event_name":"N\u0027loth","player_choice":"Traded Relic","floor":19.0,"relics_lost":["Nunchaku"],"gold_loss":0.0,"damage_taken":0.0,"relics_obtained":["Nloth\u0027s Gift"]},{"damage_healed":0.0,"max_hp_gain":0.0,"max_hp_loss":0.0,"gold_gain":0.0,"event_name":"Cursed Tome","player_choice":"Obtained Book","floor":22.0,"gold_loss":0.0,"damage_taken":16.0},{"damage_healed":0.0,"max_hp_gain":0.0,"max_hp_loss":0.0,"gold_gain":333.0,"event_name":"The Moai Head","player_choice":"Gave Idol","floor":38.0,"relics_lost":["Golden Idol"],"gold_loss":0.0,"damage_taken":0.0},{"cards_removed":["Hello World"],"damage_healed":0.0,"max_hp_gain":0.0,"max_hp_loss":0.0,"gold_gain":0.0,"event_name":"NoteForYourself","player_choice":"Took Card","floor":41.0,"gold_loss":0.0,"damage_taken":0.0,"cards_obtained":["Defend_R"]},{"damage_healed":0.0,"max_hp_gain":0.0,"max_hp_loss":0.0,"gold_gain":0.0,"event_name":"MindBloom","player_choice":"Fight","floor":47.0,"gold_loss":0.0,"damage_taken":0.0}],"is_beta":true,"boss_relics":[{"not_picked":["Runic Dome","Fusion Hammer"],"picked":"Coffee Dripper"},{"not_picked":["SlaversCollar","SacredBark"],"picked":"Cursed Key"}],"items_purged_floors":[20,37,48],"is_endless":false,"potions_floor_spawned":[1,7,14,18,25,31,39,44,46,47],"ascension_level":0}}