{"host":"gsu59bb6ixcbb7gk","time":1610645329,"event":{"mods":["BaseMod","Colored Powertips","Downfall","Googly Eyes","Infinite Spire","Minty Spire (QoL Compilation)","Replay The Spire","StSLib"],"gold_per_floor":[109,184,201,151,151,179,196,2,2,32,51,51,72,96,96,209,209,225,324,324,324,324,324,356,395,395,395,401,401],"floor_reached":28,"language":"ENG","playtime":1777,"items_purged":[],"score":285,"play_id":"23f752cb-676b-403e-a115-789734f44350","local_time":"20210114122849","is_ascension_mode":true,"campfire_choices":[{"floor":12,"key":"REST"},{"floor":15,"key":"REST"},{"floor":23,"key":"REST"},{"floor":27,"key":"REST"}],"circlet_count":0,"master_deck":["Strike_B+1","Strike_B+1","Strike_B+1","Defend_B+1","Defend_B+1","Defend_B+1","Defend_B+1","Zap","Dualcast","Coolheaded","Coolheaded","Cold Snap","Chaos","Cold Snap","ReplayRNGCard","infinitespire:Collect"],"relics":["Cracked Core","NeowsBlessing","infinitespire:WardingShard","Replay:Antivirus Software","Dream Catcher","Replay:Baseball","Replay:Bandana","Nuclear Battery","SsserpentHead","infinitespire:ShieldingShard","Torii"],"acts_visited":["Exordium","TheCity"],"potions_floor_usage":[16,24,25],"damage_taken":[{"damage":0,"enemies":"Small Slimes","floor":1,"turns":1},{"damage":0,"enemies":"Jaw Worm","floor":3,"turns":1},{"damage":0,"enemies":"3 Sentries","floor":6,"turns":1},{"damage":9,"enemies":"2 Louse","floor":7,"turns":3},{"damage":17,"enemies":"Lagavulin","floor":10,"turns":9},{"damage":8,"enemies":"2 Fungi Beasts","floor":11,"turns":4},{"damage":0,"enemies":"Large Slime","floor":13,"turns":5},{"damage":0,"enemies":"Blue Slaver","floor":14,"turns":4},{"damage":53,"enemies":"The Guardian","floor":16,"turns":20},{"damage":7,"enemies":"Chosen","floor":18,"turns":5},{"damage":64,"enemies":"Book of Stabbing","floor":24,"turns":8},{"damage":0,"enemies":"2 Thieves","floor":25,"turns":4},{"damage":35,"enemies":"Gremlin Leader","floor":28,"turns":7}],"seed_played":"8764760733214098169","potions_obtained":[{"floor":7,"key":"Strength Potion"},{"floor":11,"key":"Explosive Potion"},{"floor":13,"key":"LifebloodPotion"},{"floor":16,"key":"Dexterity Potion"},{"floor":18,"key":"DistilledChaos"}],"is_trial":false,"path_per_floor":["M","?","M","?","?","E","M","$","T","E","M","R","M","M","R","B",null,"M","?","?","?","?","R","E","M","T","R","E"],"character_chosen":"DEFECT","items_purchased":["Dream Catcher","Dexterity Potion"],"campfire_rested":4,"item_purchase_floors":[8,8],"current_hp_per_floor":[75,64,64,64,64,64,55,55,55,38,30,52,52,52,74,21,75,68,68,50,50,50,72,8,8,8,30,0,0],"gold":401,"neow_bonus":"THREE_ENEMY_KILL","is_daily":false,"chose_seed":false,"campfire_upgraded":0,"win_rate":0.0,"timestamp":1610645329,"path_taken":["M","?","M","?","?","E","M","$","T","E","M","R","M","M","R","BOSS","M","?","?","?","?","R","E","?","T","R","E"],"items_purchased_type":["Relic","Potion"],"build_version":"2020-12-22","purchased_purges":0,"victory":false,"max_hp_per_floor":[75,75,75,75,75,75,75,75,75,75,75,75,75,75,75,75,75,75,75,75,75,75,75,75,75,75,75,75,75],"card_choices":[{"not_picked":["Darkness","Hologram"],"picked":"Coolheaded","floor":1},{"not_picked":["Conserve Battery","Turbo","Gash"],"picked":"SKIP","floor":3},{"not_picked":["Recycle","ReplaySort"],"picked":"Coolheaded","floor":6},{"not_picked":["Steam","Tempest"],"picked":"Cold Snap","floor":7},{"not_picked":["Streamline","Beam Cell"],"picked":"Chaos","floor":10},{"not_picked":["ReplayTheSpireMod:GoodbyeWorld","Sweeping Beam","Chaos"],"picked":"SKIP","floor":11},{"not_picked":["Rebound","Panic Button","Redo"],"picked":"SKIP","floor":13},{"not_picked":["Lockon","Barrage","Stack"],"picked":"SKIP","floor":14},{"not_picked":["Chaos","Conserve Battery"],"picked":"Cold Snap","floor":15},{"not_picked":["Buffer","Meteor Strike"],"picked":"ReplayRNGCard","floor":16},{"not_picked":["Turbo","Ball Lightning","Crystallizer"],"picked":"SKIP","floor":18},{"not_picked":["ReplayTheSpireMod:Black Plague","infinitespire:DeathsTouch"],"picked":"infinitespire:Collect","floor":20},{"not_picked":["Self Repair","FTL","Scrape+1"],"picked":"SKIP","floor":24},{"not_picked":["Compile Driver","BasicCrystalCard+1","Hologram"],"picked":"SKIP","floor":25}],"player_experience":227883,"relics_obtained":[{"floor":5,"key":"infinitespire:WardingShard"},{"floor":6,"key":"Replay:Antivirus Software"},{"floor":9,"key":"Replay:Baseball"},{"floor":10,"key":"Replay:Bandana"},{"floor":24,"key":"infinitespire:ShieldingShard"},{"floor":26,"key":"Torii"}],"event_choices":[{"damage_healed":0,"gold_gain":75,"player_choice":"Gather Gold","damage_taken":11,"max_hp_gain":0,"max_hp_loss":0,"event_name":"World of Goop","floor":2,"gold_loss":0},{"cards_removed":["Strike_B"],"damage_healed":0,"gold_gain":0,"player_choice":"Card Removal","damage_taken":0,"max_hp_gain":0,"max_hp_loss":0,"event_name":"The Cleric","floor":4,"gold_loss":50},{"damage_healed":0,"gold_gain":99,"player_choice":"Stole From Cult","damage_taken":0,"max_hp_gain":0,"max_hp_loss":0,"event_name":"Nest","floor":19,"gold_loss":0},{"damage_healed":0,"gold_gain":0,"player_choice":"Simplicity","damage_taken":0,"max_hp_gain":0,"max_hp_loss":0,"event_name":"Back to Basics","floor":21,"gold_loss":0,"cards_upgraded":["Strike_B","Strike_B","Strike_B","Defend_B","Defend_B","Defend_B","Defend_B"]},{"damage_healed":0,"gold_gain":0,"player_choice":"Trade","damage_taken":0,"relics_obtained":["SsserpentHead"],"max_hp_gain":0,"max_hp_loss":0,"event_name":"FaceTrader","floor":22,"gold_loss":0}],"is_beta":false,"boss_relics":[{"not_picked":["Sozu","Coffee Dripper"],"picked":"Nuclear Battery"}],"items_purged_floors":[],"is_endless":false,"potions_floor_spawned":[7,11,13,16,18],"killed_by":"Gremlin Leader","ascension_level":1}}