{"host":"41vgbr386mrj4p17","time":1610587796,"event":{"mods":["AchievementEnabler","AlwaysNeverKeys","BaseMod","Better Altar","Better Match","Better Note","Better Sensory Stone","Better Skull","Better Third Choice","Colored Map","Downfall","Googly Eyes","Hermit","Highlight Path","Minty Spire (QoL Compilation)","Shade Mod","StSLib","The Cursed"],"gold_per_floor":[119,136,156,174,188,223,223,248,330,330,3,3,3,19,19,124,124,141,56,16,16,26,26,59,59,59,71,83,124,136,177,189,305,317,345,357,18,28,43,76,76,107,107,107,107,107],"floor_reached":45,"language":"ENG","playtime":2503,"items_purged":["Shade:Strike_Shade","Shade:Strike_Shade"],"score":817,"play_id":"f5fcef9c-248d-4ab2-a21f-1391799b1a1f","local_time":"20210113202956","is_ascension_mode":true,"campfire_choices":[{"floor":7,"key":"REST"},{"data":"Shade:AnimateDead","floor":12,"key":"SMITH"},{"data":"Shade:FreshBones","floor":15,"key":"SMITH"},{"data":"Shade:ExtraLimbs","floor":23,"key":"SMITH"},{"floor":25,"key":"REST"},{"floor":27,"key":"REST"},{"data":"Shade:UnbarTheGrave","floor":30,"key":"SMITH"},{"data":"1","floor":32,"key":"LIFT"},{"floor":41,"key":"REST"}],"circlet_count":0,"master_deck":["Shade:Defend_Shade","Shade:Defend_Shade","Shade:Defend_Shade","Shade:AnimateDead+1","Shade:CarefulCut","Shade:ExtraLimbs","Shade:ExtraLimbs+1","Shade:FreshBones+1","Shade:Coordination","Shade:OpenGraves","Shade:UnbarTheGrave+1","Shade:FuneraryJewels","Shade:Putrefaction","Shade:TouchOfTheGrave+1","Shade:TouchOfTheGrave+1","Shade:ExtraLimbs+1"],"relics":["Shade:YorickPolishedSkull","Lantern","Toy Ornithopter","Bottled Lightning","InkBottle","Girya","Potion Belt","MawBank","Juzu Bracelet","Eternal Feather","Black Star","Bag of Preparation","Molten Egg 2","Question Card","Pear","Orichalcum","Letter Opener"],"acts_visited":["Exordium","TheCity","TheBeyond"],"potions_floor_usage":[5,6,16,31,37,40,40,40,40],"damage_taken":[{"damage":1,"enemies":"Cultist","floor":1,"turns":4},{"damage":0,"enemies":"2 Louse","floor":2,"turns":2},{"damage":0,"enemies":"Small Slimes","floor":3,"turns":3},{"damage":0,"enemies":"Blue Slaver","floor":4,"turns":4},{"damage":7,"enemies":"Looter","floor":5,"turns":2},{"damage":28,"enemies":"Lagavulin","floor":6,"turns":8},{"damage":16,"enemies":"3 Sentries","floor":8,"turns":9},{"damage":0,"enemies":"Exordium Wildlife","floor":14,"turns":3},{"damage":0,"enemies":"The Guardian","floor":16,"turns":8},{"damage":13,"enemies":"2 Thieves","floor":18,"turns":3},{"damage":0,"enemies":"Chosen","floor":22,"turns":3},{"damage":34,"enemies":"Book of Stabbing","floor":24,"turns":5},{"damage":17,"enemies":"Slavers","floor":29,"turns":3},{"damage":14,"enemies":"Book of Stabbing","floor":31,"turns":3},{"damage":20,"enemies":"Collector","floor":33,"turns":7},{"damage":7,"enemies":"3 Darklings","floor":35,"turns":3},{"damage":0,"enemies":"Orb Walker","floor":38,"turns":2},{"damage":19,"enemies":"Jaw Worm Horde","floor":39,"turns":3},{"damage":54,"enemies":"Nemesis","floor":40,"turns":7},{"damage":54,"enemies":"Giant Head","floor":42,"turns":7},{"damage":40,"enemies":"Nemesis","floor":45,"turns":6}],"seed_played":"-203818783076010489","potions_obtained":[{"floor":1,"key":"Weak Potion"},{"floor":4,"key":"BlessingOfTheForge"},{"floor":14,"key":"PowerPotion"},{"floor":29,"key":"SteroidPotion"},{"floor":31,"key":"FairyPotion"},{"floor":33,"key":"hexamod:EctoCoolerPotion"},{"floor":35,"key":"champ:CounterPotion"},{"floor":38,"key":"Weak Potion"},{"floor":39,"key":"Ancient Potion"}],"is_trial":false,"path_per_floor":["M","M","M","M","M","E","R","E","T","?","$","R","?","M","R","B",null,"M","?","$","?","M","R","E","R","T","R","$","E","R","E","R","B",null,"M","?","$","M","M","E","R","E","T","?","E"],"character_chosen":"SHADE","items_purchased":["InkBottle","Shade:OpenGraves","Bag of Preparation","Fruit Juice"],"campfire_rested":4,"item_purchase_floors":[11,20,37,37],"current_hp_per_floor":[58,58,58,58,51,23,42,26,26,26,26,26,26,26,26,31,57,44,44,44,44,44,44,10,29,29,48,48,31,31,22,28,8,51,44,44,54,54,35,1,31,31,31,31,0,0],"gold":107,"neow_bonus":"REMOVE_CARD","is_daily":false,"chose_seed":false,"campfire_upgraded":4,"win_rate":0.0,"timestamp":1610587796,"path_taken":["M","M","M","M","M","E","R","E","T","?","$","R","?","M","R","BOSS","M","?","$","?","M","R","E","R","T","R","?","E","R","E","R","BOSS","M","?","?","M","M","E","R","E","T","?","E"],"items_purchased_type":["Relic","Card","Relic","Potion"],"build_version":"2020-12-22","purchased_purges":2,"victory":false,"max_hp_per_floor":[65,65,65,65,65,65,65,65,65,65,65,65,65,65,65,65,65,65,65,65,65,65,65,65,65,65,65,65,65,65,65,65,65,65,65,65,70,70,70,70,70,80,80,80,80,80],"card_choices":[{"not_picked":["Shade:Haruspicy","Shade:AncientSpear"],"picked":"Shade:ExtraLimbs","floor":1},{"not_picked":["Shade:GraveStillness","Shade:SkeletonHug","Shade:Trample"],"picked":"SKIP","floor":2},{"not_picked":["Shade:Brains","Shade:DangerousRitual"],"picked":"Shade:ExtraLimbs","floor":3},{"not_picked":["Shade:Frenzy","Shade:FingerOfDeath"],"picked":"Shade:FreshBones","floor":4},{"not_picked":["Shade:GoDigging","Shade:DangerousRitual","Shade:GraveStillness"],"picked":"SKIP","floor":5},{"not_picked":["Shade:SkeletonHug","Shade:LastGasp","Shade:SoulPierce"],"picked":"SKIP","floor":6},{"not_picked":["Shade:FleshToFlesh","Shade:PoundOfFlesh","Shade:SkeletonArmy"],"picked":"SKIP","floor":8},{"not_picked":["Shade:GreyBargain","Shade:Doomsay","Shade:FingerOfDeath"],"picked":"SKIP","floor":14},{"not_picked":["Shade:GreaterAnimation","Shade:Consume"],"picked":"Shade:Coordination","floor":16},{"not_picked":["Shade:Bonestorm+1","Shade:FuneraryArmor","Shade:FeralStrike+1"],"picked":"SKIP","floor":18},{"not_picked":["Shade:Bonestorm","Shade:PoundOfFlesh","Shade:FleshToFlesh"],"picked":"SKIP","floor":22},{"not_picked":["Shade:GreyBargain+1","Shade:PressTheAttack","Shade:SkeletonArmy"],"picked":"SKIP","floor":24},{"not_picked":["Shade:FreshBones","Shade:FeralStrike+1"],"picked":"Shade:UnbarTheGrave","floor":29},{"not_picked":["Shade:Premonition","Shade:RavenousHorde"],"picked":"Shade:FuneraryJewels","floor":31},{"not_picked":["Shade:Coordination","Shade:SelfBurial"],"picked":"Shade:Putrefaction","floor":33},{"not_picked":["Shade:ExtraLimbs+1","Shade:Premonition"],"picked":"Shade:TouchOfTheGrave+1","floor":35},{"not_picked":["Shade:FreshBones+1","Shade:CommandSoldier"],"picked":"Shade:ExtraLimbs+1","floor":38},{"not_picked":["Shade:LyeBath+1","Shade:ClawBack+1","Shade:CallWraith"],"picked":"SKIP","floor":39},{"not_picked":["Shade:SpontaneousRitual+1","Shade:Frenzy","Shade:AncientSpear+1"],"picked":"SKIP","floor":40},{"not_picked":["Shade:Haruspicy","Shade:FleshToFlesh","Shade:Patience+1","Shade:FeralStrike+1"],"picked":"SKIP","floor":42}],"player_experience":1029583,"relics_obtained":[{"floor":6,"key":"Lantern"},{"floor":8,"key":"Toy Ornithopter"},{"floor":9,"key":"Bottled Lightning"},{"floor":24,"key":"Potion Belt"},{"floor":26,"key":"MawBank"},{"floor":29,"key":"Juzu Bracelet"},{"floor":31,"key":"Eternal Feather"},{"floor":40,"key":"Molten Egg 2"},{"floor":40,"key":"Question Card"},{"floor":42,"key":"Pear"},{"floor":42,"key":"Orichalcum"},{"floor":43,"key":"Letter Opener"}],"event_choices":[{"cards_removed":["Shade:Strike_Shade"],"damage_healed":0,"gold_gain":0,"player_choice":"Forget","damage_taken":0,"max_hp_gain":0,"max_hp_loss":0,"event_name":"Living Wall","floor":10,"gold_loss":0},{"damage_healed":0,"gold_gain":1,"player_choice":"1","damage_taken":0,"max_hp_gain":0,"max_hp_loss":0,"event_name":"betterStone:BetterStone","floor":13,"gold_loss":0},{"damage_healed":0,"gold_gain":0,"player_choice":"Obtained Relic","damage_taken":0,"relics_obtained":["Girya"],"max_hp_gain":0,"max_hp_loss":0,"event_name":"Addict","floor":19,"gold_loss":85},{"cards_removed":["Shade:Strike_Shade"],"damage_healed":0,"gold_gain":0,"player_choice":"Elegance","damage_taken":0,"max_hp_gain":0,"max_hp_loss":0,"event_name":"betterThird:BetterWriting","floor":21,"gold_loss":0},{"damage_healed":0,"gold_gain":0,"player_choice":"Copied","damage_taken":0,"max_hp_gain":0,"max_hp_loss":0,"event_name":"Duplicator","floor":36,"gold_loss":0,"cards_obtained":["Shade:TouchOfTheGrave"]},{"damage_healed":0,"gold_gain":0,"player_choice":"Ignored","damage_taken":0,"max_hp_gain":0,"max_hp_loss":0,"event_name":"The Moai Head","floor":44,"gold_loss":0}],"is_beta":false,"boss_relics":[{"not_picked":["Tiny House","SlaversCollar"],"picked":"Shade:YorickPolishedSkull"},{"not_picked":["Pandora\u0027s Box","SacredBark"],"picked":"Black Star"}],"items_purged_floors":[11,37],"is_endless":false,"potions_floor_spawned":[1,4,14,29,31,33,35,38,39],"killed_by":"Nemesis","ascension_level":7}}