{"host":"veymnbzwgp1k9ont","time":1610649271,"event":{"mods":["BaseMod","Defuse TimeMaze Blight","Hermit","Minty Spire (QoL Compilation)","Rare Cards Sparkle","Shop Mod","StSLib"],"gold_per_floor":[118,118,133,133,133,165,165,195,222,237,237,84,101,112,112,211,211,228,228,188,203,222,222,234,234,234,234,234,234,234,263,263,263,263],"floor_reached":33,"language":"ENG","playtime":2767,"items_purged":[],"score":273,"play_id":"50031d19-d16e-4cfb-b95d-1176ba74227c","local_time":"20210114123431","daily_mods":["SealedDeck","Heirloom"],"is_ascension_mode":false,"campfire_choices":[{"data":"hermit:GoldenBullet","floor":7,"key":"SMITH"},{"data":"hermit:GoldenBullet","floor":11,"key":"SMITH"},{"data":"hermit:TakeAim","floor":15,"key":"SMITH"},{"data":"hermit:Headshot","floor":23,"key":"SMITH"},{"data":"hermit:Desperado","floor":25,"key":"SMITH"},{"data":"hermit:TakeCover","floor":30,"key":"SMITH"},{"data":"hermit:Determination","floor":32,"key":"SMITH"}],"circlet_count":0,"master_deck":["hermit:Feint","hermit:Snipe+1","hermit:LowProfile","hermit:Vantage","hermit:TakeCover+1","hermit:GoldenBullet+1","hermit:Deadeye","hermit:Headshot+1","hermit:GoldenBullet+1","hermit:WideOpen+1","hermit:TakeAim+1","hermit:Gambit","hermit:Desperado+1","hermit:Grudge","hermit:Determination+1"],"relics":["hermit:ClaspedLocket","Lizard Tail","Tiny Chest","Toy Ornithopter","MealTicket","Happy Flower","Bottled Lightning","Dead Branch","Prayer Wheel"],"acts_visited":["Exordium","TheCity"],"potions_floor_usage":[16,16,16,31],"damage_taken":[{"damage":0,"enemies":"2 Louse","floor":1,"turns":3},{"damage":0,"enemies":"Cultist","floor":3,"turns":2},{"damage":28,"enemies":"Lagavulin","floor":6,"turns":8},{"damage":18,"enemies":"3 Sentries","floor":8,"turns":13},{"damage":0,"enemies":"Jaw Worm","floor":10,"turns":2},{"damage":0,"enemies":"Red Slaver","floor":13,"turns":3},{"damage":0,"enemies":"2 Fungi Beasts","floor":14,"turns":3},{"damage":7,"enemies":"Hexaghost","floor":16,"turns":10},{"damage":0,"enemies":"Spheric Guardian","floor":18,"turns":3},{"damage":0,"enemies":"Chosen","floor":21,"turns":3},{"damage":0,"enemies":"Shelled Parasite and Fungi","floor":22,"turns":2},{"damage":0,"enemies":"Centurion and Healer","floor":24,"turns":6},{"damage":20,"enemies":"Slavers","floor":31,"turns":2},{"damage":43,"enemies":"Automaton","floor":33,"turns":6}],"seed_played":"3339526066116143159","potions_obtained":[{"floor":1,"key":"Strength Potion"},{"floor":3,"key":"Dexterity Potion"},{"floor":8,"key":"Weak Potion"},{"floor":14,"key":"Fire Potion"},{"floor":22,"key":"Explosive Potion"}],"is_trial":true,"path_per_floor":["M","?","M","?","$","E","R","E","T","M","R","$","M","M","R","B",null,"M","$","?","M","M","R","M","R","T","T","?","?","R","E","R","B"],"character_chosen":"HERMIT","items_purchased":["Happy Flower"],"campfire_rested":0,"item_purchase_floors":[12],"current_hp_per_floor":[75,68,68,68,68,40,40,22,22,22,22,37,37,37,37,45,75,75,75,75,75,75,75,75,75,75,75,75,75,75,55,55,12,12],"gold":263,"neow_bonus":"","is_daily":false,"chose_seed":false,"campfire_upgraded":7,"win_rate":0.0,"timestamp":1610649271,"path_taken":["M","?","M","?","$","E","R","E","T","M","R","$","M","?","R","BOSS","M","$","?","?","M","R","M","R","T","?","?","?","R","E","R","BOSS"],"items_purchased_type":["Relic"],"build_version":"2020-12-22","purchased_purges":0,"victory":false,"max_hp_per_floor":[75,75,75,75,75,75,75,75,75,75,75,75,75,75,75,75,75,75,75,75,75,75,75,75,75,75,75,75,75,75,75,75,75,75],"card_choices":[{"not_picked":["hermit:SprayPray","hermit:Snipe"],"picked":"hermit:WideOpen","floor":1},{"not_picked":["hermit:CalledShot","hermit:Misfire"],"picked":"hermit:TakeAim","floor":3},{"not_picked":["hermit:WideOpen","hermit:Purgatory"],"picked":"hermit:Vantage","floor":6},{"not_picked":["hermit:Dive","hermit:Manifest","hermit:Scavenge"],"picked":"SKIP","floor":8},{"not_picked":["hermit:LowProfile","hermit:Shortfuse","hermit:HighCaliber"],"picked":"SKIP","floor":10},{"not_picked":["hermit:SprayPray","hermit:Glare","hermit:Misfire"],"picked":"SKIP","floor":13},{"not_picked":["hermit:Coalescence","hermit:HoleUp","hermit:Cheat"],"picked":"SKIP","floor":14},{"not_picked":["hermit:HeroicBravado","hermit:HighNoon"],"picked":"hermit:Gambit","floor":16},{"not_picked":["hermit:LowProfile","hermit:HighCaliber"],"picked":"hermit:Desperado","floor":18},{"not_picked":["hermit:Horror","hermit:SprayPray","hermit:Cheat"],"picked":"SKIP","floor":21},{"not_picked":["hermit:LowProfile","hermit:Glare"],"picked":"hermit:Grudge","floor":22},{"not_picked":["hermit:Desperado","hermit:CalledShot","hermit:Vantage"],"picked":"SKIP","floor":24},{"not_picked":["hermit:BodyArmor","hermit:Desperado"],"picked":"hermit:Determination","floor":31}],"player_experience":397648,"relics_obtained":[{"floor":6,"key":"Tiny Chest"},{"floor":8,"key":"Toy Ornithopter"},{"floor":9,"key":"MealTicket"},{"floor":26,"key":"Bottled Lightning"},{"floor":27,"key":"Dead Branch"},{"floor":31,"key":"Prayer Wheel"}],"event_choices":[{"cards_removed":["hermit:Manifest"],"damage_healed":0,"gold_gain":0,"player_choice":"Card Removal","damage_taken":7,"max_hp_gain":0,"max_hp_loss":0,"event_name":"Golden Wing","floor":2,"gold_loss":0},{"damage_healed":0,"gold_gain":0,"player_choice":"Bought 0 Potions","damage_taken":0,"max_hp_gain":0,"max_hp_loss":0,"event_name":"The Woman in Blue","floor":4,"gold_loss":0},{"damage_healed":0,"gold_gain":0,"player_choice":"Upgraded Two","damage_taken":0,"max_hp_gain":0,"max_hp_loss":0,"event_name":"Designer","floor":20,"gold_loss":40,"cards_upgraded":["hermit:WideOpen","hermit:Snipe"]},{"damage_healed":0,"gold_gain":0,"player_choice":"Ignored","damage_taken":0,"max_hp_gain":0,"max_hp_loss":0,"event_name":"Ghosts","floor":28,"gold_loss":0},{"cards_removed":["hermit:Vantage"],"damage_healed":0,"gold_gain":0,"player_choice":"Elegance","damage_taken":0,"max_hp_gain":0,"max_hp_loss":0,"event_name":"Back to Basics","floor":29,"gold_loss":0}],"is_beta":false,"boss_relics":[{"not_picked":["Black Star","Busted Crown"],"picked":"hermit:ClaspedLocket"}],"items_purged_floors":[],"is_endless":true,"potions_floor_spawned":[1,3,8,14,22],"killed_by":"Automaton","ascension_level":0}}