{"host":"i0avyit1s6jb1siw","time":1610622785,"event":{"mods":["BaseMod","DeckTracker","Dota2Spire","Highlight Path","Minty Spire (QoL Compilation)","Quick Restart","StSLib","SuperFastMode"],"gold_per_floor":[113,0,0,11,23,23,23,40,91,91,111,126,91,117,117,213,213,228,128,128,143,143,143,143,143,143,170,170,270,270,302,302,400,400,419,429,429,429,440,475,487,507,507,507,540,540,553,553,553],"floor_reached":48,"language":"ENG","playtime":1516,"items_purged":["Strike_B","Strike_B"],"score":818,"play_id":"45cb1915-7271-4274-9095-f80985a55b08","local_time":"20210114121305","is_ascension_mode":true,"campfire_choices":[{"data":"Creative AI","floor":6.0,"key":"SMITH"},{"data":"Defragment","floor":10.0,"key":"SMITH"},{"data":"Blizzard","floor":15.0,"key":"SMITH"},{"data":"Coolheaded","floor":23.0,"key":"SMITH"},{"data":"Glacier","floor":25.0,"key":"SMITH"},{"data":"Defragment","floor":28.0,"key":"SMITH"},{"floor":32,"key":"REST"},{"floor":44,"key":"RECALL"},{"floor":46,"key":"REST"}],"circlet_count":0,"master_deck":["AscendersBane","Strike_B+1","Strike_B","Defend_B","Defend_B","Defend_B","Zap+1","Dualcast+1","Coolheaded+1","Defragment+1","Go for the Eyes","Creative AI+1","Doom and Gloom","Glacier+1","Leap","Blizzard+1","Echo Form","Defragment+1","Double Energy","Core Surge","Rainbow"],"relics":["Cracked Core","Happy Flower","Toy Ornithopter","Snecko Eye","Enchiridion","Centennial Puzzle","Art of War","Ice Cream","White Beast Statue","Nuclear Battery","Smiling Mask","Dota2Spire:MantaStyle","DataDisk"],"acts_visited":["TheCity","TheBeyond"],"potions_floor_usage":[45,45,48],"damage_taken":[{"damage":4.0,"enemies":"Jaw Worm","floor":1.0,"turns":3.0},{"damage":0.0,"enemies":"Cultist","floor":4.0,"turns":3.0},{"damage":0.0,"enemies":"2 Louse","floor":5.0,"turns":2.0},{"damage":7.0,"enemies":"2 Fungi Beasts","floor":8.0,"turns":3.0},{"damage":6.0,"enemies":"Looter","floor":11.0,"turns":3.0},{"damage":5.0,"enemies":"3 Louse","floor":12.0,"turns":3.0},{"damage":30.0,"enemies":"Lagavulin","floor":14.0,"turns":7.0},{"damage":22.0,"enemies":"Slime Boss","floor":16.0,"turns":9.0},{"damage":3.0,"enemies":"Chosen","floor":18.0,"turns":7.0},{"damage":0.0,"enemies":"Spheric Guardian","floor":21.0,"turns":4.0},{"damage":12.0,"enemies":"Slavers","floor":27.0,"turns":6.0},{"damage":9.0,"enemies":"Colosseum Slavers","floor":29.0,"turns":5.0},{"damage":0.0,"enemies":"Colosseum Nobs","floor":29.0,"turns":4.0},{"damage":19,"enemies":"Book of Stabbing","floor":31,"turns":5},{"damage":8,"enemies":"Champ","floor":33,"turns":12},{"damage":0,"enemies":"3 Darklings","floor":35,"turns":5},{"damage":6,"enemies":"3 Shapes","floor":36,"turns":4},{"damage":5,"enemies":"Writhing Mass","floor":39,"turns":7},{"damage":10,"enemies":"Nemesis","floor":40,"turns":7},{"damage":0,"enemies":"Transient","floor":41,"turns":5},{"damage":0,"enemies":"Maw","floor":42,"turns":11},{"damage":25,"enemies":"Reptomancer","floor":45,"turns":10},{"damage":22,"enemies":"Sphere and 2 Shapes","floor":47,"turns":4},{"damage":25,"enemies":"Nemesis","floor":48,"turns":4}],"seed_played":"3803360149172680508","potions_obtained":[{"floor":5.0,"key":"Dota2Spire:Clarity"},{"floor":8.0,"key":"BlessingOfTheForge"},{"floor":18.0,"key":"EssenceOfSteel"},{"floor":27.0,"key":"LiquidMemories"},{"floor":35,"key":"Fire Potion"},{"floor":36,"key":"LiquidMemories"},{"floor":45,"key":"Dota2Spire:Clarity"},{"floor":47,"key":"PowerPotion"}],"is_trial":false,"path_per_floor":["M","$","?","M","M","R","?","M","T","R","M","M","?","E","R","B",null,"M","$","?","M","?","R","?","R","T","E","R","?","T","E","R","B",null,"M","M","?","?","M","E","M","M","T","R","E","R","M","E"],"character_chosen":"DEFECT","items_purchased":["Defragment"],"campfire_rested":2,"item_purchase_floors":[2],"current_hp_per_floor":[64,64,49,49,49,49,49,42,42,42,36,31,49,19,19,2,57,54,54,38,38,38,38,63,63,63,56,56,47,47,28,50,42,67,67,61,61,51,46,36,36,36,36,36,21,42,20,0,0],"gold":553,"neow_bonus":"UPGRADE_CARD","is_daily":false,"chose_seed":false,"campfire_upgraded":6,"win_rate":0.0,"timestamp":1610622785,"path_taken":["M","$","?","M","M","R","?","M","T","R","M","?","?","E","R","BOSS","M","$","?","M","?","R","?","R","T","E","R","?","?","E","R","BOSS","M","M","?","?","M","E","M","M","T","R","E","R","M","E"],"items_purchased_type":["Card"],"build_version":"2020-12-22","purchased_purges":2,"victory":false,"max_hp_per_floor":[75,75,75,75,75,75,75,75,75,75,75,75,75,75,75,75,75,75,75,75,75,75,75,75,75,75,75,75,75,75,75,75,75,75,75,75,71,71,71,71,71,71,71,71,71,71,71,71,71],"card_choices":[{"not_picked":["Streamline","Rebound"],"picked":"Coolheaded","floor":1.0},{"not_picked":["Conserve Battery","Recycle"],"picked":"Go for the Eyes","floor":4.0},{"not_picked":["Rebound","Undo"],"picked":"Creative AI","floor":5.0},{"not_picked":["Scrape","Darkness"],"picked":"Doom and Gloom","floor":8.0},{"not_picked":["Skim","Coolheaded"],"picked":"Glacier","floor":11.0},{"not_picked":["Auto Shields","Rebound"],"picked":"Leap","floor":12.0},{"not_picked":["Auto Shields","Rebound"],"picked":"Blizzard","floor":14.0},{"not_picked":["Multi-Cast","Fission"],"picked":"Echo Form","floor":16.0},{"not_picked":["Streamline","Rebound+1","Darkness"],"picked":"SKIP","floor":18.0},{"not_picked":["Stack","Go for the Eyes","Ball Lightning"],"picked":"SKIP","floor":21.0},{"not_picked":["Redo","Consume+1"],"picked":"Defragment","floor":27.0},{"not_picked":["Blizzard+1","Gash"],"picked":"Double Energy","floor":29.0},{"not_picked":["Thunder Strike","Streamline","Leap+1"],"picked":"SKIP","floor":31},{"not_picked":["Electrodynamics","Machine Learning"],"picked":"Core Surge","floor":33},{"not_picked":["Redo+1","Stack+1","Genetic Algorithm"],"picked":"SKIP","floor":35},{"not_picked":["Compile Driver+1","Cold Snap+1","Loop"],"picked":"SKIP","floor":36},{"not_picked":["Redo","White Noise+1","Streamline+1"],"picked":"SKIP","floor":39},{"not_picked":["Go for the Eyes+1","Turbo+1","Storm"],"picked":"SKIP","floor":40},{"not_picked":["Beam Cell","Gash+1","Sweeping Beam"],"picked":"SKIP","floor":41},{"not_picked":["Melter+1","Tempest+1","Leap+1"],"picked":"SKIP","floor":42},{"not_picked":["Lockon+1","Steam+1"],"picked":"Rainbow","floor":45},{"not_picked":["Hologram","Go for the Eyes+1","Leap+1"],"picked":"SKIP","floor":47}],"player_experience":2233382,"relics_obtained":[{"floor":9.0,"key":"Happy Flower"},{"floor":14.0,"key":"Toy Ornithopter"},{"floor":20.0,"key":"Enchiridion"},{"floor":26.0,"key":"Centennial Puzzle"},{"floor":27.0,"key":"Art of War"},{"floor":29.0,"key":"Ice Cream"},{"floor":29.0,"key":"White Beast Statue"},{"floor":40,"key":"Smiling Mask"},{"floor":43,"key":"Dota2Spire:MantaStyle"},{"floor":45,"key":"DataDisk"}],"event_choices":[{"damage_healed":0.0,"max_hp_gain":0.0,"max_hp_loss":0.0,"gold_gain":0.0,"event_name":"Shining Light","player_choice":"Entered Light","floor":3.0,"gold_loss":0.0,"damage_taken":15.0,"cards_upgraded":["Strike_B","Zap"]},{"cards_removed":["Defend_B"],"damage_healed":0.0,"max_hp_gain":0.0,"max_hp_loss":0.0,"gold_gain":0.0,"event_name":"Bonfire Elementals","player_choice":"Offered Basic","floor":7.0,"gold_loss":0.0,"damage_taken":0.0},{"damage_healed":18.0,"max_hp_gain":0.0,"max_hp_loss":0.0,"gold_gain":0.0,"event_name":"The Cleric","player_choice":"Healed","floor":13.0,"gold_loss":35.0,"damage_taken":0.0},{"damage_healed":0.0,"max_hp_gain":0.0,"max_hp_loss":0.0,"gold_gain":0.0,"event_name":"Cursed Tome","player_choice":"Obtained Book","floor":20.0,"gold_loss":0.0,"damage_taken":16.0},{"damage_healed":0.0,"max_hp_gain":0.0,"max_hp_loss":0.0,"gold_gain":0.0,"event_name":"Vampires","player_choice":"Ignored","floor":22.0,"gold_loss":0.0,"damage_taken":0.0},{"damage_healed":25.0,"max_hp_gain":0.0,"max_hp_loss":0.0,"gold_gain":0.0,"event_name":"The Library","player_choice":"Heal","floor":24.0,"gold_loss":0.0,"damage_taken":0.0},{"damage_healed":0.0,"max_hp_gain":0.0,"max_hp_loss":0.0,"gold_gain":0.0,"event_name":"Colosseum","player_choice":"Fight","floor":29.0,"gold_loss":0.0,"damage_taken":0.0},{"damage_healed":0.0,"max_hp_gain":0.0,"max_hp_loss":0.0,"gold_gain":0.0,"event_name":"Colosseum","player_choice":"Fought Nobs","floor":29.0,"gold_loss":0.0,"damage_taken":0.0},{"damage_healed":0,"gold_gain":0,"player_choice":"Max HP","damage_taken":0,"max_hp_gain":0,"max_hp_loss":4,"event_name":"Winding Halls","floor":37,"gold_loss":0},{"damage_healed":0,"gold_gain":0,"player_choice":"Memory 3","damage_taken":10,"max_hp_gain":0,"max_hp_loss":0,"event_name":"SensoryStone","floor":38,"gold_loss":0}],"is_beta":false,"boss_relics":[{"not_picked":["Philosopher\u0027s Stone","Empty Cage"],"picked":"Snecko Eye"},{"not_picked":["Calling Bell","Pandora\u0027s Box"],"picked":"Nuclear Battery"}],"items_purged_floors":[2,19],"is_endless":false,"potions_floor_spawned":[5,8,18,27,31,33,35,36,39,40,41,42,45,47],"killed_by":"Nemesis","ascension_level":11}}