{"host":"dhlnk6yox2l1s6up","time":1610648656,"event":{"mods":["BaseMod","Colored Map","Highlight Path","Minty Spire (QoL Compilation)","Relic Stats","StSLib"],"gold_per_floor":[111,125,136,136,211,211,255,280,280,315,336,336,376,50,50,171,171,191,191,212,212,233,273,273,313,364,400,438,453,478,522,522,645,645,691,691,691,779,779,820,617,671,697,736,748,819,847,912,924,936,948,960,164,200,200],"floor_reached":56,"language":"ENG","playtime":5296,"items_purged":["Defend_P","Judgement+1"],"score":1901,"play_id":"66e97039-5f15-415e-a4b8-a57514cb13d2","local_time":"20210114122416","is_ascension_mode":true,"campfire_choices":[{"data":"Judgement","floor":6.0,"key":"SMITH"},{"floor":15.0,"key":"REST"},{"floor":24.0,"key":"RECALL"},{"floor":32.0,"key":"REST"},{"floor":45.0,"key":"REST"},{"floor":49.0,"key":"REST"},{"floor":52.0,"key":"REST"}],"circlet_count":0,"master_deck":["Defend_P","Defend_P","Defend_P","Eruption+1","Vigilance+1","BattleHymn","ThirdEye","Halt","Evaluate","JustLucky","Pray+1","Apotheosis","SpiritShield","Pray","Bite","Bite","Bite","Bite","Bite+1","Sanctity+1","Prostrate+1","CutThroughFate","Wish","CrushJoints+1","Wireheading","Wallop","Wallop","Meditate"],"relics":["PureWater","Golden Idol","Ancient Tea Set","Vajra","Bottled Tornado","Anchor","Fusion Hammer","Nilry\u0027s Codex","Whetstone","TeardropLocket","PreservedInsect","Pocketwatch","Red Mask","Pear","Runic Dome","Damaru","Bird Faced Urn","Toy Ornithopter","Lantern","MawBank","Gremlin Horn","Art of War","OrangePellets","White Beast Statue","War Paint"],"acts_visited":["Exordium","TheCity","TheBeyond","TheEnding"],"potions_floor_usage":[55,55],"damage_taken":[{"damage":0.0,"enemies":"2 Louse","floor":1.0,"turns":2.0},{"damage":0.0,"enemies":"Small Slimes","floor":2.0,"turns":2.0},{"damage":0.0,"enemies":"Jaw Worm","floor":3.0,"turns":2.0},{"damage":4.0,"enemies":"3 Sentries","floor":7.0,"turns":5.0},{"damage":7.0,"enemies":"Large Slime","floor":8.0,"turns":4.0},{"damage":16.0,"enemies":"Gremlin Nob","floor":10.0,"turns":3.0},{"damage":0.0,"enemies":"2 Fungi Beasts","floor":11.0,"turns":2.0},{"damage":4.0,"enemies":"Lagavulin","floor":13.0,"turns":6.0},{"damage":8.0,"enemies":"The Guardian","floor":16.0,"turns":8.0},{"damage":0.0,"enemies":"Chosen","floor":18.0,"turns":3.0},{"damage":12.0,"enemies":"3 Byrds","floor":20.0,"turns":5.0},{"damage":0.0,"enemies":"Shelled Parasite and Fungi","floor":22.0,"turns":5.0},{"damage":19.0,"enemies":"Gremlin Leader","floor":23.0,"turns":9.0},{"damage":9.0,"enemies":"Book of Stabbing","floor":25.0,"turns":5.0},{"damage":12.0,"enemies":"Slavers","floor":27.0,"turns":4.0},{"damage":6.0,"enemies":"Masked Bandits","floor":28.0,"turns":4.0},{"damage":0.0,"enemies":"Chosen and Byrds","floor":29.0,"turns":4.0},{"damage":1.0,"enemies":"Snake Plant","floor":30.0,"turns":4.0},{"damage":0.0,"enemies":"Gremlin Leader","floor":31.0,"turns":4.0},{"damage":0.0,"enemies":"Champ","floor":33.0,"turns":9.0},{"damage":10.0,"enemies":"3 Shapes","floor":35.0,"turns":4.0},{"damage":0.0,"enemies":"Mind Bloom Boss Battle","floor":38.0,"turns":4.0},{"damage":18.0,"enemies":"Giant Head","floor":40.0,"turns":6.0},{"damage":15.0,"enemies":"Orb Walker","floor":42.0,"turns":4.0},{"damage":0.0,"enemies":"Reptomancer","floor":44.0,"turns":5.0},{"damage":41.0,"enemies":"Nemesis","floor":46.0,"turns":5.0},{"damage":11.0,"enemies":"Writhing Mass","floor":47.0,"turns":4.0},{"damage":2.0,"enemies":"Jaw Worm Horde","floor":48.0,"turns":4.0},{"damage":48.0,"enemies":"Time Eater","floor":50.0,"turns":6.0},{"damage":43.0,"enemies":"Shield and Spear","floor":54.0,"turns":6.0},{"damage":67,"enemies":"The Heart","floor":55,"turns":8}],"seed_played":"-6544098730752243421","potions_obtained":[{"floor":1.0,"key":"PowerPotion"},{"floor":10.0,"key":"BlessingOfTheForge"},{"floor":11.0,"key":"LiquidMemories"},{"floor":13.0,"key":"EntropicBrew"},{"floor":22.0,"key":"PowerPotion"},{"floor":23.0,"key":"Strength Potion"},{"floor":29.0,"key":"BottledMiracle"},{"floor":30.0,"key":"BottledMiracle"},{"floor":33.0,"key":"LiquidMemories"},{"floor":47.0,"key":"AttackPotion"},{"floor":48.0,"key":"LiquidBronze"},{"floor":54.0,"key":"FairyPotion"}],"is_trial":false,"path_per_floor":["M","M","M","?","?","R","E","M","T","E","M","?","E","$","R","B",null,"M","?","M","?","M","E","R","E","T","E","?","M","M","E","R","B",null,"M","?","T","?","?","E","$","M","T","E","R","E","M","M","R","B",null,"R","$","E","B",null],"character_chosen":"WATCHER","items_purchased":["Apotheosis","Anchor","Swift Potion","Wireheading","Art of War","OrangePellets","Ancient Potion","White Beast Statue","Wallop"],"campfire_rested":5,"item_purchase_floors":[14,14,41,41,53,53,53,53,53],"current_hp_per_floor":[65,65,65,49,38,38,34,27,27,11,11,11,7,7,26,20,54,56,56,65,49,51,65,65,59,59,58,65,65,65,75,75,75,75,71,71,71,71,71,62,62,57,57,71,71,47,59,71,71,27,60,71,71,48,21],"gold":200,"neow_bonus":"THREE_RARE_CARDS","is_daily":false,"chose_seed":false,"campfire_upgraded":1,"win_rate":0.0,"timestamp":1610648656,"path_taken":["M","M","M","?","?","R","E","?","T","E","M","?","E","$","R","BOSS","M","?","M","?","M","E","R","E","T","E","?","M","?","E","R","BOSS","M","?","?","?","?","E","$","M","T","E","R","E","M","?","R","BOSS","R","$","E","BOSS"],"items_purchased_type":["Card","Relic","Potion","Card","Relic","Relic","Potion","Relic","Card"],"build_version":"2020-12-22","purchased_purges":2,"victory":true,"max_hp_per_floor":[65,65,65,65,65,65,65,65,65,65,65,65,65,65,65,65,65,65,65,65,65,65,65,65,65,65,65,65,65,65,75,75,75,75,75,71,71,71,71,71,71,71,71,71,71,71,71,71,71,71,71,71,71,71,71],"relic_stats":{"Gremlin Horn":[3,3],"counters":[31,146],"Golden Idol":250,"PreservedInsect":407,"Whetstone":["Bite","Eruption"],"War Paint":["Pray","Vigilance"],"MawBank":108,"OrangePellets":[0],"Bird Faced Urn":[24],"Art of War":[0],"obtain_stats":[{"Lantern":40,"Gremlin Horn":46,"Nilry\u0027s Codex":21,"Vajra":9,"Whetstone":23,"TeardropLocket":25,"Bottled Tornado":10,"Ancient Tea Set":7,"Blood Vial":13,"Fusion Hammer":17,"Red Mask":28,"Pear":31,"Golden Idol":4,"Damaru":37,"PreservedInsect":26,"War Paint":54,"MawBank":44,"White Beast Statue":53,"Runic Dome":34,"OrangePellets":53,"Anchor":14,"Bird Faced Urn":38,"Art of War":53,"PureWater":0,"Toy Ornithopter":39,"Pocketwatch":27},{"Lantern":23,"Gremlin Horn":26,"Nilry\u0027s Codex":11,"Vajra":5,"Whetstone":13,"TeardropLocket":14,"Bottled Tornado":6,"Ancient Tea Set":4,"Blood Vial":8,"Fusion Hammer":9,"Red Mask":16,"Pear":19,"Golden Idol":3,"Damaru":21,"PreservedInsect":14,"War Paint":30,"MawBank":25,"White Beast Statue":29,"Runic Dome":20,"OrangePellets":29,"Anchor":8,"Bird Faced Urn":22,"Art of War":29,"PureWater":0,"Toy Ornithopter":22,"Pocketwatch":15},{"Lantern":104,"Gremlin Horn":118,"Nilry\u0027s Codex":42,"Vajra":15,"Whetstone":56,"TeardropLocket":61,"Bottled Tornado":18,"Ancient Tea Set":11,"Blood Vial":26,"Fusion Hammer":34,"Red Mask":69,"Pear":81,"Golden Idol":6,"Damaru":94,"PreservedInsect":61,"War Paint":138,"MawBank":113,"White Beast Statue":132,"Runic Dome":90,"OrangePellets":132,"Anchor":26,"Bird Faced Urn":98,"Art of War":132,"PureWater":0,"Toy Ornithopter":98,"Pocketwatch":65}],"Toy Ornithopter":20,"Pocketwatch":[22]},"card_choices":[{"not_picked":["Brilliance","Vault"],"picked":"Judgement","floor":0.0},{"not_picked":["ForeignInfluence","FlurryOfBlows"],"picked":"BattleHymn","floor":1.0},{"not_picked":["Halt","EmptyFist"],"picked":"ThirdEye","floor":2.0},{"not_picked":["Crescendo","ClearTheMind"],"picked":"Halt","floor":3.0},{"not_picked":["Vengeance","Protect"],"picked":"Evaluate","floor":7.0},{"not_picked":["Conclude","WindmillStrike"],"picked":"JustLucky","floor":8.0},{"not_picked":["FlyingSleeves","DeusExMachina"],"picked":"Pray","floor":10.0},{"not_picked":["CrushJoints","FlyingSleeves","Halt"],"picked":"SKIP","floor":11.0},{"not_picked":["Consecrate","Perseverance","Protect"],"picked":"SKIP","floor":13.0},{"not_picked":["Ragnarok","Scrawl"],"picked":"SpiritShield","floor":16.0},{"not_picked":["FlyingSleeves","Protect+1"],"picked":"Pray","floor":18.0},{"not_picked":["Prostrate","CarveReality"],"picked":"Sanctity+1","floor":20.0},{"not_picked":["Halt","EmptyFist","WheelKick"],"picked":"SKIP","floor":22.0},{"not_picked":["WreathOfFlame","CarveReality"],"picked":"Prostrate+1","floor":23.0},{"not_picked":["Halt","Swivel","SashWhip"],"picked":"SKIP","floor":25.0},{"not_picked":["ForeignInfluence","ThirdEye","CrushJoints"],"picked":"SKIP","floor":27.0},{"not_picked":["Evaluate+1","Omniscience","CrushJoints"],"picked":"SKIP","floor":29.0},{"not_picked":["Crescendo","Evaluate"],"picked":"CutThroughFate","floor":30.0},{"not_picked":["Study","SashWhip","JustLucky"],"picked":"SKIP","floor":31.0},{"not_picked":["Blasphemy","Scrawl"],"picked":"Wish","floor":33.0},{"not_picked":["FlyingSleeves+1","SashWhip","Protect+1"],"picked":"SKIP","floor":35.0},{"not_picked":["Protect+1","ThirdEye+1"],"picked":"CrushJoints+1","floor":38.0},{"not_picked":["CarveReality","ClearTheMind","Crescendo"],"picked":"SKIP","floor":40.0},{"not_picked":["EmptyBody+1","Crescendo","Blasphemy"],"picked":"SKIP","floor":42.0},{"not_picked":["ClearTheMind+1","CrushJoints","EmptyBody+1"],"picked":"SKIP","floor":44.0},{"not_picked":["FearNoEvil","Consecrate","Prostrate"],"picked":"SKIP","floor":46.0},{"not_picked":["PathToVictory","Worship"],"picked":"Wallop","floor":47.0},{"not_picked":["CutThroughFate+1","SashWhip","Halt+1"],"picked":"SKIP","floor":48.0},{"not_picked":["Prostrate","Crescendo+1"],"picked":"Meditate","floor":54.0}],"player_experience":5789010,"relics_obtained":[{"floor":7.0,"key":"Ancient Tea Set"},{"floor":9.0,"key":"Vajra"},{"floor":10.0,"key":"Bottled Tornado"},{"floor":13.0,"key":"Blood Vial"},{"floor":21.0,"key":"Nilry\u0027s Codex"},{"floor":23.0,"key":"Whetstone"},{"floor":25.0,"key":"TeardropLocket"},{"floor":26.0,"key":"PreservedInsect"},{"floor":27.0,"key":"Pocketwatch"},{"floor":28.0,"key":"Red Mask"},{"floor":31.0,"key":"Pear"},{"floor":37.0,"key":"Damaru"},{"floor":38.0,"key":"Bird Faced Urn"},{"floor":39.0,"key":"Toy Ornithopter"},{"floor":40.0,"key":"Lantern"},{"floor":44.0,"key":"MawBank"},{"floor":46.0,"key":"Gremlin Horn"},{"floor":54.0,"key":"War Paint"}],"event_choices":[{"damage_healed":0.0,"max_hp_gain":0.0,"max_hp_loss":0.0,"gold_gain":0.0,"event_name":"Golden Idol","player_choice":"Take Damage","floor":4.0,"gold_loss":0.0,"damage_taken":16.0,"relics_obtained":["Golden Idol"]},{"damage_healed":0.0,"max_hp_gain":0.0,"max_hp_loss":0.0,"gold_gain":75.0,"event_name":"World of Goop","player_choice":"Gather Gold","floor":5.0,"gold_loss":0.0,"damage_taken":11.0},{"damage_healed":0.0,"max_hp_gain":0.0,"max_hp_loss":0.0,"gold_gain":0.0,"event_name":"Liars Game","player_choice":"Ignored","floor":12.0,"gold_loss":0.0,"damage_taken":0.0},{"damage_healed":0.0,"max_hp_gain":0.0,"max_hp_loss":0.0,"gold_gain":0.0,"event_name":"Vampires","player_choice":"Became a vampire (Vial)","floor":19.0,"relics_lost":["Blood Vial"],"gold_loss":0.0,"damage_taken":0.0,"cards_obtained":["Bite","Bite","Bite","Bite","Bite"]},{"damage_healed":0.0,"max_hp_gain":0.0,"max_hp_loss":0.0,"gold_gain":0.0,"event_name":"Cursed Tome","player_choice":"Obtained Book","floor":21.0,"gold_loss":0.0,"damage_taken":16.0},{"damage_healed":0.0,"max_hp_gain":0.0,"max_hp_loss":0.0,"gold_gain":0.0,"event_name":"Masked Bandits","player_choice":"Fought Bandits","floor":28.0,"gold_loss":0.0,"damage_taken":0.0},{"damage_healed":0.0,"max_hp_gain":0.0,"max_hp_loss":4.0,"gold_gain":0.0,"event_name":"Winding Halls","player_choice":"Max HP","floor":36.0,"gold_loss":0.0,"damage_taken":0.0},{"damage_healed":0.0,"max_hp_gain":0.0,"max_hp_loss":0.0,"gold_gain":0.0,"event_name":"MindBloom","player_choice":"Fight","floor":38.0,"gold_loss":0.0,"damage_taken":0.0},{"damage_healed":0.0,"max_hp_gain":0.0,"max_hp_loss":0.0,"gold_gain":0.0,"event_name":"Wheel of Change","player_choice":"Relic","floor":39.0,"gold_loss":0.0,"damage_taken":0.0}],"is_beta":false,"boss_relics":[{"not_picked":["Tiny House","SlaversCollar"],"picked":"Fusion Hammer"},{"not_picked":["Runic Pyramid","Velvet Choker"],"picked":"Runic Dome"}],"items_purged_floors":[41,53],"is_endless":false,"potions_floor_spawned":[1,10,11,13,22,23,29,30,33,40,47,48,54],"ascension_level":8}}