{"host":"zekcc3vicrep0och","time":1610628265,"event":{"mods":["AchievementEnabler","BaseMod","Colored Map","Colored Powertips","Displayed Cursed Tome","Highlight Path","Minty Spire (QoL Compilation)","Quick Restart","Relic Stats","StSLib","The Cursed"],"gold_per_floor":[150,150,188,113,165,165,230,261,261,261,322,322,377,377,377,479,479,515,525,525,725,750,750],"floor_reached":22,"language":"ENG","playtime":672,"items_purged":["Regret"],"score":448,"play_id":"b777c5ca-bbac-4bb9-8780-96e947fdb1c9","local_time":"20210114154425","is_ascension_mode":true,"campfire_choices":[{"data":"Bash","floor":6.0,"key":"SMITH"},{"data":"HandOfGreed","floor":10.0,"key":"SMITH"},{"data":"Headbutt","floor":15.0,"key":"SMITH"}],"circlet_count":0,"master_deck":["AscendersBane","Defend_R","Defend_R","Defend_R","Defend_R","Bash+1","HandOfGreed+1","Headbutt+1","Corruption","Twin Strike+1","Twin Strike+1","Blood for Blood+1","Regret","Exhume","Feel No Pain","Iron Wave+1","Bite+1","Bite+1","Bite+1","Bite+1","Bite+1"],"relics":["Burning Blood","Orichalcum","Molten Egg 2","Eternal Feather","Vajra","Charon\u0027s Ashes","SlaversCollar"],"acts_visited":["TheCity","TheCity"],"potions_floor_usage":[],"damage_taken":[{"damage":12.0,"enemies":"Small Slimes","floor":1.0,"turns":4.0},{"damage":0.0,"enemies":"Cultist","floor":3.0,"turns":2.0},{"damage":20.0,"enemies":"3 Sentries","floor":7.0,"turns":7.0},{"damage":1.0,"enemies":"2 Louse","floor":8.0,"turns":3.0},{"damage":8.0,"enemies":"Large Slime","floor":11.0,"turns":5.0},{"damage":0.0,"enemies":"Gremlin Nob","floor":13.0,"turns":2.0},{"damage":35.0,"enemies":"Hexaghost","floor":16.0,"turns":7.0},{"damage":25.0,"enemies":"2 Thieves","floor":18.0,"turns":4.0},{"damage":24.0,"enemies":"Spheric Guardian","floor":19.0,"turns":5.0},{"damage":42,"enemies":"Shelled Parasite and Fungi","floor":22,"turns":2}],"seed_played":"-5701065402971826966","potions_obtained":[{"floor":1.0,"key":"BloodPotion"},{"floor":3.0,"key":"SteroidPotion"},{"floor":7.0,"key":"LiquidMemories"},{"floor":14.0,"key":"LiquidBronze"},{"floor":14.0,"key":"Weak Potion"},{"floor":16.0,"key":"Dexterity Potion"}],"is_trial":false,"path_per_floor":["M","?","M","$","T","R","E","M","T","R","M","?","E","?","R","B",null,"M","M","?","?","M"],"character_chosen":"IRONCLAD","items_purchased":[],"campfire_rested":0,"item_purchase_floors":[],"current_hp_per_floor":[62,62,68,68,68,68,54,59,59,68,66,66,72,72,75,46,68,49,31,31,31,0,0],"gold":750,"neow_bonus":"RANDOM_COLORLESS_2","is_daily":false,"chose_seed":false,"campfire_upgraded":3,"win_rate":0.0,"timestamp":1610628265,"path_taken":["M","?","?","$","?","R","E","M","T","R","M","?","E","?","R","BOSS","M","?","?","?","M"],"items_purchased_type":[],"build_version":"2020-12-22","purchased_purges":1,"victory":false,"max_hp_per_floor":[75,75,75,75,75,75,75,75,75,75,75,75,75,75,75,75,75,75,75,52,52,52,52],"relic_stats":{"counters":[10,41],"Eternal Feather":12,"Charon\u0027s Ashes":[7],"Orichalcum":[126],"obtain_stats":[{"SlaversCollar":17,"Vajra":12,"Molten Egg 2":7,"Eternal Feather":9,"Charon\u0027s Ashes":13,"Orichalcum":5,"Burning Blood":0},{"SlaversCollar":7,"Vajra":5,"Molten Egg 2":3,"Eternal Feather":4,"Charon\u0027s Ashes":6,"Orichalcum":2,"Burning Blood":0},{"SlaversCollar":30,"Vajra":21,"Molten Egg 2":13,"Eternal Feather":16,"Charon\u0027s Ashes":23,"Orichalcum":6,"Burning Blood":0}],"Burning Blood":54},"card_choices":[{"not_picked":["Thinking Ahead","Sadistic Nature"],"picked":"HandOfGreed","floor":0.0},{"not_picked":["Dark Embrace","Twin Strike"],"picked":"Headbutt","floor":1.0},{"not_picked":["Headbutt","Anger","Clothesline"],"picked":"SKIP","floor":3.0},{"not_picked":["Rupture","Clothesline+1"],"picked":"Twin Strike+1","floor":7.0},{"not_picked":["Warcry","Rage"],"picked":"Twin Strike+1","floor":8.0},{"not_picked":["Rage","Clash+1"],"picked":"Blood for Blood+1","floor":11.0},{"not_picked":["Rupture","Flex","Blood for Blood+1"],"picked":"SKIP","floor":13.0},{"not_picked":["Impervious","Bludgeon+1"],"picked":"Exhume","floor":16.0},{"not_picked":["Body Slam+1","Anger+1"],"picked":"Feel No Pain","floor":18.0},{"not_picked":["Warcry+1","Body Slam+1"],"picked":"Iron Wave+1","floor":19.0}],"player_experience":528100,"relics_obtained":[{"floor":5.0,"key":"Orichalcum"},{"floor":7.0,"key":"Molten Egg 2"},{"floor":9.0,"key":"Eternal Feather"},{"floor":13.0,"key":"Charon\u0027s Ashes"}],"event_choices":[{"damage_healed":0.0,"max_hp_gain":0.0,"max_hp_loss":0.0,"gold_gain":0.0,"cards_transformed":["Strike_R"],"event_name":"Transmorgrifier","player_choice":"Transformed","floor":2.0,"gold_loss":0.0,"damage_taken":0.0,"cards_obtained":["Corruption"]},{"damage_healed":0.0,"max_hp_gain":0.0,"max_hp_loss":0.0,"gold_gain":0.0,"event_name":"Big Fish","player_choice":"Box","floor":12.0,"gold_loss":0.0,"damage_taken":0.0,"relics_obtained":["Vajra"],"cards_obtained":["Regret"]},{"damage_healed":0.0,"max_hp_gain":0.0,"max_hp_loss":0.0,"gold_gain":0.0,"event_name":"Lab","player_choice":"Got Potions","floor":14.0,"gold_loss":0.0,"damage_taken":0.0},{"damage_healed":0.0,"max_hp_gain":0.0,"max_hp_loss":23.0,"gold_gain":0.0,"event_name":"Vampires","player_choice":"Became a vampire","floor":20.0,"gold_loss":0.0,"damage_taken":0.0,"cards_obtained":["Bite","Bite","Bite","Bite","Bite"]},{"damage_healed":0.0,"max_hp_gain":0.0,"max_hp_loss":0.0,"gold_gain":200.0,"event_name":"Wheel of Change","player_choice":"Gold","floor":21.0,"gold_loss":0.0,"damage_taken":0.0}],"is_beta":false,"boss_relics":[{"not_picked":["Snecko Eye","Runic Pyramid"],"picked":"SlaversCollar"}],"items_purged_floors":[4],"is_endless":false,"potions_floor_spawned":[1,3,7,16],"killed_by":"Shelled Parasite and Fungi","ascension_level":19}}