{"host":"tzyzz5n7hg2ni9q2","time":1610613653,"event":{"mods":["BaseMod","Minty Spire (QoL Compilation)","Quick Restart"],"gold_per_floor":[111,111,135,135,58,102,102,146,146,170,203,267,285,308,308,431,431,449,207,228,242,89,89,102,137,137,137,83,98,98,98,98,224,224,237,237,237,337,357,392,392,426,426,491,522,184,222,285,285,285,285],"floor_reached":50,"language":"ENG","playtime":1586,"items_purged":[],"score":855,"play_id":"d3b17f7f-46a3-43c9-ba49-6d5bc2a1d213","local_time":"20210114094053","is_ascension_mode":true,"campfire_choices":[{"data":"Backstab","floor":7.0,"key":"SMITH"},{"data":"Terror","floor":15.0,"key":"SMITH"},{"data":"Blade Dance","floor":23.0,"key":"SMITH"},{"floor":30.0,"key":"REST"},{"floor":32.0,"key":"REST"},{"floor":41,"key":"REST"},{"floor":49,"key":"RECALL"}],"circlet_count":0,"master_deck":["Strike_G","Strike_G","Strike_G","Strike_G","Strike_G","Defend_G","Defend_G","Defend_G+1","Defend_G","Defend_G+1","Survivor","Neutralize+1","Dodge and Roll","Backstab+1","Terror+1","Quick Slash","Adrenaline","Accuracy+1","Blade Dance+1","Escape Plan","Dagger Spray","Sucker Punch+1","Cloak And Dagger","Blade Dance+1","Panacea","Footwork","Malaise","Footwork"],"relics":["Ring of the Snake","NeowsBlessing","Golden Idol","StrikeDummy","Boot","Omamori","Mango","SlaversCollar","MealTicket","Nunchaku","Blue Candle","MutagenicStrength","Enchiridion","WristBlade","Darkstone Periapt","Strawberry","War Paint","Prayer Wheel","Art of War","Letter Opener","Sundial","Bird Faced Urn"],"acts_visited":["Exordium","TheCity","TheBeyond"],"potions_floor_usage":[33,44,45,47],"damage_taken":[{"damage":0.0,"enemies":"Jaw Worm","floor":1.0,"turns":1.0},{"damage":0.0,"enemies":"2 Louse","floor":3.0,"turns":1.0},{"damage":0.0,"enemies":"Gremlin Nob","floor":6.0,"turns":1.0},{"damage":1.0,"enemies":"3 Sentries","floor":8.0,"turns":7.0},{"damage":0.0,"enemies":"Small Slimes","floor":10.0,"turns":2.0},{"damage":19.0,"enemies":"Gremlin Nob","floor":11.0,"turns":4.0},{"damage":8.0,"enemies":"Exordium Wildlife","floor":13.0,"turns":6.0},{"damage":1.0,"enemies":"Gremlin Gang","floor":14.0,"turns":6.0},{"damage":18.0,"enemies":"The Guardian","floor":16.0,"turns":15.0},{"damage":11.0,"enemies":"2 Thieves","floor":18.0,"turns":4.0},{"damage":0.0,"enemies":"Chosen","floor":20.0,"turns":3.0},{"damage":3.0,"enemies":"3 Cultists","floor":21.0,"turns":5.0},{"damage":2.0,"enemies":"Cultist and Chosen","floor":24.0,"turns":3.0},{"damage":26.0,"enemies":"Slavers","floor":25.0,"turns":5.0},{"damage":24.0,"enemies":"Snake Plant","floor":29.0,"turns":3.0},{"damage":52,"enemies":"Automaton","floor":33,"turns":7},{"damage":0,"enemies":"3 Shapes","floor":35,"turns":2},{"damage":2,"enemies":"Orb Walker","floor":39,"turns":2},{"damage":28,"enemies":"Reptomancer","floor":40,"turns":6},{"damage":2,"enemies":"Nemesis","floor":42,"turns":4},{"damage":0,"enemies":"2 Orb Walkers","floor":44,"turns":4},{"damage":14,"enemies":"Giant Head","floor":45,"turns":4},{"damage":9,"enemies":"Reptomancer","floor":47,"turns":4},{"damage":10,"enemies":"Mind Bloom Boss Battle","floor":48,"turns":4},{"damage":67,"enemies":"Donu and Deca","floor":50,"turns":7}],"seed_played":"6431065407201788369","potions_obtained":[{"floor":1.0,"key":"DuplicationPotion"},{"floor":8.0,"key":"CultistPotion"},{"floor":11.0,"key":"ColorlessPotion"},{"floor":14.0,"key":"Strength Potion"},{"floor":21.0,"key":"Ancient Potion"},{"floor":25.0,"key":"CultistPotion"},{"floor":39,"key":"SneckoOil"},{"floor":44,"key":"SpeedPotion"},{"floor":45,"key":"Weak Potion"}],"is_trial":false,"path_per_floor":["M","?","M","?","$","E","R","E","T","M","E","?","M","M","R","B",null,"M","$","M","M","$","R","M","E","T","?","$","M","R","?","R","B",null,"M","$","?","?","M","E","R","E","T","?","E","$","E","?","R","B"],"character_chosen":"THE_SILENT","items_purchased":["Backstab","MealTicket","Blade Dance","Escape Plan","Nunchaku","Cloak And Dagger","Letter Opener","Footwork"],"campfire_rested":3,"item_purchase_floors":[5,19,19,19,22,28,46,46],"current_hp_per_floor":[63,63,63,63,63,63,63,62,62,62,57,57,49,48,48,30,67,56,56,56,53,68,68,66,40,40,40,55,31,54,38,61,9,62,62,77,77,77,75,47,70,75,75,75,61,76,67,57,57,0,0],"gold":285,"neow_bonus":"THREE_ENEMY_KILL","is_daily":false,"chose_seed":false,"campfire_upgraded":3,"win_rate":0.0,"timestamp":1610613653,"path_taken":["M","?","M","?","$","E","R","E","T","M","E","?","?","M","R","BOSS","M","$","M","?","$","R","M","E","T","?","$","M","R","?","R","BOSS","M","$","?","?","?","E","R","E","T","?","E","$","E","?","R","BOSS"],"items_purchased_type":["Card","Relic","Card","Card","Relic","Card","Relic","Card"],"build_version":"2020-12-22","purchased_purges":0,"victory":false,"max_hp_per_floor":[70,65,65,65,65,65,65,65,65,65,79,79,79,79,79,79,79,79,79,79,79,79,79,79,79,79,79,79,79,79,79,79,79,79,79,79,79,79,79,79,79,86,86,86,86,86,86,86,86,86,86],"card_choices":[{"not_picked":["Reflex","Deadly Poison","Sucker Punch"],"picked":"SKIP","floor":1.0},{"not_picked":["Calculated Gamble","Deadly Poison"],"picked":"Dodge and Roll","floor":3.0},{"not_picked":["Reflex","Concentrate","Setup"],"picked":"SKIP","floor":6.0},{"not_picked":["Underhanded Strike","Concentrate","Choke"],"picked":"SKIP","floor":8.0},{"not_picked":["Deflect","Heel Hook","Reflex"],"picked":"SKIP","floor":10.0},{"not_picked":["PiercingWail","Riddle With Holes"],"picked":"Terror","floor":11.0},{"not_picked":["Poisoned Stab","Noxious Fumes","Deadly Poison"],"picked":"SKIP","floor":13.0},{"not_picked":["Well Laid Plans","PiercingWail"],"picked":"Quick Slash","floor":14.0},{"not_picked":["Die Die Die","Bullet Time"],"picked":"Adrenaline","floor":16.0},{"not_picked":["Deflect","Reflex"],"picked":"Accuracy+1","floor":18.0},{"not_picked":["Poisoned Stab","Calculated Gamble"],"picked":"Dagger Spray","floor":20.0},{"not_picked":["Sucker Punch","Bane","Blade Dance"],"picked":"SKIP","floor":21.0},{"not_picked":["Slice","Endless Agony","Dash"],"picked":"SKIP","floor":24.0},{"not_picked":["Endless Agony+1","Infinite Blades"],"picked":"Sucker Punch+1","floor":25.0},{"not_picked":["Catalyst","Outmaneuver+1","Heel Hook+1"],"picked":"SKIP","floor":29.0},{"not_picked":["Heel Hook+1","Finisher+1"],"picked":"Blade Dance+1","floor":35},{"not_picked":["Sadistic Nature","Forethought"],"picked":"Panacea","floor":37},{"not_picked":["Backstab","Dagger Spray","Poisoned Stab+1"],"picked":"SKIP","floor":39},{"not_picked":["Acrobatics+1","Cloak And Dagger","Infinite Blades"],"picked":"SKIP","floor":40},{"not_picked":["Deflect+1","Dash"],"picked":"Footwork","floor":42},{"not_picked":["Dash","Dodge and Roll"],"picked":"Malaise","floor":45},{"not_picked":["Acrobatics","Eviscerate+1","Outmaneuver+1"],"picked":"SKIP","floor":47}],"player_experience":280279,"relics_obtained":[{"floor":6.0,"key":"StrikeDummy"},{"floor":8.0,"key":"Boot"},{"floor":9.0,"key":"Omamori"},{"floor":11.0,"key":"Mango"},{"floor":25.0,"key":"Blue Candle"},{"floor":31.0,"key":"Enchiridion"},{"floor":40,"key":"Darkstone Periapt"},{"floor":42,"key":"Strawberry"},{"floor":43,"key":"War Paint"},{"floor":44,"key":"Prayer Wheel"},{"floor":45,"key":"Art of War"},{"floor":47,"key":"Sundial"},{"floor":48,"key":"Bird Faced Urn"}],"event_choices":[{"damage_healed":0.0,"max_hp_gain":0.0,"max_hp_loss":5.0,"gold_gain":0.0,"event_name":"Golden Idol","player_choice":"Lose Max HP","floor":2.0,"gold_loss":0.0,"damage_taken":0.0,"relics_obtained":["Golden Idol"]},{"damage_healed":0.0,"max_hp_gain":0.0,"max_hp_loss":0.0,"gold_gain":0.0,"event_name":"Living Wall","player_choice":"Grow","floor":4.0,"gold_loss":0.0,"damage_taken":0.0,"cards_upgraded":["Neutralize"]},{"damage_healed":0.0,"max_hp_gain":0.0,"max_hp_loss":0.0,"gold_gain":64.0,"event_name":"Golden Wing","player_choice":"Gained Gold","floor":12.0,"gold_loss":0.0,"damage_taken":0.0},{"damage_healed":0.0,"max_hp_gain":0.0,"max_hp_loss":0.0,"gold_gain":0.0,"event_name":"Drug Dealer","player_choice":"Inject Mutagens","floor":27.0,"gold_loss":0.0,"damage_taken":0.0,"relics_obtained":["MutagenicStrength"]},{"damage_healed":0.0,"max_hp_gain":0.0,"max_hp_loss":0.0,"gold_gain":0.0,"event_name":"Cursed Tome","player_choice":"Obtained Book","floor":31.0,"gold_loss":0.0,"damage_taken":16.0},{"damage_healed":0,"gold_gain":0,"player_choice":"Memory 1","damage_taken":0,"max_hp_gain":0,"max_hp_loss":0,"event_name":"SensoryStone","floor":37,"gold_loss":0},{"damage_healed":0,"gold_gain":100,"player_choice":"Pray","damage_taken":0,"max_hp_gain":0,"max_hp_loss":0,"event_name":"Golden Shrine","floor":38,"gold_loss":0},{"damage_healed":0,"gold_gain":0,"player_choice":"Fight","damage_taken":0,"max_hp_gain":0,"max_hp_loss":0,"event_name":"Mysterious Sphere","floor":44,"gold_loss":0},{"damage_healed":0,"gold_gain":0,"player_choice":"Fight","damage_taken":0,"max_hp_gain":0,"max_hp_loss":0,"event_name":"MindBloom","floor":48,"gold_loss":0}],"is_beta":false,"boss_relics":[{"not_picked":["SacredBark","Snecko Eye"],"picked":"SlaversCollar"},{"not_picked":["Philosopher\u0027s Stone","Pandora\u0027s Box"],"picked":"WristBlade"}],"items_purged_floors":[],"is_endless":false,"potions_floor_spawned":[1,8,11,14,21,24,25,39,44,45],"killed_by":"Donu and Deca","ascension_level":6}}