{"host":"v79nb9qnzs8cga96","time":1610617755,"event":{"mods":["2.2 Compatiblity","Ascension Reborn","Aspiration","Bard","BaseMod","Beaked The Cultist","Better Note","Block Reminder","Custom Start","GifTheSpireLib","Marked Mod","Minty Spire (QoL Compilation)","Quarter Circle Forward PUNCH!","SacredBarkPlus","Small Relic Pack","StSLib","Stuff the Spire","The Bladedancer","The Cursed","The Forsaken","The Necromancer","The Poker Player","The Runesmith","The Saiyan","The Showman","The Spell Scribe","TheFirefly","vexMod"],"gold_per_floor":[110,60,70,95,105,140,140,165,165,185,205,233,233,104,104,199,199,216,234,234,251,350,350,375,393,444,444,444,462,462,462,462,559,1225,1245,1295,1295,1314,1314,1314,1314],"floor_reached":40,"language":"ENG","playtime":2527,"items_purged":[],"score":474,"play_id":"ad7f8c61-0647-4385-857e-ad2f78d7012f","local_time":"20210114114915","is_ascension_mode":true,"campfire_choices":[{"floor":7.0,"key":"REST"},{"floor":13.0,"key":"REST"},{"floor":15.0,"key":"REST"},{"floor":23.0,"key":"REST"},{"floor":28.0,"key":"REST"},{"floor":32,"key":"REST"}],"circlet_count":0,"master_deck":["Runesmith:Strike_RS+1","Runesmith:Strike_RS","Runesmith:Strike_RS+1","Runesmith:Strike_RS","Runesmith:Defend_RS","Runesmith:Defend_RS","Runesmith:Defend_RS","Runesmith:Defend_RS","Runesmith:CraftFirestone","Runesmith:Fortify","Runesmith:HammerThrow","Runesmith:Empowerment","Runesmith:Grindstone","Runesmith:HeatedChisel","Runesmith:ChiselStab","Runesmith:GoWithTheFlow","Runesmith:ShiftingStrike","Runesmith:EarthShield","Runesmith:Firestorm","Runesmith:ArcReactor","Runesmith:HeatExchange+1","Runesmith:Electrocute+1","Normality","Runesmith:GrandSlam","Runesmith:Repurpose+1"],"relics":["Runesmith:BrokenRuby","aspiration:Nostalgia","thefirefly:StealthSystem","Juzu Bracelet","Runesmith:AutoHammer","Regal Pillow","Whetstone","Odd Mushroom","qcfpunch:Lotus_Statue","Cursed Key","relicPack:DSword","StuffTheSpire:Experiment12","vexMod:MemoryStick","vexMod:RockOfEvil","FossilizedHelix"],"acts_visited":["Exordium","TheCity","TheBeyond"],"potions_floor_usage":[40],"damage_taken":[{"damage":0.0,"enemies":"Cultist","floor":1.0,"turns":4.0},{"damage":1.0,"enemies":"2 Louse","floor":3.0,"turns":3.0},{"damage":0.0,"enemies":"Jaw Worm","floor":5.0,"turns":3.0},{"damage":42.0,"enemies":"Gremlin Nob","floor":6.0,"turns":6.0},{"damage":19.0,"enemies":"Lagavulin","floor":8.0,"turns":8.0},{"damage":18.0,"enemies":"The Mushroom Lair","floor":10.0,"turns":5.0},{"damage":0.0,"enemies":"Large Slime","floor":11.0,"turns":5.0},{"damage":10.0,"enemies":"Gremlin Nob","floor":12.0,"turns":3.0},{"damage":44.0,"enemies":"Hexaghost","floor":16.0,"turns":10.0},{"damage":15.0,"enemies":"Shell Parasite","floor":18.0,"turns":5.0},{"damage":13.0,"enemies":"Chosen","floor":19.0,"turns":5.0},{"damage":5.0,"enemies":"Snecko","floor":21.0,"turns":5.0},{"damage":24.0,"enemies":"Book of Stabbing","floor":24.0,"turns":5.0},{"damage":8.0,"enemies":"Shelled Parasite and Fungi","floor":25.0,"turns":6.0},{"damage":0.0,"enemies":"Snake Plant","floor":27.0,"turns":2.0},{"damage":14,"enemies":"Sentry and Sphere","floor":29,"turns":4},{"damage":13,"enemies":"Champ","floor":33,"turns":8},{"damage":6,"enemies":"3 Darklings","floor":35,"turns":3},{"damage":17,"enemies":"Mind Bloom Boss Battle","floor":36,"turns":7},{"damage":25,"enemies":"3 Shapes","floor":38,"turns":4},{"damage":28,"enemies":"Giant Head","floor":40,"turns":6}],"seed_played":"8353766299697238577","potions_obtained":[{"floor":1.0,"key":"SteroidPotion"},{"floor":10.0,"key":"Swift Potion"},{"floor":16.0,"key":"LiquidMemories"},{"floor":21.0,"key":"Weak Potion"},{"floor":24.0,"key":"DuplicationPotion"},{"floor":25.0,"key":"SmokeBomb"},{"floor":33,"key":"PowerPotion"}],"is_trial":false,"path_per_floor":["M","$","M","T","M","E","R","E","T","?","M","E","R","$","R","B",null,"M","M","?","M","?","R","E","M","T","M","R","M","?","?","R","B",null,"M","?","?","M","?","E"],"character_chosen":"RUNESMITH_CLASS","items_purchased":["Runesmith:HammerThrow","Runesmith:ShiftingStrike","Runesmith:EarthShield","Runesmith:Firestorm"],"campfire_rested":6,"item_purchase_floors":[2,14,14,14],"current_hp_per_floor":[70,70,69,69,69,27,48,29,29,11,11,1,37,37,70,26,70,55,42,7,2,2,38,14,6,6,6,42,28,28,28,64,51,70,64,47,54,29,29,1,1],"gold":1314,"neow_bonus":"NOSTALGIA","is_daily":false,"chose_seed":false,"campfire_upgraded":0,"win_rate":0.0,"timestamp":1610617755,"path_taken":["M","$","M","?","M","E","R","E","T","?","M","E","R","?","R","BOSS","M","M","?","M","?","R","E","M","T","M","R","M","?","?","R","BOSS","M","?","?","M","?","E"],"items_purchased_type":["Card","Card","Card","Card"],"build_version":"2020-12-22","purchased_purges":0,"victory":false,"max_hp_per_floor":[70,70,70,70,70,70,70,70,70,70,70,70,70,70,70,70,70,70,70,70,70,70,70,70,70,70,70,70,70,70,70,70,70,70,70,70,70,70,70,70,70],"card_choices":[{"not_picked":["Runesmith:Prism","Runesmith:HammerAndChisel","Runesmith:Retool"],"picked":"SKIP","floor":1.0},{"not_picked":["Runesmith:CraftMagma","Runesmith:Overpower"],"picked":"Runesmith:Empowerment","floor":3.0},{"not_picked":["Runesmith:BackupBattery","Runesmith:HammerThrow"],"picked":"Runesmith:Grindstone","floor":5.0},{"not_picked":["Runesmith:MakeshiftArmor","Runesmith:BackupBattery","Runesmith:Augment"],"picked":"SKIP","floor":6.0},{"not_picked":["Runesmith:Firewall","Runesmith:HammerTime","Runesmith:FrozenChisel"],"picked":"SKIP","floor":8.0},{"not_picked":["Runesmith:HammerThrow","Runesmith:StaticCage"],"picked":"Runesmith:HeatedChisel","floor":10.0},{"not_picked":["Runesmith:RuneHurl","Runesmith:CraftMagma"],"picked":"Runesmith:ChiselStab","floor":11.0},{"not_picked":["Runesmith:MakeshiftArmor","Runesmith:HammerThrow"],"picked":"Runesmith:GoWithTheFlow","floor":12.0},{"not_picked":["Runesmith:CraftMedicinae","Runesmith:FissionHammer"],"picked":"Runesmith:ArcReactor","floor":16.0},{"not_picked":["Runesmith:Overpower","Runesmith:EarthShield","aspiration:UnbridledHammer"],"picked":"SKIP","floor":18.0},{"not_picked":["Runesmith:NegativeSpace","Runesmith:HeatedChisel+1"],"picked":"Runesmith:HeatExchange+1","floor":19.0},{"not_picked":["Runesmith:StaticCage","Runesmith:Attraction"],"picked":"Runesmith:Electrocute+1","floor":21.0},{"not_picked":["Runesmith:Permafrost","Runesmith:WhiteBalance","Runesmith:EnergizedChisel"],"picked":"SKIP","floor":24.0},{"not_picked":["Runesmith:CraftIncendium","Runesmith:HammerThrow","Runesmith:BackupBattery"],"picked":"SKIP","floor":25.0},{"not_picked":["Runesmith:EnergizedChisel","Runesmith:GoWithTheFlow+1","Runesmith:Permafrost"],"picked":"SKIP","floor":29},{"not_picked":["Runesmith:GenerateForcefield","Runesmith:Supernova"],"picked":"Runesmith:GrandSlam","floor":33},{"not_picked":["Runesmith:CraftSpiculum","Runesmith:ChiselStab+1"],"picked":"Runesmith:Repurpose+1","floor":35},{"not_picked":["Runesmith:StaticCage+1","Runesmith:EnergizedChisel","Runesmith:Repurpose+1"],"picked":"SKIP","floor":38}],"player_experience":470662,"relics_obtained":[{"floor":4.0,"key":"Juzu Bracelet"},{"floor":6.0,"key":"Runesmith:AutoHammer"},{"floor":8.0,"key":"Regal Pillow"},{"floor":9.0,"key":"Whetstone"},{"floor":10.0,"key":"Odd Mushroom"},{"floor":12.0,"key":"qcfpunch:Lotus_Statue"},{"floor":24.0,"key":"StuffTheSpire:Experiment12"},{"floor":26.0,"key":"vexMod:MemoryStick"},{"floor":36,"key":"FossilizedHelix"}],"event_choices":[{"damage_healed":0.0,"max_hp_gain":0.0,"max_hp_loss":0.0,"gold_gain":0.0,"event_name":"Mushrooms","player_choice":"Fought Mushrooms","floor":10.0,"gold_loss":0.0,"damage_taken":0.0},{"damage_healed":0.0,"max_hp_gain":0.0,"max_hp_loss":0.0,"gold_gain":99.0,"event_name":"Nest","player_choice":"Stole From Cult","floor":22.0,"gold_loss":0.0,"damage_taken":0.0},{"damage_healed":0,"gold_gain":0,"player_choice":"Ignored","damage_taken":0,"max_hp_gain":0,"max_hp_loss":0,"event_name":"Ghosts","floor":30,"gold_loss":0},{"damage_healed":0,"gold_gain":0,"player_choice":"Fight","damage_taken":0,"max_hp_gain":0,"max_hp_loss":0,"event_name":"MindBloom","floor":36,"gold_loss":0},{"damage_healed":0,"gold_gain":0,"player_choice":"Got Potions","damage_taken":0,"max_hp_gain":0,"max_hp_loss":0,"event_name":"Lab","floor":39,"gold_loss":0}],"is_beta":false,"boss_relics":[{"not_picked":["Snecko Eye","vexMod:ImprovementManual"],"picked":"Cursed Key"},{"not_picked":["SacredBark","aspiration:RitualDagger"],"picked":"vexMod:RockOfEvil"}],"items_purged_floors":[],"is_endless":false,"potions_floor_spawned":[1,10,16,21,24,25,33,36,38],"killed_by":"Giant Head","ascension_level":0}}