{"host":"v54ek091sdz7ha6h","time":1610591189,"event":{"mods":["BaseMod","Better Vampires","Colored Map","Colored Powertips","Custom Start","DeckTracker","Highlight Path","KOR Keyword Fix","Minty Spire (QoL Compilation)","Quick Restart","Rare Cards Sparkle","StSLib","SuperFastMode","everything is the same but u backflip on backflip","slay the spire mod where everything is the same but ironclad has a cowboy hat"],"gold_per_floor":[116,116,116,4,24,24,49,65,65,80,96,18,47,60,60,133,133,147,158,171,191,241,241,271,93,118,118,118,140,157,196,196,196,196],"floor_reached":33,"language":"KOR","playtime":746,"items_purged":["Regret","Strike_B"],"score":598,"play_id":"4e183d3f-b148-4bc1-9192-864de8ab39fc","local_time":"20210114112629","is_ascension_mode":true,"campfire_choices":[{"data":"Defragment","floor":15.0,"key":"SMITH"},{"floor":23.0,"key":"REST"},{"floor":28.0,"key":"REST"},{"data":"Defragment","floor":32.0,"key":"SMITH"}],"circlet_count":0,"master_deck":["AscendersBane","Strike_B","Strike_B","Strike_B","Defend_B","Defend_B","Defend_B","Defend_B","Zap","Dualcast","Go for the Eyes","Defragment+1","Ball Lightning+1","Reinforced Body","Lockon+1","Capacitor","Cold Snap+1","Self Repair","Coolheaded","Electrodynamics","Turbo","Compile Driver+1","Defragment+1","Barrage+1","Creative AI"],"relics":["Cracked Core","DataDisk","Molten Egg 2","Pantograph","InkBottle","Nuclear Battery","Blue Candle","CeramicFish","Oddly Smooth Stone"],"acts_visited":["Exordium","TheCity"],"potions_floor_usage":[],"damage_taken":[{"damage":6.0,"enemies":"Cultist","floor":1.0,"turns":3.0},{"damage":2.0,"enemies":"2 Louse","floor":5.0,"turns":2.0},{"damage":5.0,"enemies":"Lagavulin","floor":7.0,"turns":6.0},{"damage":0.0,"enemies":"Small Slimes","floor":8.0,"turns":2.0},{"damage":0.0,"enemies":"Gremlin Gang","floor":10.0,"turns":4.0},{"damage":25.0,"enemies":"Lots of Slimes","floor":11.0,"turns":4.0},{"damage":7.0,"enemies":"Gremlin Nob","floor":13.0,"turns":3.0},{"damage":0.0,"enemies":"Exordium Wildlife","floor":14.0,"turns":3.0},{"damage":3.0,"enemies":"The Guardian","floor":16.0,"turns":10.0},{"damage":16.0,"enemies":"Chosen","floor":18.0,"turns":4.0},{"damage":23.0,"enemies":"Spheric Guardian","floor":19.0,"turns":6.0},{"damage":44.0,"enemies":"Cultist and Chosen","floor":20.0,"turns":5.0},{"damage":18.0,"enemies":"Chosen and Byrds","floor":21.0,"turns":6.0},{"damage":11.0,"enemies":"Slavers","floor":24.0,"turns":2.0},{"damage":0.0,"enemies":"Centurion and Healer","floor":29.0,"turns":6.0},{"damage":12.0,"enemies":"Cultist and Chosen","floor":30.0,"turns":3.0},{"damage":21.0,"enemies":"Gremlin Leader","floor":31.0,"turns":6.0},{"damage":59,"enemies":"Automaton","floor":33,"turns":6}],"seed_played":"5095374672409138955","potions_obtained":[{"floor":1.0,"key":"Energy Potion"},{"floor":5.0,"key":"SpeedPotion"},{"floor":13.0,"key":"Regen Potion"},{"floor":18.0,"key":"FocusPotion"},{"floor":21.0,"key":"PowerPotion"},{"floor":24.0,"key":"LiquidMemories"},{"floor":29.0,"key":"PowerPotion"}],"is_trial":false,"path_per_floor":["M","T","?","$","M","?","E","M","T","M","M","$","E","M","R","B",null,"M","M","M","M","?","R","E","$","T","?","R","M","M","E","R","B"],"character_chosen":"DEFECT","items_purchased":["Defragment","Self Repair","Defragment"],"campfire_rested":2,"item_purchase_floors":[4,12,25],"current_hp_per_floor":[58,58,58,58,56,56,51,51,51,51,26,26,26,33,33,62,69,60,56,19,8,1,22,11,11,11,11,32,39,34,20,20,0,0],"gold":196,"neow_bonus":"RANDOM_COMMON_RELIC","is_daily":false,"chose_seed":false,"campfire_upgraded":2,"win_rate":0.0,"timestamp":1610591189,"path_taken":["M","?","?","$","M","?","E","M","T","M","M","$","E","?","R","BOSS","M","?","?","M","?","R","E","?","T","?","R","M","M","E","R","BOSS"],"items_purchased_type":["Card","Card","Card"],"build_version":"2020-12-22","purchased_purges":2,"victory":false,"max_hp_per_floor":[71,71,71,71,71,71,71,71,71,71,71,71,71,71,71,71,71,71,71,71,71,71,71,71,71,71,71,71,71,71,71,71,71,71],"card_choices":[{"not_picked":["Double Energy","Reprogram"],"picked":"Go for the Eyes","floor":1.0},{"not_picked":["Steam Power","Sweeping Beam+1"],"picked":"Ball Lightning+1","floor":5.0},{"not_picked":["Leap","Turbo"],"picked":"Lockon+1","floor":7.0},{"not_picked":["Beam Cell+1","Doom and Gloom+1"],"picked":"Capacitor","floor":8.0},{"not_picked":["Ball Lightning+1","Lockon+1","Leap"],"picked":"SKIP","floor":10.0},{"not_picked":["Melter+1","Gash+1"],"picked":"Cold Snap+1","floor":11.0},{"not_picked":["BootSequence","Gash+1","Go for the Eyes+1"],"picked":"SKIP","floor":13.0},{"not_picked":["White Noise","Conserve Battery"],"picked":"Coolheaded","floor":14.0},{"not_picked":["Reboot","Biased Cognition"],"picked":"Electrodynamics","floor":16.0},{"not_picked":["Conserve Battery","Hologram"],"picked":"Turbo","floor":18.0},{"not_picked":["Stack","Chaos","Static Discharge"],"picked":"SKIP","floor":19.0},{"not_picked":["Turbo","Ball Lightning+1"],"picked":"Compile Driver+1","floor":20.0},{"not_picked":["Steam","Blizzard+1","Rip and Tear+1"],"picked":"SKIP","floor":21.0},{"not_picked":["Streamline+1","Ball Lightning+1","Redo"],"picked":"SKIP","floor":24.0},{"not_picked":["Go for the Eyes+1","Darkness"],"picked":"Barrage+1","floor":29.0},{"not_picked":["Hologram","Conserve Battery","Stack"],"picked":"SKIP","floor":30.0},{"not_picked":["Steam","Rebound+1"],"picked":"Creative AI","floor":31.0}],"player_experience":1420882,"relics_obtained":[{"floor":2.0,"key":"Molten Egg 2"},{"floor":7.0,"key":"InkBottle"},{"floor":24.0,"key":"Blue Candle"},{"floor":26.0,"key":"CeramicFish"},{"floor":31.0,"key":"Oddly Smooth Stone"}],"event_choices":[{"damage_healed":0.0,"max_hp_gain":0.0,"max_hp_loss":0.0,"gold_gain":0.0,"event_name":"Big Fish","player_choice":"Box","floor":3.0,"gold_loss":0.0,"damage_taken":0.0,"relics_obtained":["Pantograph"],"cards_obtained":["Regret"]},{"damage_healed":0.0,"max_hp_gain":0.0,"max_hp_loss":0.0,"gold_gain":0.0,"event_name":"Match and Keep!","player_choice":"1 cards matched","floor":6.0,"gold_loss":0.0,"damage_taken":0.0,"cards_obtained":["Reinforced Body"]},{"damage_healed":0.0,"max_hp_gain":0.0,"max_hp_loss":0.0,"gold_gain":50.0,"event_name":"FaceTrader","player_choice":"Touch","floor":22.0,"gold_loss":0.0,"damage_taken":7.0},{"damage_healed":0.0,"max_hp_gain":0.0,"max_hp_loss":0.0,"gold_gain":0.0,"event_name":"Ghosts","player_choice":"Ignored","floor":27.0,"gold_loss":0.0,"damage_taken":0.0}],"is_beta":false,"boss_relics":[{"not_picked":["Sozu","SlaversCollar"],"picked":"Nuclear Battery"}],"items_purged_floors":[4,25],"is_endless":false,"potions_floor_spawned":[1,5,13,18,21,24,29],"killed_by":"Automaton","ascension_level":20}}