{"host":"yttw759xqm3gosmj","time":1610589068,"event":{"mods":["AchievementEnabler","Bard","BaseMod","Better Note","Better Third Choice","BetterRewards","Clockwork Mod","Colored Map","Colorless Booster Pack","Conspire","Custom Start","Dio Mod","Downfall","Energized Spire","GifTheSpireLib","Glutton Mod","Googly Eyes","Hermit","Hubris","Infinite Spire","Mimic Mod","Minty Spire (QoL Compilation)","MostiFishMod","Rare Cards Sparkle","Replay The Spire","Shop Mod","Spicy Shops","Spikes Relics","Spire Birthday Party","StSLib","Stuff the Spire","The Alterego","The Animator","The Bladedancer","The Cursed","The Edgeheg","The Forsaken","The Hierophant","The Judge","The Jungle","The Kombatant","The Necromancer","The Poker Player","The Servant 0.9.4","The Trickster","TheSwordswoman","TheVacant","Trackpad","Useless Jewels Mod","Waifu the Spire","WarShipGirlsR/????R mod","egg","slay the spire mod where everything is the same but ironclad has a cowboy hat","??????REMEMod"],"gold_per_floor":[115,96,96,96,96,96,107,107,107,107,127,127,127,59,59,163,163,178,189,189,207,221,221,21,99,219,219,19,19,19,52,52,186,186,205,227,228,245,245],"floor_reached":38,"language":"ENG","playtime":3052,"items_purged":[],"score":655,"play_id":"5bc70c6c-86d4-44ce-9c92-cc7dbf7fc0a3","local_time":"20210113205108","is_ascension_mode":false,"campfire_choices":[{"floor":6.0,"key":"RECALL"},{"floor":8.0,"key":"REST"},{"data":"Echo Form","floor":10.0,"key":"SMITH"},{"data":"Metallicize","floor":12.0,"key":"SMITH"},{"floor":23.0,"key":"REST"},{"data":"Berserk","floor":27.0,"key":"SMITH"},{"data":"infinitespire:Gouge","floor":30.0,"key":"SMITH"},{"floor":32.0,"key":"REST"}],"circlet_count":0,"master_deck":["Strike_R","Strike_R","Strike_R","Strike_R","Strike_R","Defend_R","Defend_R","Defend_R","Defend_R","Bash","Echo Form+1","Metallicize+1","MostiFishMod:PerfectForm+1","Regret","theForsaken:PlagueCurse","StuffTheSpire:Incineration","Cleave","Thunderclap","Power Through","Hemokinesis","Twin Strike","ReplayTheSpireMod:Stacked","ReplayTheSpireMod:Corrosion Curse","Berserk+1","Run Through","Replay:Undeath\u0027s Touch","StuffTheSpire:RagingBull+1","Pummel","conspire:SpireCoStock","conspire:SpireCoStock","conspire:SpireCoStock","conspire:SpireCoStock","Flame Barrier","Cleave+1","Infernal Blade","Hallucinations","Delirium","StuffTheSpire:Innocence","StuffTheSpire:BrainWave","infinitespire:Gouge+1","ReplayReversal","conspire:HitWhereItHurts","infinitespire:OneForAll+1","Pommel Strike","Clash+1","ReplayTheSpireMod:Book of Names","conspire:SpireCoStock","conspire:SpireCoStock","conspire:SpireCoStock","conspire:SpireCoStock"],"relics":["Burning Blood","DaveBox","REME_ComplimentaryCards","Lantern","MetatronsCube","SynthV:TestCard","Mummified Hand","theForsaken:PlagueMask","Replay:Fungal Core","trackpad:ToughGloves","StoneCalendar","StuffTheSpire:Saxophone","ChiXiaoBlade","hubris:Teleporter"],"acts_visited":["Exordium","Exordium","TheBeyond"],"potions_floor_usage":[],"damage_taken":[{"damage":1.0,"enemies":"Cultist","floor":1.0,"turns":3.0},{"damage":3.0,"enemies":"2 Louse","floor":7.0,"turns":2.0},{"damage":0.0,"enemies":"Jaw Worm","floor":11.0,"turns":2.0},{"damage":23.0,"enemies":"Fading Forest","floor":16.0,"turns":11.0},{"damage":6.0,"enemies":"theJungle:5_Spyders","floor":18.0,"turns":6.0},{"damage":0.0,"enemies":"theJungle:GiantWrat","floor":19.0,"turns":3.0},{"damage":4.0,"enemies":"theJungle:Lyon","floor":21.0,"turns":4.0},{"damage":22.0,"enemies":"theJungle:Snecko_Cultist_And_Trap","floor":22.0,"turns":6.0},{"damage":0.0,"enemies":"theJungle:Cassacara","floor":25.0,"turns":6.0},{"damage":2.0,"enemies":"Snake Plant","floor":26.0,"turns":7.0},{"damage":29.0,"enemies":"Snake Plant","floor":31.0,"turns":4.0},{"damage":19.0,"enemies":"theJungle:FunGuy","floor":33.0,"turns":9.0},{"damage":2.0,"enemies":"3 Shapes","floor":35.0,"turns":2.0},{"damage":23.0,"enemies":"3 Darklings","floor":36.0,"turns":5.0},{"damage":14.0,"enemies":"infinitespire:Three Voidlings","floor":37.0,"turns":3.0},{"damage":23.0,"enemies":"Nightmare_Alpha","floor":37.0,"turns":9.0},{"damage":56,"enemies":"2 Orb Walkers","floor":38,"turns":3}],"seed_played":"5470549532229883670","potions_obtained":[{"floor":1.0,"key":"Languid Potion"},{"floor":19.0,"key":"REME_GoldPotion"},{"floor":22.0,"key":"GamblersBrew"},{"floor":25.0,"key":"AttackPotion"},{"floor":35.0,"key":"ColorlessPotion"},{"floor":36.0,"key":"Dexterity Potion"}],"is_trial":false,"path_per_floor":["M","$","?","?","?","R","M","R","T","R","M","R","?","$","R_BF","B",null,"M","M","?","M","M","R","?","E","MIM","R","$","?","R","M","R","B",null,"M","M","?","?"],"character_chosen":"IRONCLAD","items_purchased":["Lantern","MetatronsCube","MostiFishMod:PerfectForm","ReplayTheSpireMod:Stacked","StuffTheSpire:Saxophone","Infernal Blade"],"campfire_rested":3,"item_purchase_floors":[0,0,2,14,28,28],"current_hp_per_floor":[49,49,49,49,49,49,52,76,76,76,80,80,80,80,80,63,80,80,80,80,80,64,80,80,80,80,80,80,80,80,57,80,67,80,80,63,42,0,0],"gold":245,"neow_bonus":"","is_daily":false,"chose_seed":false,"campfire_upgraded":4,"win_rate":0.0,"timestamp":1610589068,"path_taken":["M","$","?","?","?","R","M","R","T","R","?","R","?","?","R_BF","BOSS","M","?","?","M","M","R","?","E","MIM","R","?","?","R","?","R","BOSS","M","?","?","?"],"items_purchased_type":["Relic","Relic","Card","Card","Relic","Card"],"build_version":"2020-12-22","purchased_purges":0,"victory":false,"max_hp_per_floor":[80,80,80,80,80,80,80,80,80,80,80,80,80,80,80,80,80,80,80,80,80,80,80,80,80,80,80,80,80,80,80,80,80,80,80,80,80,80,80],"card_choices":[{"not_picked":["True Grit","BarbarianYell"],"picked":"Metallicize","floor":1.0},{"not_picked":["Seeing Red","Perfected Strike","Carnage","Replay:Undeath\u0027s Touch"],"picked":"StuffTheSpire:Incineration","floor":7.0},{"not_picked":["StuffTheSpire:Slingshot","Dual Wield","Shrug It Off","Replay:Undeath\u0027s Touch"],"picked":"Cleave","floor":11.0},{"not_picked":["Feed","MostiFishMod:RainCloud","Corruption","MostiFishMod:RacingGame"],"picked":"Berserk","floor":16.0},{"not_picked":["Clash","Reckless Charge","MostiFishMod:#F4004","Life Link"],"picked":"Run Through","floor":18.0},{"not_picked":["Warcry+1","Armaments+1","StuffTheSpire:Incineration","Invigoration"],"picked":"Replay:Undeath\u0027s Touch","floor":19.0},{"not_picked":["Heavy Blade","Massacre","Absolvement","Headbutt"],"picked":"StuffTheSpire:RagingBull+1","floor":21.0},{"not_picked":["StuffTheSpire:Incineration","StuffTheSpire:Slingshot","hubris:ReadiedAction+1","Cleave"],"picked":"Pummel","floor":22.0},{"not_picked":["MostiFishMod:TemporaryOutbreak","StuffTheSpire:Slingshot+1","Replay:Undeath\u0027s Touch","StuffTheSpire:Incineration"],"picked":"Flame Barrier","floor":25.0},{"not_picked":["MostiFishMod:BrandingRite","Clothesline+1","ReplayTheSpireMod:Strike From Hell","Flex"],"picked":"Cleave+1","floor":26.0},{"not_picked":["ReplayTheSpireMod:Echoes of Time","infinitespire:SevenWalls"],"picked":"infinitespire:Gouge","floor":29.0},{"not_picked":["Clash","Rupture","Heavy Blade","Pommel Strike"],"picked":"ReplayReversal","floor":31.0},{"not_picked":["Brutality","REME_ACTH","MostiFishMod:HellRitual","MostiFishMod:FireWorks"],"picked":"conspire:HitWhereItHurts","floor":33.0},{"not_picked":["Anger+1","StuffTheSpire:Incineration","Shrug It Off","Perfected Strike+1"],"picked":"infinitespire:OneForAll+1","floor":35.0},{"not_picked":["Headbutt","True Grit+1","Corruption","Perfected Strike"],"picked":"Pommel Strike","floor":36.0},{"not_picked":["MostiFishMod:WingOfPhoenix","Armaments+1","Warcry","ReplayTheSpireMod:LeadingStrike"],"picked":"Clash+1","floor":37},{"not_picked":["infinitespire:Menacing","ReplayTheSpireMod:??????????????????????"],"picked":"ReplayTheSpireMod:Book of Names","floor":37}],"player_experience":93127,"relics_obtained":[{"floor":1.0,"key":"SynthV:TestCard"},{"floor":25.0,"key":"trackpad:ToughGloves"},{"floor":26.0,"key":"StoneCalendar"},{"floor":37,"key":"hubris:Teleporter"}],"event_choices":[{"damage_healed":0.0,"max_hp_gain":0.0,"max_hp_loss":0.0,"gold_gain":0.0,"event_name":"Big Fish","player_choice":"Box","floor":4.0,"gold_loss":0.0,"damage_taken":0.0,"relics_obtained":["Mummified Hand"],"cards_obtained":["Regret"]},{"damage_healed":0.0,"max_hp_gain":0.0,"max_hp_loss":0.0,"gold_gain":0.0,"event_name":"Plague Doctor","player_choice":"Obtain Plague Curse","floor":5.0,"gold_loss":0.0,"damage_taken":0.0,"cards_obtained":["theForsaken:PlagueCurse"]},{"damage_healed":0.0,"max_hp_gain":0.0,"max_hp_loss":0.0,"gold_gain":0.0,"cards_transformed":["StuffTheSpire:BloodClot"],"event_name":"Transmorgrifier","player_choice":"Transformed","floor":15.0,"gold_loss":0.0,"damage_taken":0.0,"cards_obtained":["ReplayTheSpireMod:Corrosion Curse"]},{"cards_removed":["MostiFishMod:PerfectForm"],"damage_healed":0.0,"max_hp_gain":0.0,"max_hp_loss":0.0,"gold_gain":0.0,"event_name":"betterNote:BetterNote","player_choice":"Give","floor":20.0,"gold_loss":0.0,"damage_taken":0.0,"cards_obtained":["None"]},{"damage_healed":0.0,"max_hp_gain":0.0,"max_hp_loss":0.0,"gold_gain":0.0,"event_name":"conspire:Investor","player_choice":"Invest 4","floor":24.0,"gold_loss":0.0,"damage_taken":0.0},{"damage_healed":0,"gold_gain":0,"player_choice":"Invest 4","damage_taken":0,"max_hp_gain":0,"max_hp_loss":0,"event_name":"conspire:Investor","floor":37,"gold_loss":0},{"damage_healed":0,"gold_gain":0,"player_choice":"Fight","damage_taken":0,"max_hp_gain":0,"max_hp_loss":0,"event_name":"Mysterious Sphere","floor":38,"gold_loss":0}],"is_beta":false,"boss_relics":[{"not_picked":["EE1DDrone","ReplayTheSpireMod:SealedPack"],"picked":"Replay:Fungal Core"},{"not_picked":["HereWithMe","Black Blood"],"picked":"ChiXiaoBlade"}],"items_purged_floors":[],"is_endless":true,"potions_floor_spawned":[1,19,22,25,35,36],"killed_by":"2 Orb Walkers","ascension_level":0}}