{"host":"yn1175etg9ni8l0q","time":1610667800,"event":{"mods":["AchievementEnabler","BaseMod","Colored Map","Colored Powertips","DeckTracker","Minty Spire (QoL Compilation)","Rare Cards Sparkle","Relic Stats","SuperFastMode","everything is the same but u backflip on backflip"],"gold_per_floor":[116,66,66,83,101,101,117,132,155,182,193,193,203,217,217,319,319,332,22,22,34,34,34,53,69,69,86,96,96,96,96,96,201,201,219,219,239,164,176,176,189,189,189,89,103,103,137,137,137],"floor_reached":48,"language":"KOR","playtime":1392,"items_purged":["Masterful Stab","Strike_G+1"],"score":518,"play_id":"cdebd7e2-ffa4-4c3f-a1f8-6a2cb3e5ce25","local_time":"20210115084320","is_ascension_mode":false,"campfire_choices":[{"data":"Venomology","floor":6.0,"key":"SMITH"},{"data":"Neutralize","floor":15.0,"key":"SMITH"},{"data":"Acrobatics","floor":23.0,"key":"SMITH"},{"floor":29.0,"key":"REST"},{"data":"After Image","floor":32.0,"key":"SMITH"},{"data":"Phantasmal Killer","floor":40.0,"key":"SMITH"},{"data":"Blade Dance","floor":42.0,"key":"SMITH"},{"floor":46.0,"key":"REST"}],"circlet_count":0,"master_deck":["Strike_G+1","Strike_G+1","Strike_G+1","Defend_G+1","Defend_G+1","Defend_G+1","Defend_G+1","Survivor","Neutralize+1","Venomology+1","Backstab+1","Bouncing Flask","Deflect","Acrobatics+1","Blade Dance+1","Flechettes","Blade Dance","After Image","Apotheosis+1","After Image+1","Reflex+1","Phantasmal Killer+1","Cloak And Dagger+1","Backflip+1"],"relics":["Ring of the Snake","Whetstone","Akabeko","DollysMirror","Du-Vu Doll","WristBlade","Art of War","Regal Pillow"],"acts_visited":["Exordium","TheCity","TheBeyond"],"potions_floor_usage":[48],"damage_taken":[{"damage":1.0,"enemies":"Jaw Worm","floor":1.0,"turns":6.0},{"damage":0.0,"enemies":"Cultist","floor":4.0,"turns":2.0},{"damage":0.0,"enemies":"Small Slimes","floor":5.0,"turns":5.0},{"damage":2.0,"enemies":"Looter","floor":7.0,"turns":3.0},{"damage":2.0,"enemies":"Large Slime","floor":8.0,"turns":7.0},{"damage":14.0,"enemies":"Lagavulin","floor":10.0,"turns":6.0},{"damage":4.0,"enemies":"Gremlin Gang","floor":11.0,"turns":6.0},{"damage":9.0,"enemies":"Exordium Thugs","floor":13.0,"turns":3.0},{"damage":0.0,"enemies":"Large Slime","floor":14.0,"turns":3.0},{"damage":0.0,"enemies":"Slime Boss","floor":16.0,"turns":2.0},{"damage":0.0,"enemies":"Chosen","floor":18.0,"turns":4.0},{"damage":1.0,"enemies":"Spheric Guardian","floor":21.0,"turns":4.0},{"damage":6.0,"enemies":"Snecko","floor":24.0,"turns":4.0},{"damage":20.0,"enemies":"Sentry and Sphere","floor":25.0,"turns":7.0},{"damage":7.0,"enemies":"Centurion and Healer","floor":27.0,"turns":8.0},{"damage":20.0,"enemies":"Snecko","floor":28.0,"turns":5.0},{"damage":67.0,"enemies":"Champ","floor":33.0,"turns":16.0},{"damage":14.0,"enemies":"3 Darklings","floor":35.0,"turns":7.0},{"damage":4.0,"enemies":"Orb Walker","floor":37.0,"turns":2.0},{"damage":6.0,"enemies":"3 Darklings","floor":39.0,"turns":6.0},{"damage":4.0,"enemies":"Spire Growth","floor":41.0,"turns":4.0},{"damage":27.0,"enemies":"Writhing Mass","floor":45.0,"turns":8.0},{"damage":14.0,"enemies":"Reptomancer","floor":47.0,"turns":8.0},{"damage":22,"enemies":"Transient","floor":48,"turns":4}],"seed_played":"5636752991187806380","potions_obtained":[{"floor":11.0,"key":"Fruit Juice"},{"floor":33.0,"key":"SneckoOil"},{"floor":35.0,"key":"Strength Potion"},{"floor":47.0,"key":"LiquidBronze"}],"is_trial":false,"path_per_floor":["M","?","?","M","M","R","M","M","T","E","M","?","M","M","R","B",null,"M","$","?","M","?","R","M","M","T","M","M","R","T","?","R","B",null,"M","?","M","$","M","R","M","R","T","$","M","R","E","M"],"character_chosen":"THE_SILENT","items_purchased":["Apotheosis","DollysMirror"],"campfire_rested":2,"item_purchase_floors":[19,19],"current_hp_per_floor":[62,62,62,62,62,62,60,58,58,44,45,31,22,22,22,22,68,68,68,68,67,67,67,61,41,41,34,14,34,34,34,34,11,68,54,54,50,50,44,44,40,40,40,40,13,33,19,0,0],"gold":137,"neow_bonus":"THREE_RARE_CARDS","is_daily":false,"chose_seed":false,"campfire_upgraded":6,"win_rate":0.0,"timestamp":1610667800,"path_taken":["M","?","?","M","M","R","M","?","T","E","M","?","M","M","R","BOSS","M","$","?","M","?","R","?","M","T","M","?","R","?","?","R","BOSS","M","?","M","$","?","R","M","R","T","$","M","R","E","M"],"items_purchased_type":["Card","Relic"],"build_version":"2020-12-22","purchased_purges":2,"victory":false,"max_hp_per_floor":[63,63,63,63,63,63,63,63,63,63,68,68,68,68,68,68,68,68,68,68,68,68,68,68,68,68,68,68,68,68,68,68,68,68,68,68,68,68,68,68,68,68,68,68,68,68,68,68,68],"relic_stats":{"Regal Pillow":0,"counters":[24,130],"Art of War":[1],"Whetstone":["Strike_G","Backstab"],"obtain_stats":[{"Du-Vu Doll":30,"Regal Pillow":47,"WristBlade":34,"DollysMirror":19,"Art of War":43,"Whetstone":9,"Akabeko":10,"Ring of the Snake":0},{"Du-Vu Doll":16,"Regal Pillow":23,"WristBlade":17,"DollysMirror":11,"Art of War":21,"Whetstone":5,"Akabeko":6,"Ring of the Snake":0},{"Du-Vu Doll":75,"Regal Pillow":126,"WristBlade":91,"DollysMirror":47,"Art of War":110,"Whetstone":23,"Akabeko":29,"Ring of the Snake":0}],"Ring of the Snake":[48]},"card_choices":[{"not_picked":["Unload","Malaise"],"picked":"Venomology","floor":0.0},{"not_picked":["Outmaneuver","Backflip"],"picked":"Backstab","floor":1.0},{"not_picked":["PiercingWail","Dagger Spray"],"picked":"Deflect","floor":4.0},{"not_picked":["Concentrate","Poisoned Stab","Flying Knee"],"picked":"SKIP","floor":5.0},{"not_picked":["Night Terror","Slice","Dash"],"picked":"SKIP","floor":7.0},{"not_picked":["Accuracy","Leg Sweep"],"picked":"Acrobatics","floor":8.0},{"not_picked":["Slice","Underhanded Strike"],"picked":"Masterful Stab","floor":10.0},{"not_picked":["Slice","Skewer"],"picked":"Blade Dance","floor":11.0},{"not_picked":["Choke","Grand Finale"],"picked":"Flechettes","floor":13.0},{"not_picked":["Sucker Punch","Dagger Spray"],"picked":"Blade Dance","floor":14.0},{"not_picked":["Phantasmal Killer","Corpse Explosion"],"picked":"After Image","floor":16.0},{"not_picked":["Blade Dance","Flying Knee+1","Dagger Throw"],"picked":"SKIP","floor":18.0},{"not_picked":["Backstab","Dagger Throw"],"picked":"Reflex+1","floor":21.0},{"not_picked":["Heel Hook","Blade Dance+1","Sucker Punch"],"picked":"SKIP","floor":24.0},{"not_picked":["Deadly Poison","Dagger Throw","Leg Sweep+1"],"picked":"SKIP","floor":25.0},{"not_picked":["Underhanded Strike+1","Dagger Spray","Bane"],"picked":"SKIP","floor":27.0},{"not_picked":["Poisoned Stab","PiercingWail","Acrobatics"],"picked":"SKIP","floor":28.0},{"not_picked":["Night Terror","Doppelganger"],"picked":"Phantasmal Killer","floor":33.0},{"not_picked":["Caltrops+1","Dagger Spray"],"picked":"Cloak And Dagger+1","floor":35.0},{"not_picked":["Flying Knee","Bane"],"picked":"Backflip+1","floor":37.0},{"not_picked":["Deflect","Bane+1","Outmaneuver+1"],"picked":"SKIP","floor":39.0},{"not_picked":["Caltrops+1","Backflip","Sucker Punch+1"],"picked":"SKIP","floor":41.0},{"not_picked":["A Thousand Cuts","Blade Dance+1","Backflip"],"picked":"SKIP","floor":45.0},{"not_picked":["Deflect","Dagger Spray","Expertise"],"picked":"SKIP","floor":47.0}],"player_experience":331414,"relics_obtained":[{"floor":9.0,"key":"Whetstone"},{"floor":10.0,"key":"Akabeko"},{"floor":30.0,"key":"Du-Vu Doll"},{"floor":43.0,"key":"Art of War"},{"floor":47.0,"key":"Regal Pillow"}],"event_choices":[{"cards_removed":["Strike_G"],"damage_healed":0.0,"max_hp_gain":0.0,"max_hp_loss":0.0,"gold_gain":0.0,"event_name":"The Cleric","player_choice":"Card Removal","floor":2.0,"gold_loss":50.0,"damage_taken":0.0},{"cards_removed":["Defend_G"],"damage_healed":0.0,"max_hp_gain":0.0,"max_hp_loss":0.0,"gold_gain":0.0,"event_name":"NoteForYourself","player_choice":"Took Card","floor":3.0,"gold_loss":0.0,"damage_taken":0.0,"cards_obtained":["Bouncing Flask"]},{"damage_healed":0.0,"max_hp_gain":0.0,"max_hp_loss":0.0,"gold_gain":0.0,"event_name":"Shining Light","player_choice":"Entered Light","floor":12.0,"gold_loss":0.0,"damage_taken":14.0,"cards_upgraded":["Strike_G","Defend_G"]},{"damage_healed":0.0,"max_hp_gain":0.0,"max_hp_loss":0.0,"gold_gain":0.0,"event_name":"Back to Basics","player_choice":"Simplicity","floor":20.0,"gold_loss":0.0,"damage_taken":0.0,"cards_upgraded":["Strike_G","Strike_G","Defend_G","Defend_G","Defend_G"]},{"damage_healed":0.0,"max_hp_gain":0.0,"max_hp_loss":0.0,"gold_gain":0.0,"event_name":"Upgrade Shrine","player_choice":"Upgraded","floor":22.0,"gold_loss":0.0,"damage_taken":0.0,"cards_upgraded":["Apotheosis"]},{"damage_healed":0.0,"max_hp_gain":0.0,"max_hp_loss":0.0,"gold_gain":0.0,"event_name":"Ghosts","player_choice":"Ignored","floor":31.0,"gold_loss":0.0,"damage_taken":0.0},{"damage_healed":0.0,"max_hp_gain":0.0,"max_hp_loss":0.0,"gold_gain":0.0,"event_name":"Match and Keep!","player_choice":"0 cards matched","floor":36.0,"gold_loss":0.0,"damage_taken":0.0,"cards_obtained":[]}],"is_beta":false,"boss_relics":[{"not_picked":["Sozu","Velvet Choker","Coffee Dripper"]},{"not_picked":["Philosopher\u0027s Stone","Busted Crown"],"picked":"WristBlade"}],"items_purged_floors":[38,44],"is_endless":false,"potions_floor_spawned":[8,11,13,14,18,21,27,33,35,47],"killed_by":"Transient","ascension_level":0}}