{"host":"2yhbarjh4s9lrrzt","time":1610588713,"event":{"mods":["BaseMod","Better Third Choice","Minty Spire (QoL Compilation)","Replay The Spire","StSLib"],"gold_per_floor":[111,111,131,150,166,195,195,215,215,233,233,7,7,7,7,109,109,119,19,38,38,48,48,66,79,102,5,5,24,24,34,34,34,34],"floor_reached":33,"language":"ENG","playtime":3173,"items_purged":["Delirium","Defend_P"],"score":251,"play_id":"babe0f74-2aa0-497e-b3ba-cc2004144274","local_time":"20210113204513","is_ascension_mode":false,"campfire_choices":[{"floor":7,"key":"REST"},{"floor":11,"key":"RECALL"},{"floor":13,"key":"REST"},{"floor":15,"key":"REST"},{"floor":23,"key":"REST"},{"floor":30,"key":"REST"}],"circlet_count":0,"master_deck":["Strike_P","Strike_P","Strike_P","Strike_P","Defend_P","Defend_P","Defend_P","Eruption","Vigilance+1","EmptyFist","BattleHymn","Consecrate","CarveReality","LikeWater","CutThroughFate","WaveOfTheHand","Conclude","Study","Crescendo","Replay:Parry","Consecrate","Judgement","FlurryOfBlows","Replay:Battleflow","Halt","Indignation","WheelKick+1","EmptyFist","SandsOfTime","ClearTheMind+1"],"relics":["PureWater","Orichalcum","ReplayTheSpireMod:CursedCoin","Black Star","ReplayTheSpireMod:Lightbulb"],"acts_visited":["Exordium","TheCity"],"potions_floor_usage":[6,16,16,20,22,24,29,33,33,33,33,33,33,33],"damage_taken":[{"damage":0,"enemies":"2 Louse","floor":1,"turns":3},{"damage":7,"enemies":"Cultist","floor":3,"turns":6},{"damage":3,"enemies":"Jaw Worm","floor":4,"turns":4},{"damage":10,"enemies":"2 Fungi Beasts","floor":5,"turns":5},{"damage":27,"enemies":"Gremlin Nob","floor":6,"turns":4},{"damage":1,"enemies":"Exordium Wildlife","floor":8,"turns":4},{"damage":5,"enemies":"3 Louse","floor":10,"turns":5},{"damage":25,"enemies":"Fading Forest","floor":16,"turns":11},{"damage":12,"enemies":"Chosen","floor":18,"turns":6},{"damage":0,"enemies":"3 Byrds","floor":20,"turns":4},{"damage":22,"enemies":"Cultist and Chosen","floor":22,"turns":6},{"damage":9,"enemies":"Sentry and Sphere","floor":24,"turns":4},{"damage":14,"enemies":"Centurion and Healer","floor":25,"turns":7},{"damage":22,"enemies":"Cultist and Chosen","floor":29,"turns":7},{"damage":8,"enemies":"Chosen and Byrds","floor":31,"turns":6},{"damage":65,"enemies":"Collector","floor":33,"turns":7}],"seed_played":"-4976931319277756047","potions_obtained":[{"floor":3,"key":"LiquidBronze"},{"floor":6,"key":"Explosive Potion"},{"floor":8,"key":"Energy Potion"},{"floor":10,"key":"AttackPotion"},{"floor":16,"key":"Fire Potion"},{"floor":18,"key":"Adrenaline Potion"},{"floor":20,"key":"LiquidBronze"},{"floor":22,"key":"ColorlessPotion"}],"is_trial":false,"path_per_floor":["M","?","M","M","M","E","R","M","T","M","R","$","R","$","R","B",null,"M","$","M","$","M","R","M","M","T","$","?","M","R","M","R","B"],"character_chosen":"WATCHER","items_purchased":["ReplayTheSpireMod:CursedCoin","Conclude","Study","Crescendo","Replay:Parry","Consecrate","Regen Potion","EmptyFist"],"campfire_rested":5,"item_purchase_floors":[12,12,12,12,12,12,27,27],"current_hp_per_floor":[72,72,65,62,52,25,46,45,45,40,40,40,61,61,72,57,72,60,60,60,60,38,59,50,36,36,36,36,29,50,42,63,0,0],"gold":34,"neow_bonus":"UPGRADE_CARD","is_daily":false,"chose_seed":false,"campfire_upgraded":0,"win_rate":0.0,"timestamp":1610588713,"path_taken":["M","?","M","?","M","E","R","M","T","M","R","$","R","?","R","BOSS","M","$","M","$","M","R","M","M","T","$","?","M","R","M","R","BOSS"],"items_purchased_type":["Relic","Card","Card","Card","Card","Card","Potion","Card"],"build_version":"2020-12-22","purchased_purges":2,"victory":false,"max_hp_per_floor":[72,72,72,72,72,72,72,72,72,72,72,72,72,72,72,72,72,72,72,72,72,72,72,72,72,72,72,72,72,72,72,72,72,72],"card_choices":[{"not_picked":["FollowUp","PathToVictory"],"picked":"EmptyFist","floor":1},{"not_picked":["FlurryOfBlows","Replay:Hum"],"picked":"BattleHymn","floor":3},{"not_picked":["Evaluate","EmptyMind"],"picked":"Consecrate","floor":4},{"not_picked":["Prostrate","EmptyMind"],"picked":"CarveReality","floor":5},{"not_picked":["SashWhip","Blasphemy"],"picked":"LikeWater","floor":6},{"not_picked":["Crescendo","Consecrate"],"picked":"CutThroughFate","floor":8},{"not_picked":["FlyingSleeves","Conclude"],"picked":"WaveOfTheHand","floor":10},{"not_picked":["Blasphemy","Ragnarok"],"picked":"Judgement","floor":16},{"not_picked":["SashWhip","Halt"],"picked":"FlurryOfBlows","floor":18},{"not_picked":["BattleHymn","Halt"],"picked":"Replay:Battleflow","floor":20},{"not_picked":["PathToVictory","ThirdEye"],"picked":"Halt","floor":22},{"not_picked":["Adaptation","Blasphemy"],"picked":"Indignation","floor":24},{"not_picked":["CutThroughFate+1","EmptyFist"],"picked":"WheelKick","floor":25},{"not_picked":["Replay:AtTheReady","Crescendo+1"],"picked":"SandsOfTime","floor":29},{"not_picked":["FollowUp","Prostrate"],"picked":"ClearTheMind+1","floor":31}],"player_experience":186575,"relics_obtained":[{"floor":6,"key":"Orichalcum"},{"floor":26,"key":"ReplayTheSpireMod:Lightbulb"}],"event_choices":[{"cards_removed":["Doubt"],"damage_healed":0,"gold_gain":0,"player_choice":"Took Card","damage_taken":0,"max_hp_gain":0,"max_hp_loss":0,"event_name":"NoteForYourself","floor":2,"gold_loss":0,"cards_obtained":["Doubt"]}],"is_beta":false,"boss_relics":[{"not_picked":["Coffee Dripper","Ring of Chaos"],"picked":"Black Star"}],"items_purged_floors":[12,19],"is_endless":false,"potions_floor_spawned":[3,6,8,10,16,18,20,22],"killed_by":"Collector","ascension_level":0}}