{"host":"1pwde2j81wdvsae3","time":1610597356,"event":{"mods":["BaseMod","Minty Spire (QoL Compilation)","Replay The Spire","Shop Mod","StSLib"],"gold_per_floor":[111,111,123,136,198,198,211,211,211,238,238,249,114,124,124,124,124],"floor_reached":16,"language":"ZHS","playtime":448,"items_purged":[],"score":153,"play_id":"f15522c4-de2b-458c-afaa-426516aaebf1","local_time":"20210114120916","is_ascension_mode":true,"campfire_choices":[{"data":"Berserk","floor":6,"key":"SMITH"},{"floor":8,"key":"REST"},{"floor":11,"key":"REST"},{"data":"Mind Blast","floor":15,"key":"SMITH"}],"circlet_count":0,"master_deck":["AscendersBane","Strike_R","Strike_R","Strike_R","Strike_R","Strike_R","Defend_R","Defend_R","Defend_R","Defend_R","Bash","Flex","Bash","Mind Blast+1","ReplayTheSpireMod:Corrosion Curse","Shrug It Off","Berserk+1","Pummel","Clothesline","Spot Weakness","ReplayTheSpireMod:Strike From Hell","Rage","Wild Strike"],"relics":["Burning Blood","Girya","Replay:Bottled Steam","The Courier","Ice Cream"],"acts_visited":["Exordium"],"potions_floor_usage":[16],"damage_taken":[{"damage":10.0,"enemies":"Cultist","floor":1.0,"turns":5.0},{"damage":15,"enemies":"Small Slimes","floor":3,"turns":4},{"damage":0,"enemies":"2 Louse","floor":4,"turns":1},{"damage":18,"enemies":"Exordium Wildlife","floor":7,"turns":5},{"damage":25,"enemies":"Gremlin Nob","floor":10,"turns":4},{"damage":24,"enemies":"Gremlin Gang","floor":12,"turns":5},{"damage":17,"enemies":"Red Slaver","floor":14,"turns":4},{"damage":33,"enemies":"Slime Boss","floor":16,"turns":3}],"seed_played":"9096769312404592026","potions_obtained":[{"floor":4,"key":"Energy Potion"},{"floor":7,"key":"Elixir"},{"floor":12,"key":"SpeedPotion"}],"is_trial":false,"path_per_floor":["M","?","M","M","?","R","M","R","T","E","R","M","?","M","R","B"],"character_chosen":"IRONCLAD","items_purchased":[],"campfire_rested":2,"item_purchase_floors":[],"current_hp_per_floor":[47,47,38,44,44,44,32,56,56,37,61,43,43,32,32,0,0],"gold":124,"neow_bonus":"ONE_RARE_RELIC","is_daily":false,"chose_seed":false,"campfire_upgraded":2,"win_rate":0.0,"timestamp":1610597356,"path_taken":["M","?","M","?","?","R","M","R","T","E","R","M","?","?","R","BOSS"],"items_purchased_type":[],"build_version":"2020-12-22","purchased_purges":0,"victory":false,"max_hp_per_floor":[80,80,80,80,80,80,80,80,80,80,80,80,80,80,80,80,80],"card_choices":[{"not_picked":["Dropkick","Headbutt"],"picked":"Flex","floor":1.0},{"not_picked":["Iron Wave","Warcry"],"picked":"Pummel","floor":3},{"not_picked":["True Grit","ReplayTheSpireMod:Strike From Hell"],"picked":"Clothesline","floor":4},{"not_picked":["Rampage","Pommel Strike"],"picked":"Spot Weakness","floor":7},{"not_picked":["Havoc","Warcry"],"picked":"ReplayTheSpireMod:Strike From Hell","floor":10},{"not_picked":["Twin Strike","ReplayReversal"],"picked":"Rage","floor":12},{"not_picked":["Uppercut","ReplayReversal"],"picked":"Wild Strike","floor":14}],"player_experience":197260,"relics_obtained":[{"floor":9,"key":"Replay:Bottled Steam"},{"floor":10,"key":"The Courier"}],"event_choices":[{"damage_healed":0,"gold_gain":0,"player_choice":"5 cards matched","damage_taken":0,"max_hp_gain":0,"max_hp_loss":0,"event_name":"Match and Keep!","floor":2,"gold_loss":0,"cards_obtained":["Bash","Mind Blast","ReplayTheSpireMod:Corrosion Curse","Shrug It Off","Berserk"]},{"damage_healed":0,"gold_gain":0,"player_choice":"5 cards matched","damage_taken":0,"max_hp_gain":0,"max_hp_loss":0,"event_name":"Match and Keep!","floor":2,"gold_loss":0,"cards_obtained":["Bash","Mind Blast","ReplayTheSpireMod:Corrosion Curse","Shrug It Off","Berserk"]},{"damage_healed":0,"gold_gain":62,"player_choice":"Gained Gold","damage_taken":0,"max_hp_gain":0,"max_hp_loss":0,"event_name":"Golden Wing","floor":5,"gold_loss":0},{"damage_healed":0,"gold_gain":0,"player_choice":"Paid Gold","damage_taken":0,"relics_obtained":["Ice Cream"],"max_hp_gain":0,"max_hp_loss":0,"event_name":"WeMeetAgain","floor":13,"gold_loss":135}],"is_beta":false,"boss_relics":[],"items_purged_floors":[],"is_endless":false,"potions_floor_spawned":[4,7,12],"killed_by":"Slime Boss","ascension_level":10}}