{"host":"xh3brefae6wm9kl8","time":1610600037,"event":{"mods":["AchievementEnabler","BaseMod","GifTheSpireLib","Keyboard Shortcuts","Minty Spire (QoL Compilation)","Permanent Neow","Relic Stats","StSLib","SuperFastMode"],"gold_per_floor":[118,137,154,9,9,39,52,52,79,4,17,17,49,66,66,143,143,155,175,375,394,221,221,221,221],"floor_reached":24,"language":"KOR","playtime":949,"items_purged":["Strike_B","Strike_B"],"score":364,"play_id":"15e12ab3-f581-45cb-ba6c-5f8d02bdca27","local_time":"20210114135357","is_ascension_mode":true,"campfire_choices":[{"floor":12,"key":"REST"},{"floor":15,"key":"REST"},{"floor":23,"key":"REST"}],"circlet_count":0,"master_deck":["AscendersBane","Strike_B","Defend_B","Defend_B","Defend_B","Defend_B+1","Zap+1","Dualcast+1","Echo Form","Leap","Barrage","Turbo","Ball Lightning","Ball Lightning","Auto Shields","Electrodynamics","Capacitor"],"relics":["Cracked Core","War Paint","Potion Belt","Bag of Preparation","Orichalcum","Philosopher\u0027s Stone"],"acts_visited":["Exordium","TheCity"],"potions_floor_usage":[6,16,16,21],"damage_taken":[{"damage":0,"enemies":"Cultist","floor":1,"turns":4},{"damage":3,"enemies":"Small Slimes","floor":2,"turns":3},{"damage":0,"enemies":"Jaw Worm","floor":3,"turns":5},{"damage":39,"enemies":"3 Sentries","floor":6,"turns":13},{"damage":11,"enemies":"Exordium Thugs","floor":7,"turns":6},{"damage":0,"enemies":"Exordium Wildlife","floor":11,"turns":4},{"damage":21,"enemies":"Lagavulin","floor":13,"turns":4},{"damage":0,"enemies":"Gremlin Gang","floor":14,"turns":4},{"damage":15,"enemies":"The Guardian","floor":16,"turns":7},{"damage":7,"enemies":"Shell Parasite","floor":18,"turns":5},{"damage":3,"enemies":"Spheric Guardian","floor":19,"turns":3},{"damage":19,"enemies":"Snake Plant","floor":21,"turns":4},{"damage":57,"enemies":"Cultist and Chosen","floor":24,"turns":7}],"seed_played":"1158746393624434010","potions_obtained":[{"floor":1,"key":"SneckoOil"},{"floor":2,"key":"Weak Potion"},{"floor":13,"key":"BlessingOfTheForge"},{"floor":14,"key":"Swift Potion"},{"floor":16,"key":"Energy Potion"},{"floor":19,"key":"Swift Potion"}],"is_trial":false,"path_per_floor":["M","M","M","$","?","E","M","$","T","$","M","R","E","M","R","B",null,"M","M","?","M","$","R","M"],"character_chosen":"DEFECT","items_purchased":["War Paint","Capacitor"],"campfire_rested":3,"item_purchase_floors":[4,22],"current_hp_per_floor":[64,61,61,61,61,22,11,11,11,11,11,32,11,11,32,17,58,51,48,48,29,29,50,0,0],"gold":221,"neow_bonus":"TRANSFORM_CARD","is_daily":false,"chose_seed":false,"campfire_upgraded":0,"win_rate":0.0,"timestamp":1610600037,"path_taken":["M","M","M","?","?","E","M","$","T","?","?","R","E","M","R","BOSS","M","M","?","M","$","R","M"],"items_purchased_type":["Relic","Card"],"build_version":"2020-12-22","purchased_purges":2,"victory":false,"max_hp_per_floor":[71,71,71,71,71,71,71,71,71,71,71,71,71,71,71,71,71,71,71,71,71,71,71,71,71],"relic_stats":{"counters":[13,69],"Bag of Preparation":[16],"War Paint":["Dualcast","Defend_B"],"Orichalcum":[54],"obtain_stats":[{"Potion Belt":6,"Philosopher\u0027s Stone":17,"Bag of Preparation":9,"War Paint":4,"Orichalcum":13,"Cracked Core":0},{"Potion Belt":4,"Philosopher\u0027s Stone":9,"Bag of Preparation":5,"War Paint":3,"Orichalcum":7,"Cracked Core":0},{"Potion Belt":25,"Philosopher\u0027s Stone":50,"Bag of Preparation":31,"War Paint":12,"Orichalcum":39,"Cracked Core":0}]},"card_choices":[{"not_picked":["Turbo","Scrape","Consume"],"picked":"SKIP","floor":1},{"not_picked":["Static Discharge","Chaos"],"picked":"Leap","floor":2},{"not_picked":["Beam Cell","Rebound"],"picked":"Barrage","floor":3},{"not_picked":["Ball Lightning","Hyperbeam"],"picked":"Turbo","floor":6},{"not_picked":["Sunder","Rebound"],"picked":"Ball Lightning","floor":7},{"not_picked":["Heatsinks","Rebound"],"picked":"Ball Lightning","floor":11},{"not_picked":["Gash","Melter","Multi-Cast"],"picked":"SKIP","floor":13},{"not_picked":["Beam Cell","Compile Driver"],"picked":"Auto Shields","floor":14},{"not_picked":["Meteor Strike","All For One"],"picked":"Electrodynamics","floor":16},{"not_picked":["Go for the Eyes+1","Steam Power","Genetic Algorithm"],"picked":"SKIP","floor":18},{"not_picked":["Streamline+1","Turbo","Gash"],"picked":"SKIP","floor":19},{"not_picked":["Reprogram","Gash","Loop"],"picked":"SKIP","floor":21}],"player_experience":386693,"relics_obtained":[{"floor":6,"key":"Potion Belt"},{"floor":9,"key":"Bag of Preparation"},{"floor":13,"key":"Orichalcum"}],"event_choices":[{"damage_healed":0,"gold_gain":0,"player_choice":"Grow","damage_taken":0,"max_hp_gain":0,"max_hp_loss":0,"event_name":"Living Wall","floor":5,"gold_loss":0,"cards_upgraded":["Zap"]},{"damage_healed":0,"gold_gain":250,"player_choice":"Bet on Owner","damage_taken":0,"max_hp_gain":0,"max_hp_loss":0,"event_name":"The Joust","floor":20,"gold_loss":50}],"is_beta":false,"boss_relics":[{"not_picked":["Snecko Eye","Black Star"],"picked":"Philosopher\u0027s Stone"}],"items_purged_floors":[10,22],"is_endless":false,"potions_floor_spawned":[1,2,13,14,16,19],"killed_by":"Cultist and Chosen","ascension_level":15}}