{"host":"52m1o8iwwagurbjs","time":1610637576,"event":{"mods":["AchievementEnabler","BaseMod","Bestiary","Colored Powertips","GifTheSpireLib","Minty Spire (QoL Compilation)","Quick Restart","RNG Fix","Relic Stats","StSLib"],"gold_per_floor":[114,127,143,159,179,179,179,179],"floor_reached":7,"language":"ENG","playtime":318,"items_purged":[],"score":74,"play_id":"acd8cd64-1cc0-4772-ab59-583fa5e36404","local_time":"20210114101936","is_ascension_mode":true,"campfire_choices":[{"data":"Cleave","floor":6,"key":"SMITH"}],"circlet_count":0,"master_deck":["AscendersBane","Strike_R","Strike_R","Strike_R","Strike_R","Strike_R","Defend_R","Defend_R","Defend_R","Defend_R","Bash+1","Headbutt","Rampage","Rupture","Cleave+1"],"relics":["Burning Blood"],"acts_visited":["Exordium"],"potions_floor_usage":[7],"damage_taken":[{"damage":6,"enemies":"2 Louse","floor":1,"turns":3},{"damage":10,"enemies":"Small Slimes","floor":2,"turns":3},{"damage":1,"enemies":"Cultist","floor":3,"turns":3},{"damage":13,"enemies":"3 Louse","floor":4,"turns":4},{"damage":29,"enemies":"Gremlin Gang","floor":5,"turns":5},{"damage":8,"enemies":"3 Sentries","floor":7,"turns":2}],"seed_played":"4896039174393227559","potions_obtained":[{"floor":5,"key":"SkillPotion"}],"is_trial":false,"path_per_floor":["M","M","M","M","M","R","E"],"character_chosen":"IRONCLAD","items_purchased":[],"campfire_rested":0,"item_purchase_floors":[],"current_hp_per_floor":[72,68,73,66,43,43,35,35],"gold":179,"neow_bonus":"UPGRADE_CARD","is_daily":false,"chose_seed":false,"campfire_upgraded":1,"win_rate":0.0,"timestamp":1610637576,"path_taken":["M","M","M","M","M","R","E"],"items_purchased_type":[],"build_version":"2020-12-22","purchased_purges":0,"victory":false,"max_hp_per_floor":[80,80,80,80,80,80,80,80],"relic_stats":{"counters":[6,20],"obtain_stats":[{"Burning Blood":0},{"Burning Blood":0},{"Burning Blood":0}],"Burning Blood":30},"card_choices":[{"not_picked":["Clash","Shrug It Off"],"picked":"Headbutt","floor":1},{"not_picked":["Pommel Strike","Cleave"],"picked":"Rampage","floor":2},{"not_picked":["Armaments","Ghostly Armor"],"picked":"Rupture","floor":3},{"not_picked":["Sword Boomerang","Headbutt"],"picked":"Cleave","floor":4},{"not_picked":["Cleave","Heavy Blade","Sever Soul"],"picked":"SKIP","floor":5}],"player_experience":1117134,"relics_obtained":[],"event_choices":[],"is_beta":false,"boss_relics":[],"items_purged_floors":[],"is_endless":false,"potions_floor_spawned":[5],"killed_by":"3 Sentries","ascension_level":13}}