{"host":"50per11302020","time":1610586314,"event":{"mods":["AchievementEnabler","BaseMod","Colored Map","Minty Spire (QoL Compilation)","Relic Stats","StSLib"],"gold_per_floor":[112,112,112,124,139,139,171,5,5,5,5],"floor_reached":10,"language":"ENG","playtime":396,"items_purged":[],"score":129,"play_id":"4b060ef8-1816-4f14-92ed-cba00a065f43","local_time":"20210113170514","is_ascension_mode":true,"campfire_choices":[{"data":"The Bomb","floor":6.0,"key":"SMITH"}],"circlet_count":0,"master_deck":["AscendersBane","Strike_G","Strike_G","Strike_G","Strike_G","Defend_G","Defend_G","Defend_G","Defend_G","Defend_G","Survivor","Neutralize","The Bomb+1","Footwork","Pain","Acrobatics","Acrobatics","The Bomb+1"],"relics":["Ring of the Snake","WarpedTongs","Sundial","DollysMirror","Snake Skull"],"acts_visited":["Exordium"],"potions_floor_usage":[10],"damage_taken":[{"damage":0.0,"enemies":"Small Slimes","floor":1.0,"turns":5.0},{"damage":2.0,"enemies":"Cultist","floor":4.0,"turns":4.0},{"damage":2.0,"enemies":"Jaw Worm","floor":5.0,"turns":4.0},{"damage":40.0,"enemies":"Gremlin Nob","floor":7.0,"turns":4.0},{"damage":13,"enemies":"3 Sentries","floor":10,"turns":2}],"seed_played":"-4996169063882790751","potions_obtained":[{"floor":7.0,"key":"Energy Potion"}],"is_trial":false,"path_per_floor":["M","?","?","M","M","R","E","$","T","E"],"character_chosen":"THE_SILENT","items_purchased":["DollysMirror"],"campfire_rested":0,"item_purchase_floors":[8],"current_hp_per_floor":[59,52,52,50,48,48,8,8,8,0,0],"gold":5,"neow_bonus":"RANDOM_COLORLESS_2","is_daily":false,"chose_seed":false,"campfire_upgraded":1,"win_rate":0.0,"timestamp":1610586314,"path_taken":["M","?","?","M","?","R","E","$","T","E"],"items_purchased_type":["Relic"],"build_version":"2020-12-18","purchased_purges":0,"victory":false,"max_hp_per_floor":[60,60,60,60,60,60,60,60,60,60,60],"relic_stats":{"counters":[5,19],"Sundial":[0],"Snake Skull":[0],"obtain_stats":[{"Sundial":7,"DollysMirror":8,"Snake Skull":9,"Ring of the Snake":0,"WarpedTongs":3},{"Sundial":4,"DollysMirror":4,"Snake Skull":4,"Ring of the Snake":0,"WarpedTongs":1},{"Sundial":17,"DollysMirror":17,"Snake Skull":17,"Ring of the Snake":0,"WarpedTongs":5}],"Ring of the Snake":[10],"WarpedTongs":[14]},"card_choices":[{"not_picked":["Transmutation","Metamorphosis"],"picked":"The Bomb","floor":0.0},{"not_picked":["Underhanded Strike","Deadly Poison"],"picked":"Footwork","floor":1.0},{"not_picked":["Accuracy","Escape Plan"],"picked":"Acrobatics","floor":4.0},{"not_picked":["All Out Attack","Prepared"],"picked":"Acrobatics","floor":5.0},{"not_picked":["Cloak And Dagger","Terror","Storm of Steel"],"picked":"SKIP","floor":7.0}],"player_experience":201525,"relics_obtained":[{"floor":7.0,"key":"Sundial"},{"floor":9.0,"key":"Snake Skull"}],"event_choices":[{"cards_removed":["Strike_G"],"damage_healed":0.0,"max_hp_gain":0.0,"max_hp_loss":0.0,"gold_gain":0.0,"event_name":"Golden Wing","player_choice":"Card Removal","floor":2.0,"gold_loss":0.0,"damage_taken":7.0},{"damage_healed":0.0,"max_hp_gain":0.0,"max_hp_loss":0.0,"gold_gain":0.0,"event_name":"Accursed Blacksmith","player_choice":"Rummage","floor":3.0,"gold_loss":0.0,"damage_taken":0.0,"relics_obtained":["WarpedTongs"],"cards_obtained":["Pain"]}],"is_beta":true,"boss_relics":[],"items_purged_floors":[],"is_endless":false,"potions_floor_spawned":[7],"killed_by":"3 Sentries","ascension_level":19}}