{"host":"aaqofma31c3gm2hj","time":1610612840,"event":{"mods":["BaseMod","GungeonMod","Minty Spire (QoL Compilation)","Replay The Spire","Spicy Shops","StSLib"],"gold_per_floor":[116,132,132,132,132,132,160,235,314,333,53,53,63,80,80,152,152,171,190,115,115,115,115,134,163,163,63,83,83,118,138,138,213,213,229,318,318,333,353,353,387,264,287,316,316,336,352,54,54,54,54,54,54,54],"floor_reached":53,"language":"ZHS","playtime":1881,"items_purged":["Strike_B","Zap+1","Pain"],"score":1910,"play_id":"c05599c8-5e3b-4781-9a0b-6d32955241ac","local_time":"20210114162720","is_ascension_mode":true,"campfire_choices":[{"data":"Zap","floor":6.0,"key":"SMITH"},{"data":"Coolheaded","floor":15.0,"key":"SMITH"},{"data":"Defragment","floor":23.0,"key":"SMITH"},{"data":"Turbo","floor":40.0,"key":"SMITH"},{"floor":49.0,"key":"RECALL"}],"circlet_count":11,"master_deck":["AscendersBane","Hologram+1","Ball Lightning","Coolheaded+1","Recycle+1","Madness","Electrodynamics","Madness","Cold Snap+1","Fission","Capacitor","Madness","Defragment+1","Echo Form","Core Surge+1","White Noise","Fission","Glacier+1","Turbo+1","Madness","Madness"],"relics":["Cracked Core","NeowsBlessing","Circlet","Molten Egg 2","Art of War","Pandora\u0027s Box","Toy Ornithopter","Omamori","Black Star","Mummified Hand","WarpedTongs"],"acts_visited":[],"potions_floor_usage":[],"damage_taken":[{"damage":0.0,"enemies":"Jaw Worm","floor":1.0,"turns":1.0},{"damage":0.0,"enemies":"Small Slimes","floor":2.0,"turns":1.0},{"damage":0.0,"enemies":"Lagavulin","floor":7.0,"turns":1.0},{"damage":0.0,"enemies":"Cultist","floor":10.0,"turns":2.0},{"damage":1.0,"enemies":"Lots of Slimes","floor":13.0,"turns":3.0},{"damage":10.0,"enemies":"Blue Slaver","floor":14.0,"turns":3.0},{"damage":0.0,"enemies":"The Guardian","floor":16.0,"turns":11.0},{"damage":0.0,"enemies":"Shell Parasite","floor":18.0,"turns":3.0},{"damage":0.0,"enemies":"3 Byrds","floor":19.0,"turns":3.0},{"damage":0.0,"enemies":"Centurion and Healer","floor":24.0,"turns":5.0},{"damage":0.0,"enemies":"Book of Stabbing","floor":25.0,"turns":4.0},{"damage":0.0,"enemies":"Chosen and Byrds","floor":28.0,"turns":4.0},{"damage":0.0,"enemies":"Replay:Snechameleon","floor":30.0,"turns":5.0},{"damage":0.0,"enemies":"3 Cultists","floor":31.0,"turns":3.0},{"damage":23.0,"enemies":"Champ","floor":33.0,"turns":11.0},{"damage":23.0,"enemies":"3 Darklings","floor":35.0,"turns":3.0},{"damage":0.0,"enemies":"Orb Walker","floor":38.0,"turns":3.0},{"damage":0.0,"enemies":"Sphere and 2 Shapes","floor":39.0,"turns":4.0},{"damage":0.0,"enemies":"Reptomancer","floor":41.0,"turns":5.0},{"damage":0.0,"enemies":"R_Hoarder","floor":44.0,"turns":9.0},{"damage":6.0,"enemies":"Spire Growth","floor":46.0,"turns":5.0},{"damage":7.0,"enemies":"3 Darklings","floor":47.0,"turns":4.0},{"damage":0.0,"enemies":"Donu and Deca","floor":50.0,"turns":6.0},{"damage":0.0,"enemies":"Replay:Hell Engine","floor":51.0,"turns":1.0}],"seed_played":"-6815269321972591834","potions_obtained":[{"floor":1.0,"key":"LiquidBronze"},{"floor":13.0,"key":"Weak Potion"},{"floor":14.0,"key":"FocusPotion"},{"floor":19.0,"key":"Explosive Potion"},{"floor":28.0,"key":"Weak Potion"},{"floor":31.0,"key":"GamblersBrew"},{"floor":47.0,"key":"Dexterity Potion"}],"is_trial":false,"path_per_floor":["M","M","?","?","?","R","E","?","T","M","$","?","M","M","R","B",null,"M","M","$","?","?","R","M","E","T","$","M","?","E","M","R","B",null,"M","?","$","M","M","R","E","$","T","E","?","M","M","$","R","B","B",null,"R"],"character_chosen":"DEFECT","items_purchased":["Iron Hammer","Recycle+1","Defragment","ReplayTheSpireMod:CursedCoin","Mummified Hand","Grinning Jar"],"campfire_rested":0,"item_purchase_floors":[11,11,20,42,42,48],"current_hp_per_floor":[64,64,59,38,38,38,50,39,39,39,39,39,38,28,28,28,69,69,69,69,69,69,69,69,69,69,69,69,69,69,69,69,46,74,51,24,24,24,24,24,24,24,24,24,24,23,16,16,16,16,16,66,66,66],"gold":54,"neow_bonus":"THREE_ENEMY_KILL","is_daily":false,"chose_seed":false,"campfire_upgraded":4,"win_rate":0.0,"timestamp":1610612840,"path_taken":["M","M","?","?","?","R","E","?","T","M","$","?","M","M","R","BOSS","M","?","?","?","?","R","M","E","T","$","M","?","E","M","R","BOSS","M","?","?","?","M","R","E","?","T","E","?","M","M","$","R","BOSS","BOSS","R"],"items_purchased_type":["Relic","Card","Card","Relic","Relic","Relic"],"build_version":"2020-12-22","purchased_purges":3,"victory":false,"max_hp_per_floor":[71,71,71,71,71,71,83,83,83,83,83,83,83,83,83,83,83,83,83,83,83,83,83,83,83,83,83,83,83,83,83,83,83,83,83,83,83,83,83,83,83,83,83,83,83,83,83,83,83,83,83,83,83,83],"card_choices":[{"not_picked":["Blizzard","ReplayGash"],"picked":"Hologram","floor":1.0},{"not_picked":["BasicCrystalCard","Hologram"],"picked":"Ball Lightning","floor":2.0},{"not_picked":["Sweeping Beam","Self Repair","Leap"],"picked":"SKIP","floor":7.0},{"not_picked":["Skim","Double Energy"],"picked":"Coolheaded","floor":10.0},{"not_picked":["Lockon+1","ReplayGash+1","Leap"],"picked":"SKIP","floor":13.0},{"not_picked":["Rebound+1","Reinforced Body"],"picked":"Mirror Shield","floor":14.0},{"not_picked":["Biased Cognition","Multi-Cast"],"picked":"Electrodynamics","floor":16.0},{"not_picked":["Go for the Eyes+1","Sweeping Beam+1","Conserve Battery+1"],"picked":"SKIP","floor":18.0},{"not_picked":["Cold Snap+1","Barrage+1","Force Field"],"picked":"SKIP","floor":19.0},{"not_picked":["Undo","Steam"],"picked":"Echo Form","floor":24.0},{"not_picked":["Beam Cell+1","Compile Driver+1"],"picked":"Core Surge+1","floor":25.0},{"not_picked":["Rebound+1","Panic Button","Sweeping Beam+1"],"picked":"SKIP","floor":28.0},{"not_picked":["Time Bomb","Cold Snap+1","Beam Cell+1"],"picked":"SKIP","floor":30.0},{"not_picked":["ReplayTheSpireMod:Repulse","Rebound+1","Steam+1"],"picked":"SKIP","floor":31.0},{"not_picked":["Rainbow","Buffer"],"picked":"Fission","floor":33.0},{"not_picked":["Rebound+1","Redo","Steam"],"picked":"SKIP","floor":35.0},{"not_picked":["Doom and Gloom+1","Double Energy"],"picked":"Glacier+1","floor":36.0},{"not_picked":["Panic Button","Undo"],"picked":"Turbo","floor":36.0},{"not_picked":["ReplayTheSpireMod:System Scan","Doom and Gloom+1","Crystallizer"],"picked":"SKIP","floor":38.0},{"not_picked":["Chaos+1","Rebound+1","Steam"],"picked":"SKIP","floor":39.0},{"not_picked":["Rip and Tear+1","ReplaySolidLightProjector","White Noise"],"picked":"SKIP","floor":41.0},{"not_picked":["ReplayGash+1","Hologram","Cold Snap+1"],"picked":"SKIP","floor":44.0},{"not_picked":["Auto Shields","Doom and Gloom+1","Mirror Shield"],"picked":"SKIP","floor":46.0},{"not_picked":["Compile Driver+1","Redo+1","Machine Learning"],"picked":"SKIP","floor":47.0}],"player_experience":592197,"relics_obtained":[{"floor":7.0,"key":"DemoMod:Orange"},{"floor":9.0,"key":"Molten Egg 2"},{"floor":25.0,"key":"Toy Ornithopter"},{"floor":26.0,"key":"Omamori"},{"floor":29.0,"key":"ReplayTheSpireMod:Ring of Challenge"},{"floor":30.0,"key":"Carrot"},{"floor":36.0,"key":"Replay:Baseball"},{"floor":41.0,"key":"Replay:Arrowhead"},{"floor":41.0,"key":"Replay:Wax Seal"},{"floor":44.0,"key":"DemoMod:ClearGuonStone"},{"floor":44.0,"key":"ReplayTheSpireMod:Lightbulb"}],"event_choices":[{"damage_healed":0.0,"max_hp_gain":0.0,"max_hp_loss":0.0,"gold_gain":0.0,"event_name":"Scrap Ooze","player_choice":"Success","floor":3.0,"gold_loss":0.0,"damage_taken":5.0,"relics_obtained":["Replay:Bottled Eggs"]},{"damage_healed":0.0,"max_hp_gain":0.0,"max_hp_loss":0.0,"gold_gain":0.0,"event_name":"Shining Light","player_choice":"Entered Light","floor":4.0,"gold_loss":0.0,"damage_taken":21.0,"cards_upgraded":["Dualcast","Hologram"]},{"damage_healed":0.0,"max_hp_gain":0.0,"max_hp_loss":0.0,"gold_gain":75.0,"event_name":"World of Goop","player_choice":"Gather Gold","floor":8.0,"gold_loss":0.0,"damage_taken":11.0},{"damage_healed":0.0,"max_hp_gain":0.0,"max_hp_loss":0.0,"gold_gain":0.0,"event_name":"WeMeetAgain","player_choice":"Gave Potion","floor":12.0,"gold_loss":0.0,"damage_taken":0.0,"relics_obtained":["Art of War"]},{"damage_healed":0.0,"max_hp_gain":0.0,"max_hp_loss":0.0,"gold_gain":0.0,"event_name":"Beggar","player_choice":"Ignored","floor":21.0,"gold_loss":0.0,"damage_taken":0.0},{"cards_removed":["Undo"],"damage_healed":0.0,"max_hp_gain":0.0,"max_hp_loss":0.0,"gold_gain":0.0,"event_name":"Back to Basics","player_choice":"Elegance","floor":22.0,"gold_loss":0.0,"damage_taken":0.0},{"damage_healed":0.0,"max_hp_gain":0.0,"max_hp_loss":0.0,"gold_gain":0.0,"event_name":"Accursed Blacksmith","player_choice":"Rummage","floor":45.0,"gold_loss":0.0,"damage_taken":0.0,"relics_obtained":["WarpedTongs"],"cards_obtained":["Pain"]}],"is_beta":false,"boss_relics":[{"not_picked":["SacredBark","Inserter"],"picked":"Pandora\u0027s Box"},{"not_picked":["Astrolabe","Busted Crown"],"picked":"Black Star"}],"items_purged_floors":[11,27,48],"is_endless":false,"potions_floor_spawned":[1,13,14,19,28,31,35,44,47],"ascension_level":20}}