{"host":"lcnwkjlokfwcnxxu","time":1610619412,"event":{"mods":["BaseMod","Colored Map","Duelist Mod","GifTheSpireLib","Minty Spire (QoL Compilation)","Quick Restart","Replay The Spire","StSLib"],"gold_per_floor":[142,142,28,40,40,40,53,63,88,101,101,101,101,121,121,138,138,236,236,255,53,63,79,79,79,113,123,123,133,8,8,8,21,21,21,21],"floor_reached":35,"language":"ENG","playtime":1700,"items_purged":["theDuelist:CastleWalls","theDuelist:NaturiaBeast","theDuelist:Sparks"],"score":271,"play_id":"dc084f37-14ca-4a0d-8fcf-b0ccc7249a39","local_time":"20210114021652","is_ascension_mode":false,"campfire_choices":[{"data":"theDuelist:NaturiaRock","floor":6,"key":"SMITH"},{"data":"theDuelist:NaturiaStinkbug","floor":11,"key":"SMITH"},{"data":"theDuelist:HammerShot","floor":15,"key":"SMITH"},{"data":"theDuelist:NaturiaCherries","floor":17,"key":"SMITH"},{"data":"theDuelist:LonefireBlossom","floor":25,"key":"SMITH"},{"floor":32,"key":"REST"}],"circlet_count":0,"master_deck":["theDuelist:CastleWalls","theDuelist:CastleWalls","theDuelist:NaturiaCliff+1","theDuelist:NaturiaRock+1","theDuelist:NaturiaTulip+1","theDuelist:Sparks","theDuelist:Sparks","theDuelist:NaturiaMantis+1","theDuelist:NaturiaGuardian+1","theDuelist:NaturiaDragonfly+1","theDuelist:NaturiaDragonfly+1","theDuelist:HammerShot+1","Decay","theDuelist:AcidTrapHole","theDuelist:NaturiaParadizo+1","theDuelist:NaturiaStinkbug+1","theDuelist:NaturiaCherries+1","theDuelist:NatureReflection","theDuelist:NaturiaRosewhip+1","theDuelist:LonefireBlossom+1","Pot Of Greed","Pot Of Greed","theDuelist:MultiplicationOfAnts+1","theDuelist:Terraforming+1","Pot Of Greed"],"relics":["theDuelist:MillenniumPuzzle","theDuelist:CardPoolRelic","theDuelist:CardPoolBasicRelic","theDuelist:BoosterPackPoolRelic","theDuelist:CardPoolAddRelic","theDuelist:CardPoolMinusRelic","theDuelist:CardPoolSaveRelic","theDuelist:DuelistOrichalcum","Nloth\u0027s Gift","Grinning Jar","Bottled Lightning"],"acts_visited":["Exordium","TheCity"],"potions_floor_usage":[8,18,18,23,26,26,33,35],"damage_taken":[{"damage":8,"enemies":"Jaw Worm","floor":1,"turns":4},{"damage":0,"enemies":"Small Slimes","floor":4,"turns":3},{"damage":0,"enemies":"Cultist","floor":7,"turns":3},{"damage":6,"enemies":"Gremlin Gang","floor":8,"turns":4},{"damage":12,"enemies":"3 Louse","floor":10,"turns":2},{"damage":8,"enemies":"Exordium Thugs","floor":14,"turns":4},{"damage":9,"enemies":"Blue Slaver","floor":16,"turns":3},{"damage":15,"enemies":"The Guardian","floor":18,"turns":11},{"damage":8,"enemies":"Shell Parasite","floor":20,"turns":5},{"damage":16,"enemies":"2 Thieves","floor":22,"turns":4},{"damage":13,"enemies":"Snake Plant","floor":23,"turns":5},{"damage":6,"enemies":"Book of Stabbing","floor":26,"turns":7},{"damage":9,"enemies":"Cultist and Chosen","floor":27,"turns":4},{"damage":23,"enemies":"Sentry and Sphere","floor":29,"turns":5},{"damage":12,"enemies":"Shelled Parasite and Fungi","floor":33,"turns":5},{"damage":45,"enemies":"Champ","floor":35,"turns":7}],"seed_played":"-2490683009845872657","potions_obtained":[{"floor":4,"key":"Swift Potion"},{"floor":10,"key":"SpeedPotion"},{"floor":16,"key":"theDuelist:BottledKuriboh"},{"floor":20,"key":"Dexterity Potion"},{"floor":29,"key":"Energy Potion"},{"floor":33,"key":"theDuelist:DebuffArmorPotion"}],"is_trial":false,"path_per_floor":["M","?","$","M","?","R","M","M","T","M","R","PTL","PTL","M","R","M","R","B",null,"M","$","M","M","?","R","E","M","T","M","$","?","R","M","R_BF","B"],"character_chosen":"THE_DUELIST","items_purchased":["theDuelist:NaturiaDragonfly","theDuelist:CoolBottle","PowerPotion"],"campfire_rested":1,"item_purchase_floors":[3,21,21],"current_hp_per_floor":[72,72,72,72,72,72,72,66,66,54,54,54,54,46,46,37,37,22,80,72,72,56,43,43,43,37,28,28,5,5,5,29,17,41,0,0],"gold":21,"neow_bonus":"THREE_CARDS","is_daily":false,"chose_seed":false,"campfire_upgraded":5,"win_rate":0.0,"timestamp":1610619412,"path_taken":["M","?","$","M","?","R","?","M","T","?","R","PTL","PTL","M","R","M","R","BOSS","M","$","M","M","?","R","E","M","T","M","$","?","R","M","R_BF","BOSS"],"items_purchased_type":["Card","Potion","Potion"],"build_version":"2020-12-22","purchased_purges":3,"victory":false,"max_hp_per_floor":[80,80,80,80,80,80,80,80,80,80,80,80,80,80,80,80,80,80,80,80,80,80,80,80,80,80,80,80,80,80,80,80,80,80,80,80],"card_choices":[{"not_picked":["theDuelist:Wiretap","theDuelist:NaturalDisaster"],"picked":"theDuelist:NaturiaMantis","floor":0},{"not_picked":["theDuelist:ClosedForest","theDuelist:BottomlessTrapHole"],"picked":"theDuelist:NaturiaGuardian","floor":1},{"not_picked":["theDuelist:MillenniumGolem","theDuelist:WingedKuriboh"],"picked":"theDuelist:HammerShot","floor":4},{"not_picked":["theDuelist:NaturiaHydrangea","theDuelist:SangaEarth"],"picked":"theDuelist:AcidTrapHole","floor":7},{"not_picked":["theDuelist:VenomShot","theDuelist:MillenniumScorpion"],"picked":"theDuelist:NaturiaParadizo","floor":8},{"not_picked":["theDuelist:CrystalRose","theDuelist:AfterGenocide"],"picked":"theDuelist:NaturiaStinkbug","floor":10},{"not_picked":["theDuelist:BigFire","theDuelist:HammerShot","theDuelist:Mudora"],"picked":"SKIP","floor":14},{"not_picked":["theDuelist:NaturiaParadizo","theDuelist:NaturiaGuardian"],"picked":"theDuelist:NaturiaCherries","floor":16},{"not_picked":["theDuelist:NaturiaLeodrake+1","theDuelist:NaturalDisaster","theDuelist:LeodrakeMane"],"picked":"theDuelist:NatureReflection","floor":20},{"not_picked":["theDuelist:SummoningSwarm+1","theDuelist:NatureReflection"],"picked":"theDuelist:NaturiaRosewhip","floor":22},{"not_picked":["theDuelist:NaturiaDragonfly","theDuelist:SummoningSwarm"],"picked":"theDuelist:LonefireBlossom","floor":23},{"not_picked":["theDuelist:Fissure","theDuelist:Mudora","theDuelist:GolemSentry"],"picked":"SKIP","floor":26},{"not_picked":["theDuelist:HuntingInstinct","theDuelist:NaturiaHorneedle"],"picked":"theDuelist:MultiplicationOfAnts+1","floor":27},{"not_picked":["theDuelist:Fissure","theDuelist:DarkCreator+1"],"picked":"theDuelist:Terraforming+1","floor":29},{"not_picked":["theDuelist:NaturiaHydrangea","theDuelist:NaturiaEggplant"],"picked":"theDuelist:WormBait","floor":33}],"player_experience":62814,"relics_obtained":[{"floor":9,"key":"theDuelist:DuelistOrichalcum"},{"floor":26,"key":"Grinning Jar"},{"floor":28,"key":"Bottled Lightning"}],"event_choices":[{"damage_healed":0,"gold_gain":0,"player_choice":"Leave","duelist":true,"damage_taken":0,"max_hp_gain":0,"max_hp_loss":0,"event_name":"Egyptian Village","floor":2,"gold_loss":0},{"damage_healed":0,"gold_gain":0,"player_choice":"Cursed","damage_taken":0,"max_hp_gain":0,"max_hp_loss":0,"event_name":"Wheel of Change","floor":5,"gold_loss":0,"cards_obtained":["Decay"]},{"damage_healed":0,"gold_gain":0,"player_choice":"Traded Relic","damage_taken":0,"relics_obtained":["Nloth\u0027s Gift"],"max_hp_gain":0,"max_hp_loss":0,"event_name":"N\u0027loth","floor":24,"relics_lost":["theDuelist:CardPoolOptionsRelic"],"gold_loss":0},{"damage_healed":0,"gold_gain":0,"player_choice":"Ignored","damage_taken":0,"max_hp_gain":0,"max_hp_loss":0,"event_name":"Cursed Tome","floor":31,"gold_loss":0}],"is_beta":false,"boss_relics":[{"not_picked":["Replay:Drink Me","ChewingGum","Runic Pyramid"]}],"items_purged_floors":[3,21,30],"is_endless":false,"potions_floor_spawned":[4,10,16,20,22,29,33],"killed_by":"Champ","ascension_level":0}}