{"host":"Planeswalker","time":1610587621,"event":{"mods":["BaseMod","Downfall","Friendly Minions","GifTheSpireLib","Hermit","Minty Spire (QoL Compilation)","Replay The Spire","SOS???????","Shop Mod","StSLib","The Bladedancer","The Cursed","The Hierophant","The Mystic","The Necromancer"],"gold_per_floor":[99,112,112,124,136,150,150,176,176,176,176,187,26,41,61,77,97,197,197,197,216,226,245,256,271,271,271,108,33,33,33],"floor_reached":30,"language":"ENG","playtime":2093,"items_purged":[],"score":228,"play_id":"f58ddf8a-0dff-4d6a-b480-378a1190ee33","local_time":"20210113182701","is_ascension_mode":false,"campfire_choices":[{"floor":1,"key":"RECALL"},{"data":"Slimebound:Nibble","floor":11,"key":"SMITH"},{"floor":20,"key":"DIG"},{"data":"Slimebound:LevelUp","floor":29,"key":"SMITH"}],"circlet_count":0,"master_deck":["Slimebound:Strike_Slimebound","Slimebound:Strike_Slimebound","Slimebound:Tackle+1","Slimebound:Defend_Slimebound","Slimebound:Defend_Slimebound","Slimebound:Defend_Slimebound","Slimebound:Defend_Slimebound","Slimebound:Split","Slimebound:CorrosiveSpit","Slimebound:SlimeSpikes","Slimebound:SplitMire","Slimebound:ViciousTackle","Slimebound:LivingWall","Slimebound:Nibble+1","Slimebound:LeechEnergy+1","Slimebound:Repurpose","Slimebound:SplitLeeching","Slimebound:Grow+1","Slimebound:GrowthPunch","Slimebound:FirmFortitude","Slimebound:MassRepurpose","Slimebound:ComboTackle","Slimebound:SlimeBrawl","Slimebound:GoopSpray","Slimebound:SplitLeeching","Slimebound:FinishingTackle+1","Slimebound:LevelUp+1"],"relics":["Slimebound:AbsorbEndCombat","Replay:Mystery Machine","Odd Mushroom","Painkiller Herb","Quantum Egg","Replay:Bottled Eggs","downfall:RedIOU","Slimebound:AggressiveSlimeRelic","downfall:HeartBlessingRed"],"acts_visited":["Exordium","TheCity"],"potions_floor_usage":[],"damage_taken":[{"damage":6,"enemies":"Cultist","floor":2,"turns":5},{"damage":12,"enemies":"2 Louse","floor":4,"turns":4},{"damage":8,"enemies":"Small Slimes","floor":5,"turns":3},{"damage":32,"enemies":"Exordium Wildlife","floor":6,"turns":5},{"damage":14,"enemies":"The Mushroom Lair","floor":8,"turns":5},{"damage":15,"enemies":"2 Fungi Beasts","floor":12,"turns":3},{"damage":24,"enemies":"downfall:FleeingMerchant","floor":13,"turns":4},{"damage":19,"enemies":"3 Louse","floor":14,"turns":4},{"damage":18,"enemies":"Lots of Slimes","floor":15,"turns":5},{"damage":18,"enemies":"Red Slaver","floor":16,"turns":5},{"damage":10,"enemies":"Blue Slaver","floor":17,"turns":2},{"damage":48,"enemies":"downfall:Silent","floor":18,"turns":13},{"damage":20,"enemies":"3 Byrds","floor":21,"turns":5},{"damage":32,"enemies":"Sentry and Sphere","floor":22,"turns":6},{"damage":36,"enemies":"Snake Plant","floor":23,"turns":3},{"damage":27,"enemies":"Cultist and Chosen","floor":24,"turns":8},{"damage":53,"enemies":"Chosen and Byrds","floor":25,"turns":7},{"damage":15,"enemies":"downfall:FleeingMerchant","floor":28,"turns":4},{"damage":36,"enemies":"Slavers","floor":30,"turns":1}],"seed_played":"8580620305883649813","potions_obtained":[{"floor":4,"key":"Slimebound:SlimedPotion"},{"floor":5,"key":"Adrenaline Potion"},{"floor":15,"key":"LiquidBronze"},{"floor":16,"key":"DistilledChaos"},{"floor":23,"key":"Adrenaline Potion"}],"is_trial":false,"path_per_floor":["R","M","?","M","M","M","T","?","PTL","PTL","R","M","$","M","M","M","M","B",null,"T","?","?","?","?","?","T","?","T","T","E"],"character_chosen":"SLIMEBOUND","items_purchased":["Whetstone","Slimebound:AggressiveSlimeRelic"],"campfire_rested":0,"item_purchase_floors":[13,28],"current_hp_per_floor":[66,64,64,58,66,53,53,55,55,55,55,56,64,59,57,57,66,52,66,66,66,56,40,35,20,20,20,29,29,0,0],"gold":33,"neow_bonus":"TEN_PERCENT_HP_BONUS","is_daily":false,"chose_seed":false,"campfire_upgraded":2,"win_rate":0.0,"timestamp":1610587621,"path_taken":["R","M","?","M","?","M","T","?","PTL","PTL","R","M","$","M","M","M","M","BOSS","T","?","?","?","?","?","T","?","T","T","E"],"items_purchased_type":["Relic","Relic"],"build_version":"2020-11-17","purchased_purges":0,"victory":false,"max_hp_per_floor":[66,66,66,66,66,66,66,66,66,66,66,66,66,66,66,66,66,66,66,66,66,66,66,66,66,66,66,66,66,66,66],"card_choices":[{"not_picked":["Slimebound:DisruptingSlam","Slimebound:Dissolve"],"picked":"Slimebound:SlimeSpikes","floor":2},{"not_picked":["Slimebound:DisruptingSlam","Slimebound:AcidTongue"],"picked":"Slimebound:SplitMire","floor":4},{"not_picked":["Slimebound:AcidTongue","Slimebound:FinishingTackle"],"picked":"Slimebound:ViciousTackle","floor":5},{"not_picked":["Slimebound:Prepare","Slimebound:SplitBruiser"],"picked":"Slimebound:LivingWall","floor":6},{"not_picked":["Slimebound:SplitLeeching","Slimebound:LeechingTouch"],"picked":"Slimebound:Nibble","floor":8},{"not_picked":["Slimebound:LivingWall","Slimebound:SplitMire"],"picked":"Slimebound:LeechEnergy","floor":12},{"not_picked":["Slimebound:RollThrough","Slimebound:HauntingLick"],"picked":"Slimebound:Repurpose","floor":13},{"not_picked":["Slimebound:SlimeSpikes","Slimebound:GoopSpray"],"picked":"Slimebound:SplitLeeching","floor":14},{"not_picked":["Slimebound:ViciousTackle","Slimebound:ForwardTackle"],"picked":"Slimebound:Grow","floor":15},{"not_picked":["Slimebound:PrepareCrush","Slimebound:BestDefense"],"picked":"Slimebound:GrowthPunch","floor":16},{"not_picked":["Slimebound:LeechEnergy","Slimebound:ViciousTackle"],"picked":"Slimebound:FirmFortitude","floor":17},{"not_picked":["Slimebound:MinionMaster","Slimebound:MassFeed"],"picked":"Slimebound:MassRepurpose","floor":18},{"not_picked":["Slimebound:TongueLash","Slimebound:FirmFortitude"],"picked":"Slimebound:ComboTackle","floor":21},{"not_picked":["Slimebound:Schlurp","Slimebound:LivingWall"],"picked":"Slimebound:SlimeBrawl","floor":22},{"not_picked":["Slimebound:SplitLeeching","Slimebound:MegaLick"],"picked":"Slimebound:GoopSpray","floor":23},{"not_picked":["Slimebound:LeechEnergy+1","Slimebound:SlimeSpikes+1"],"picked":"Slimebound:SplitLeeching","floor":24},{"not_picked":["Slimebound:SlimeSpikes","Slimebound:LeechEnergy+1"],"picked":"Slimebound:FinishingTackle+1","floor":25},{"not_picked":["Slimebound:SlimeSpikes","Slimebound:BestDefense"],"picked":"Slimebound:LevelUp","floor":28}],"player_experience":8481,"relics_obtained":[{"floor":7,"key":"Replay:Mystery Machine"},{"floor":8,"key":"Odd Mushroom"},{"floor":20,"key":"Quantum Egg"},{"floor":26,"key":"Replay:Bottled Eggs"}],"event_choices":[{"cards_removed":["Slimebound:Strike_Slimebound"],"damage_healed":0,"gold_gain":0,"player_choice":"Purged","damage_taken":0,"max_hp_gain":0,"max_hp_loss":0,"event_name":"Purifier","floor":3,"gold_loss":0},{"damage_healed":0,"gold_gain":0,"player_choice":"Fought Mushrooms","damage_taken":0,"max_hp_gain":0,"max_hp_loss":0,"event_name":"Mushrooms","floor":8,"gold_loss":0}],"is_beta":true,"boss_relics":[{"not_picked":["Slimebound:AbsorbEndCombatUpgraded","Busted Crown"],"picked":"Painkiller Herb"}],"items_purged_floors":[],"is_endless":false,"potions_floor_spawned":[4,5,15,16,18,23,24],"killed_by":"Slavers","ascension_level":0}}