{"host":"6gwm7y0tp7acoxay","time":1610622729,"event":{"mods":["BaseMod","Colored Map","Keyboard Shortcuts","Minty Spire (QoL Compilation)","Quick Restart","StSLib","SuperFastMode","everything is the same but u backflip on backflip"],"gold_per_floor":[110,110,110,56,71,71,71,111,111,155,186,186,186,48,48,137,137,157,181,34,34,34,34,34,34,83,83,114,147,178,193,193,284,284,300,179,512,512,537,562,562,593,646,677,707,4,30,61,61,61,61,61,61,61,94,94,94],"floor_reached":56,"language":"KOR","playtime":1489,"items_purged":["Dagger Throw"],"score":2549,"play_id":"34ed31b4-9731-404c-a6af-88bdf76c7457","local_time":"20210114201209","daily_mods":["SealedDeck","Heirloom","Flight"],"is_ascension_mode":true,"campfire_choices":[{"data":"Cloak And Dagger","floor":6,"key":"SMITH"},{"data":"Blade Dance","floor":7,"key":"SMITH"},{"data":"Terror","floor":13,"key":"SMITH"},{"data":"Dodge and Roll","floor":15,"key":"SMITH"},{"data":"Panache","floor":23,"key":"SMITH"},{"data":"A Thousand Cuts","floor":24,"key":"SMITH"},{"data":"Acrobatics","floor":25,"key":"SMITH"},{"floor":27,"key":"REST"},{"floor":32,"key":"RECALL"},{"data":"Accuracy","floor":41,"key":"SMITH"},{"data":"Dash","floor":49,"key":"PURGE"},{"data":"A Thousand Cuts+1","floor":53,"key":"PURGE"}],"circlet_count":0,"master_deck":["AscendersBane","Infinite Blades+1","Dodge and Roll+1","Blade Dance+1","Cloak And Dagger+1","Deflect","Dagger Spray+1","Terror+1","PiercingWail","Acrobatics+1","Backflip","Panache+1","Phantasmal Killer+1","After Image","Accuracy+1","Blur+1","Outmaneuver+1","Escape Plan+1"],"relics":["Ring of the Snake","CaptainsWheel","Unceasing Top","The Courier","Blood Vial","InkBottle","Sling","Sozu","Toy Ornithopter","Art of War","Toxic Egg 2","Oddly Smooth Stone","WristBlade","Peace Pipe","Regal Pillow","The Specimen","MealTicket","MawBank","Ancient Tea Set","Ornamental Fan","TwistedFunnel","Lantern","Strawberry","Frozen Egg 2","StrikeDummy","Sundial"],"acts_visited":["Exordium","TheCity","TheBeyond","TheEnding"],"potions_floor_usage":[8,11,30],"damage_taken":[{"damage":0.0,"enemies":"Small Slimes","floor":1.0,"turns":3.0},{"damage":2,"enemies":"2 Louse","floor":5,"turns":2},{"damage":4,"enemies":"3 Sentries","floor":8,"turns":7},{"damage":8,"enemies":"Gremlin Nob","floor":10,"turns":3},{"damage":8,"enemies":"3 Sentries","floor":11,"turns":6},{"damage":8,"enemies":"Hexaghost","floor":16,"turns":8},{"damage":2,"enemies":"Chosen","floor":18,"turns":3},{"damage":18,"enemies":"2 Thieves","floor":19,"turns":3},{"damage":0,"enemies":"Gremlin Leader","floor":28,"turns":2},{"damage":4,"enemies":"Book of Stabbing","floor":29,"turns":3},{"damage":6,"enemies":"Slavers","floor":30,"turns":2},{"damage":7,"enemies":"Centurion and Healer","floor":31,"turns":2},{"damage":8,"enemies":"Collector","floor":33,"turns":4},{"damage":14,"enemies":"Orb Walker","floor":35,"turns":3},{"damage":0,"enemies":"Mind Bloom Boss Battle","floor":39,"turns":4},{"damage":20,"enemies":"Nemesis","floor":40,"turns":5},{"damage":0,"enemies":"Giant Head","floor":42,"turns":4},{"damage":0,"enemies":"Reptomancer","floor":44,"turns":2},{"damage":0,"enemies":"Giant Head","floor":45,"turns":4},{"damage":6,"enemies":"Reptomancer","floor":47,"turns":3},{"damage":0,"enemies":"Giant Head","floor":48,"turns":4},{"damage":0,"enemies":"Awakened One","floor":50,"turns":4},{"damage":14,"enemies":"Donu and Deca","floor":51,"turns":5},{"damage":16,"enemies":"Shield and Spear","floor":55,"turns":3},{"damage":62,"enemies":"The Heart","floor":56,"turns":2}],"seed_played":"-8214057373673186415","potions_obtained":[{"floor":5,"key":"GhostInAJar"},{"floor":16,"key":"Swift Potion"}],"is_trial":true,"path_per_floor":["M","?","?","$","M","R","R","E","T","E","E","?","R","$","R","B",null,"M","M","$","?","$","R","R","R","T","R","E","E","E","M","R","B",null,"M","$","?","?","?","E","R","E","T","E","E","$","E","E","R","B","B",null,"R","$","E","B"],"character_chosen":"THE_SILENT","items_purchased":["Block Potion","Sling","Panache","Accuracy","Ancient Tea Set","Ornamental Fan","TwistedFunnel","Lantern","Strawberry"],"campfire_rested":1,"item_purchase_floors":[4,14,20,36,46,46,46,46,46],"current_hp_per_floor":[59,59,59,59,57,57,57,53,53,45,39,21,21,21,21,15,49,49,33,33,33,33,33,33,33,33,51,53,51,52,47,47,41,55,43,43,43,43,45,27,27,29,29,31,33,55,51,53,53,55,43,61,61,67,51,0,0],"gold":94,"neow_bonus":"","is_daily":false,"chose_seed":false,"campfire_upgraded":8,"win_rate":0.0,"timestamp":1610622729,"path_taken":["M","?","?","?","M","R","R","E","T","E","E","?","R","$","R","BOSS","M","M","$","?","?","R","R","R","T","R","E","E","E","M","R","BOSS","M","$","?","?","?","E","R","E","T","E","E","$","E","E","R","BOSS","BOSS","R","$","E","BOSS"],"items_purchased_type":["Potion","Relic","Card","Card","Relic","Relic","Relic","Relic","Relic"],"build_version":"2020-12-22","purchased_purges":1,"victory":false,"max_hp_per_floor":[66,60,60,60,60,60,60,60,60,60,60,60,60,60,60,60,60,60,60,60,60,60,60,60,60,60,60,60,60,60,60,60,60,60,60,60,60,60,60,60,60,60,60,60,60,67,67,67,67,67,67,67,67,67,67,67,67],"card_choices":[{"not_picked":["Dagger Throw","Choke","Heel Hook"],"picked":"SKIP","floor":1.0},{"not_picked":["Dagger Spray","Reflex","Well Laid Plans"],"picked":"SKIP","floor":5},{"not_picked":["PiercingWail","Flying Knee"],"picked":"Acrobatics","floor":8},{"not_picked":["Setup","Acrobatics","Deflect"],"picked":"SKIP","floor":10},{"not_picked":["Leg Sweep","PiercingWail"],"picked":"Backflip","floor":11},{"not_picked":["Night Terror","Bullet Time"],"picked":"A Thousand Cuts","floor":16},{"not_picked":["Acrobatics+1","Deflect","Underhanded Strike"],"picked":"SKIP","floor":18},{"not_picked":["Dodge and Roll+1","Calculated Gamble","Sucker Punch+1"],"picked":"SKIP","floor":19},{"not_picked":["Backflip","Noxious Fumes","Endless Agony"],"picked":"SKIP","floor":28},{"not_picked":["Dodge and Roll+1","Deadly Poison+1"],"picked":"Phantasmal Killer+1","floor":29},{"not_picked":["Terror+1","Choke","Quick Slash"],"picked":"SKIP","floor":30},{"not_picked":["Deflect+1","Underhanded Strike","Predator"],"picked":"SKIP","floor":31},{"not_picked":["Storm of Steel+1","Grand Finale"],"picked":"After Image","floor":33},{"not_picked":["Dagger Spray","PiercingWail+1","Quick Slash"],"picked":"SKIP","floor":35},{"not_picked":["Flying Knee+1","Sucker Punch"],"picked":"Blur+1","floor":40},{"not_picked":["Eviscerate","Noxious Fumes","Leg Sweep+1"],"picked":"SKIP","floor":42},{"not_picked":["Distraction+1","Outmaneuver+1","Deflect+1"],"picked":"SKIP","floor":44},{"not_picked":["Distraction+1","Deflect+1"],"picked":"Outmaneuver+1","floor":44},{"not_picked":["Deadly Poison+1","Crippling Poison+1"],"picked":"Escape Plan+1","floor":45},{"not_picked":["Slice","Envenom+1","Well Laid Plans+1"],"picked":"SKIP","floor":47},{"not_picked":["Deadly Poison+1","Grand Finale","Prepared+1"],"picked":"SKIP","floor":48},{"not_picked":["Grand Finale","Cloak And Dagger+1","Calculated Gamble+1"],"picked":"SKIP","floor":55}],"player_experience":4399700,"relics_obtained":[{"floor":8,"key":"Unceasing Top"},{"floor":9,"key":"The Courier"},{"floor":10,"key":"Blood Vial"},{"floor":11,"key":"InkBottle"},{"floor":26,"key":"Toy Ornithopter"},{"floor":28,"key":"Art of War"},{"floor":29,"key":"Toxic Egg 2"},{"floor":30,"key":"Oddly Smooth Stone"},{"floor":39,"key":"Peace Pipe"},{"floor":40,"key":"Regal Pillow"},{"floor":42,"key":"The Specimen"},{"floor":44,"key":"MealTicket"},{"floor":45,"key":"MawBank"},{"floor":47,"key":"Frozen Egg 2"},{"floor":48,"key":"StrikeDummy"},{"floor":55,"key":"Sundial"}],"event_choices":[{"damage_healed":0.0,"max_hp_gain":0.0,"max_hp_loss":6.0,"gold_gain":0.0,"event_name":"Golden Idol","player_choice":"Lose Max HP","floor":2.0,"gold_loss":0.0,"damage_taken":0.0,"relics_obtained":["Golden Idol"]},{"damage_healed":0,"gold_gain":0,"player_choice":"Fled","damage_taken":0,"max_hp_gain":0,"max_hp_loss":0,"event_name":"Scrap Ooze","floor":3,"gold_loss":0},{"damage_healed":0,"gold_gain":0,"player_choice":"Entered Light","damage_taken":18,"max_hp_gain":0,"max_hp_loss":0,"event_name":"Shining Light","floor":12,"gold_loss":0,"cards_upgraded":["Infinite Blades","Dagger Spray"]},{"damage_healed":0,"gold_gain":333,"player_choice":"Gave Idol","damage_taken":0,"max_hp_gain":0,"max_hp_loss":0,"event_name":"The Moai Head","floor":37,"relics_lost":["Golden Idol"],"gold_loss":0},{"damage_healed":0,"gold_gain":0,"player_choice":"Ignored","damage_taken":0,"max_hp_gain":0,"max_hp_loss":0,"event_name":"Tomb of Lord Red Mask","floor":38,"gold_loss":0},{"damage_healed":0,"gold_gain":0,"player_choice":"Fight","damage_taken":0,"max_hp_gain":0,"max_hp_loss":0,"event_name":"MindBloom","floor":39,"gold_loss":0}],"is_beta":false,"boss_relics":[{"not_picked":["Velvet Choker","Philosopher\u0027s Stone"],"picked":"Sozu"},{"not_picked":["Busted Crown","Snecko Eye"],"picked":"WristBlade"}],"items_purged_floors":[36],"is_endless":false,"potions_floor_spawned":[5,16,29,31,33,35,42,45,47,55],"killed_by":"The Heart","ascension_level":20}}