{"host":"vfg9szunmpjwj08o","time":1610647215,"event":{"mods":["Act Like it!","BaseMod","Challenge The Spire","Colored Map","Colored Powertips","Conspire","Dark Map","Fox Events","Minty Spire (QoL Compilation)","Relic Stats","StSLib","Waifu the Spire"],"gold_per_floor":[217,229,242,5,23,23,57,57,105,155,55,70,70,82,82,159,159,173,173,187,18,18,18,32,32,32],"floor_reached":25,"language":"ENG","playtime":973,"items_purged":["Strike_B"],"score":421,"play_id":"c5e7378e-ad5a-40f5-afb6-eb4fa642c714","local_time":"20210114190015","is_ascension_mode":true,"campfire_choices":[{"data":"Zap","floor":6,"key":"SMITH"},{"data":"Discovery","floor":15,"key":"SMITH"},{"data":"Dualcast","floor":23,"key":"SMITH"}],"circlet_count":0,"master_deck":["AscendersBane","conspire:GhostlyStrike","conspire:GhostlyStrike","conspire:GhostlyStrike","conspire:GhostlyDefend","conspire:GhostlyDefend","conspire:GhostlyDefend","conspire:GhostlyDefend","Zap+1","Dualcast+1","Gash","BootSequence","conspire:Rain","Glacier","Discovery+1","Coolheaded","Core Surge","Echo Form","Storm","Necronomicurse","conspire:SharedLibrary","Impatience"],"relics":["Cracked Core","Happy Flower","Symbiotic Virus","Akabeko","Cursed Key","Necronomicon"],"acts_visited":["Exordium","TheCity"],"potions_floor_usage":[7,25],"damage_taken":[{"damage":0,"enemies":"conspire:RoseBush","floor":1,"turns":4},{"damage":1,"enemies":"Cultist","floor":2,"turns":4},{"damage":4,"enemies":"Small Slimes","floor":3,"turns":3},{"damage":13,"enemies":"Exordium Wildlife","floor":5,"turns":4},{"damage":15,"enemies":"3 Sentries","floor":7,"turns":7},{"damage":8,"enemies":"Blue Slaver","floor":12,"turns":3},{"damage":0,"enemies":"Large Slime","floor":14,"turns":3},{"damage":14,"enemies":"The Guardian","floor":16,"turns":9},{"damage":0,"enemies":"3 Byrds","floor":18,"turns":5},{"damage":8,"enemies":"conspire:FuzzyDice","floor":20,"turns":5},{"damage":10,"enemies":"Snake Plant","floor":24,"turns":4},{"damage":15,"enemies":"Slavers","floor":25,"turns":2}],"seed_played":"611827829618057913","potions_obtained":[{"floor":5,"key":"AttackPotion"},{"floor":12,"key":"BlessingOfTheForge"},{"floor":16,"key":"Strength Potion"},{"floor":18,"key":"Explosive Potion"},{"floor":24,"key":"PotionOfCapacity"}],"is_trial":false,"path_per_floor":["M","M","M","$","M","R","E","?","T","?","$","M","?","M","R","B",null,"M","?","M","$","?","R","M","E"],"character_chosen":"DEFECT","items_purchased":["Happy Flower","Discovery","conspire:SharedLibrary","Impatience"],"campfire_rested":0,"item_purchase_floors":[4,11,21,21],"current_hp_per_floor":[64,63,59,59,46,46,31,31,31,24,24,16,16,16,16,2,54,54,33,25,25,25,25,15,0,0],"gold":32,"neow_bonus":"HUNDRED_GOLD","is_daily":false,"chose_seed":false,"campfire_upgraded":3,"win_rate":0.0,"timestamp":1610647215,"path_taken":["M","M","M","$","M","R","E","?","T","?","$","?","?","M","R","BOSS","M","?","M","$","?","R","M","E"],"items_purchased_type":["Relic","Card","Card","Card"],"build_version":"2020-12-22","purchased_purges":1,"victory":false,"max_hp_per_floor":[71,71,71,71,71,71,71,71,71,71,71,71,71,71,71,71,71,71,71,71,71,71,71,71,71,71],"relic_stats":{"Happy Flower":[14],"counters":[12,53],"Necronomicon":[1],"Cursed Key":0,"obtain_stats":[{"Happy Flower":4,"Necronomicon":19,"Cracked Core":0,"Symbiotic Virus":7,"Cursed Key":17,"Akabeko":9},{"Happy Flower":3,"Necronomicon":9,"Cracked Core":0,"Symbiotic Virus":5,"Cursed Key":8,"Akabeko":5},{"Happy Flower":11,"Necronomicon":42,"Cracked Core":0,"Symbiotic Virus":22,"Cursed Key":37,"Akabeko":22}]},"card_choices":[{"not_picked":["Stack","Streamline"],"picked":"Gash","floor":1},{"not_picked":["Conserve Battery","conspire:SharedLibrary"],"picked":"BootSequence","floor":2},{"not_picked":["Ball Lightning","Chill"],"picked":"conspire:Rain","floor":3},{"not_picked":["Static Discharge","Barrage","Steam"],"picked":"SKIP","floor":5},{"not_picked":["Stack","Hello World"],"picked":"Glacier","floor":7},{"not_picked":["Go for the Eyes","Streamline"],"picked":"Coolheaded","floor":12},{"not_picked":["Cold Snap","Leap"],"picked":"Core Surge","floor":14},{"not_picked":["Multi-Cast","Rainbow"],"picked":"Echo Form","floor":16},{"not_picked":["Rebound","Beam Cell"],"picked":"Storm","floor":18},{"not_picked":["Lockon","BootSequence","Cold Snap"],"picked":"SKIP","floor":20},{"not_picked":["Reprogram","Streamline+1","Steam"],"picked":"SKIP","floor":24}],"player_experience":1063804,"relics_obtained":[{"floor":7,"key":"Symbiotic Virus"},{"floor":9,"key":"Akabeko"},{"floor":19,"key":"Necronomicon"}],"event_choices":[{"damage_healed":0,"gold_gain":0,"player_choice":"Agree","damage_taken":0,"max_hp_gain":0,"max_hp_loss":0,"event_name":"conspire:LoneGhost","floor":8,"gold_loss":0},{"damage_healed":0,"gold_gain":50,"player_choice":"Touch","damage_taken":7,"max_hp_gain":0,"max_hp_loss":0,"event_name":"FaceTrader","floor":10,"gold_loss":0},{"damage_healed":0,"gold_gain":0,"player_choice":"Ignored","damage_taken":0,"max_hp_gain":0,"max_hp_loss":0,"event_name":"Liars Game","floor":13,"gold_loss":0},{"damage_healed":0,"gold_gain":0,"player_choice":"Obtained Book","damage_taken":21,"max_hp_gain":0,"max_hp_loss":0,"event_name":"Cursed Tome","floor":19,"gold_loss":0}],"is_beta":false,"boss_relics":[{"not_picked":["Black Star","Fusion Hammer"],"picked":"Cursed Key"}],"items_purged_floors":[4],"is_endless":false,"potions_floor_spawned":[5,12,16,18,24],"killed_by":"Slavers","ascension_level":19}}