{"host":"1c17lcvl7acx821p","time":1610585904,"event":{"mods":["AchievementEnabler","BaseMod","Colored Map","Minty Spire (QoL Compilation)","StSLib"],"gold_per_floor":[114,129,144,159,9,39,54,69,94,94,109,109,59,74,74,174,174,189,204,219,234,184,184,199,199,224,224,239,266,266,296,296,396,396,411,426,441,456,471,471,501,501,551,566,581,606,81,81,81,81],"floor_reached":51,"language":"ENG","playtime":3273,"items_purged":["Distraction","Eviscerate","Sucker Punch"],"score":807,"play_id":"e83927df-d9c4-4e22-ab08-39c33500fd87","local_time":"20210114025824","daily_mods":["Insanity","Uncertain Future","Binary"],"is_ascension_mode":false,"campfire_choices":[{"data":"Well Laid Plans","floor":12,"key":"SMITH"},{"floor":15,"key":"REST"},{"floor":23,"key":"REST"},{"data":"Acrobatics","floor":27,"key":"SMITH"},{"floor":32,"key":"REST"},{"floor":40,"key":"REST"},{"floor":42,"key":"REST"},{"data":"Catalyst","floor":49,"key":"SMITH"}],"circlet_count":0,"master_deck":["Dash","Accuracy","Deadly Poison","Terror","Poisoned Stab","Distraction","Backstab","Blade Dance","Dagger Throw","Concentrate","Crippling Poison","Acrobatics+1","Dash","Skewer","Expertise","Deflect","Heel Hook","Deadly Poison","Deflect","Acrobatics","PiercingWail","Dodge and Roll","Distraction","Dodge and Roll","Cloak And Dagger","Outmaneuver","Leg Sweep","Bane","Prepared","Catalyst+1","Blade Dance","Flying Knee","Acrobatics","Prepared","All Out Attack","Backflip","Reflex","Predator","Dagger Spray","Catalyst","Slice","Tactician","PiercingWail","Well Laid Plans+1","Deadly Poison","Blade Dance","Underhanded Strike","Crippling Poison","Adrenaline","Malaise","Deadly Poison+1","Unload","Deflect","Blade Dance+1","Infinite Blades","Slice","Backstab","Backstab+1","Cloak And Dagger+1","Quick Slash","Tactician","Leg Sweep+1","Escape Plan","Noxious Fumes","Acrobatics","Escape Plan"],"relics":["Ring of the Snake","Happy Flower","Regal Pillow","Oddly Smooth Stone","Smiling Mask","Sozu","Ancient Tea Set","Strawberry","Red Mask","Bag of Preparation","SlaversCollar","Letter Opener","Snake Skull","Lantern","TungstenRod"],"acts_visited":["Exordium","TheCity","TheBeyond"],"potions_floor_usage":[21,31,50],"damage_taken":[{"damage":6,"enemies":"Cultist","floor":1,"turns":3},{"damage":0,"enemies":"2 Louse","floor":2,"turns":1},{"damage":0,"enemies":"Small Slimes","floor":3,"turns":2},{"damage":0,"enemies":"Blue Slaver","floor":4,"turns":3},{"damage":8,"enemies":"Lagavulin","floor":6,"turns":6},{"damage":8,"enemies":"3 Louse","floor":7,"turns":3},{"damage":4,"enemies":"Gremlin Gang","floor":8,"turns":5},{"damage":7,"enemies":"Red Slaver","floor":11,"turns":4},{"damage":9,"enemies":"Blue Slaver","floor":14,"turns":4},{"damage":3,"enemies":"Slime Boss","floor":16,"turns":8},{"damage":6,"enemies":"Chosen","floor":18,"turns":4},{"damage":20,"enemies":"2 Thieves","floor":19,"turns":2},{"damage":15,"enemies":"Centurion and Healer","floor":20,"turns":6},{"damage":8,"enemies":"Snake Plant","floor":21,"turns":3},{"damage":24,"enemies":"Sentry and Sphere","floor":24,"turns":5},{"damage":1,"enemies":"Snecko","floor":28,"turns":3},{"damage":7,"enemies":"Masked Bandits","floor":29,"turns":5},{"damage":5,"enemies":"Slavers","floor":31,"turns":5},{"damage":18,"enemies":"Champ","floor":33,"turns":9},{"damage":0,"enemies":"3 Darklings","floor":35,"turns":6},{"damage":8,"enemies":"3 Shapes","floor":36,"turns":3},{"damage":4,"enemies":"Jaw Worm Horde","floor":37,"turns":4},{"damage":33,"enemies":"Spire Growth","floor":38,"turns":5},{"damage":7,"enemies":"Transient","floor":39,"turns":5},{"damage":24,"enemies":"Reptomancer","floor":41,"turns":5},{"damage":0,"enemies":"Sphere and 2 Shapes","floor":44,"turns":4},{"damage":7,"enemies":"Jaw Worm Horde","floor":45,"turns":3},{"damage":10,"enemies":"Donu and Deca","floor":50,"turns":9}],"seed_played":"-4891952413640654339","potions_obtained":[{"floor":1,"key":"Dexterity Potion"},{"floor":2,"key":"SteroidPotion"},{"floor":4,"key":"Poison Potion"},{"floor":7,"key":"SmokeBomb"},{"floor":11,"key":"SkillPotion"}],"is_trial":false,"path_per_floor":["M","M","M","M","$","E","M","M","T","?","M","R","$","M","R","B",null,"M","M","M","M","$","R","M","?","T","R","M","?","?","E","R","B",null,"M","M","M","M","M","R","E","R","T","M","M","T","$","?","R","B",null],"character_chosen":"THE_SILENT","items_purchased":["Happy Flower","Noxious Fumes","TungstenRod","Acrobatics","Escape Plan"],"campfire_rested":5,"item_purchase_floors":[5,47,47,47,47],"current_hp_per_floor":[64,64,64,64,64,56,48,44,44,32,25,25,25,16,52,49,70,64,44,29,21,21,57,33,33,40,40,39,32,32,27,65,47,77,77,69,65,32,25,63,39,77,77,77,70,70,70,70,70,60],"gold":81,"neow_bonus":"","is_daily":true,"chose_seed":false,"campfire_upgraded":3,"win_rate":0.0,"timestamp":1610585904,"path_taken":["M","M","M","?","?","E","M","M","T","?","M","R","$","M","R","BOSS","M","M","M","M","$","R","M","?","T","R","M","?","?","E","R","BOSS","M","M","?","M","M","R","E","R","T","M","M","?","$","?","R","BOSS"],"items_purchased_type":["Relic","Card","Relic","Card","Card"],"build_version":"2020-12-22","purchased_purges":3,"victory":true,"max_hp_per_floor":[70,70,70,70,70,70,70,70,70,70,70,70,70,70,70,70,70,70,70,70,70,70,70,70,70,77,77,77,77,77,77,77,77,77,77,77,77,77,77,77,77,77,77,77,77,77,77,77,77,77],"card_choices":[{"not_picked":["Dodge and Roll"],"picked":"Blade Dance","floor":1},{"not_picked":["Sucker Punch","PiercingWail"],"picked":"SKIP","floor":2},{"not_picked":["Acrobatics"],"picked":"Underhanded Strike","floor":3},{"not_picked":["Flying Knee","Blade Dance"],"picked":"SKIP","floor":4},{"not_picked":["Finisher","PiercingWail"],"picked":"SKIP","floor":6},{"not_picked":["Dagger Throw"],"picked":"Crippling Poison","floor":7},{"not_picked":["Prepared"],"picked":"Adrenaline","floor":8},{"not_picked":["Calculated Gamble","Cloak And Dagger"],"picked":"SKIP","floor":11},{"not_picked":["Prepared","Calculated Gamble"],"picked":"SKIP","floor":14},{"not_picked":["Night Terror"],"picked":"Malaise","floor":16},{"not_picked":["Sucker Punch+1"],"picked":"Deadly Poison+1","floor":18},{"not_picked":["Outmaneuver"],"picked":"Unload","floor":19},{"not_picked":["Sucker Punch","Prepared"],"picked":"SKIP","floor":20},{"not_picked":["Dodge and Roll"],"picked":"Deflect","floor":21},{"not_picked":["Flying Knee"],"picked":"Blade Dance+1","floor":24},{"not_picked":["Flying Knee"],"picked":"Infinite Blades","floor":28},{"not_picked":["Dash"],"picked":"Backstab","floor":31},{"not_picked":["Quick Slash+1"],"picked":"Backstab+1","floor":35},{"not_picked":["Dodge and Roll","Masterful Stab+1"],"picked":"SKIP","floor":36},{"not_picked":["Calculated Gamble"],"picked":"Cloak And Dagger+1","floor":37},{"not_picked":["Caltrops","Flying Knee"],"picked":"SKIP","floor":38},{"not_picked":["Well Laid Plans+1"],"picked":"Quick Slash","floor":39},{"not_picked":["Poisoned Stab"],"picked":"Tactician","floor":41},{"not_picked":["Deflect+1"],"picked":"Leg Sweep+1","floor":44},{"not_picked":["Crippling Poison"],"picked":"Escape Plan","floor":45}],"player_experience":76982,"relics_obtained":[{"floor":6,"key":"Regal Pillow"},{"floor":9,"key":"Oddly Smooth Stone"},{"floor":26,"key":"Strawberry"},{"floor":29,"key":"Red Mask"},{"floor":31,"key":"Bag of Preparation"},{"floor":41,"key":"Letter Opener"},{"floor":43,"key":"Snake Skull"},{"floor":46,"key":"Lantern"}],"event_choices":[{"damage_healed":0,"gold_gain":0,"player_choice":"Success","damage_taken":12,"relics_obtained":["Smiling Mask"],"max_hp_gain":0,"max_hp_loss":0,"event_name":"Scrap Ooze","floor":10,"gold_loss":0},{"damage_healed":0,"gold_gain":0,"player_choice":"Opened","damage_taken":0,"relics_obtained":["Ancient Tea Set"],"max_hp_gain":0,"max_hp_loss":0,"event_name":"The Mausoleum","floor":25,"gold_loss":0},{"damage_healed":0,"gold_gain":0,"player_choice":"Fought Bandits","damage_taken":0,"max_hp_gain":0,"max_hp_loss":0,"event_name":"Masked Bandits","floor":29,"gold_loss":0},{"damage_healed":0,"gold_gain":0,"cards_transformed":["Distraction"],"player_choice":"Transformed","damage_taken":0,"max_hp_gain":0,"max_hp_loss":0,"event_name":"Transmorgrifier","floor":30,"gold_loss":0,"cards_obtained":["Slice"]},{"cards_removed":["Dodge and Roll"],"damage_healed":0,"gold_gain":0,"player_choice":"Removed Skill","damage_taken":0,"max_hp_gain":0,"max_hp_loss":0,"event_name":"Falling","floor":48,"gold_loss":0}],"is_beta":false,"boss_relics":[{"not_picked":["SacredBark","Ectoplasm"],"picked":"Sozu"},{"not_picked":["Empty Cage","Calling Bell"],"picked":"SlaversCollar"}],"items_purged_floors":[13,22,47],"is_endless":false,"potions_floor_spawned":[1,2,4,7,11,16,20,21,29,31,33,35,38,44],"ascension_level":0}}