{"host":"khkox7sggahain0a","time":1610621934,"event":{"mods":["Act Like it!","Arknights The Spire","BaseMod","Downfall","Gensokyo","Lobotomy","LobotomyExtend","Marisa£®ÏF”Í°°ƒß¿Ì…≥£©","Minty Spire (QoL Compilation)","Quick Restart","StSLib","The Animator","Waifu the Spire"],"gold_per_floor":[274,274,289,307,319,319,351,351,351,366,398,409,409,443,443,562,562,575,500,500,518,543,582,582,625,625,645,681,681,725,675,675,804,804,818,843,857,926,289,333,333,369,369,369,382,425,425,425,425,425],"floor_reached":51,"language":"ZHS","playtime":3072,"items_purged":["ats:Defend","ats:Defend"],"score":972,"play_id":"8ce08c88-d799-4315-9cf8-da5d3262809e","local_time":"20210114185854","is_ascension_mode":true,"campfire_choices":[{"floor":6.0,"key":"RECALL"},{"data":"ats:Composite Medical Shells","floor":8.0,"key":"SMITH"},{"data":"ats:Hammer On","floor":15.0,"key":"SMITH"},{"data":"ats:Overload","floor":24,"key":"SMITH"},{"data":"ats:Red Shift","floor":32,"key":"SMITH"},{"floor":41,"key":"DIG"},{"floor":49,"key":"DIG"}],"circlet_count":0,"master_deck":["ats:Strike C","ats:Strike G","ats:Strike S+1","ats:Strike V+1","ats:Armor Crushing Shot+1","ats:Defend","ats:Defend","ats:Emotion Absorption","MeatLantern","ats:Poison Spread","NothingThere","CrumblingArmor","ats:Composite Medical Shells+1","ats:Overload+1","PunishingBird","ats:Closed Bolt Burst Fire+1","FieryBird","ats:Hammer On+1","ats:Wolf Pack+1","ats:Red Shift+1","OSAHOGD","Woodsman","ats:Red Shift","ats:Hammer On+1","BigBird","ats:Consecutive Shot Auto","ats:Consecutive Shot Auto+1","ats:Mental Burst+1","ats:Blood Oath+1","CENSORED"],"relics":["ats:Sanity","CogitoBucket","LetterFromLob","ats:Originium","Strawberry","Potion Belt","LuminousBracelet","Toxic Egg 2","Golden Idol","ats:Ability Aura","Sozu","HellTrain","Moonlight_r","MagicBullet_r","Art of War","Pocketwatch","AspirationHeart","ats:Lavender","ats:Spiritual Recovery","ats:Industrial Water Cannon","Black Star","Shovel","Molten Egg 2","ats:Bonebreaker","The Courier","Juzu Bracelet","TungstenRod","Singing Bowl","Eternal Feather","Turnip","Centennial Puzzle","Whetstone","Bottled Lightning"],"acts_visited":["Exordium","TheCity","TheBeyond"],"potions_floor_usage":[51],"damage_taken":[{"damage":1.0,"enemies":"Jaw Worm","floor":1.0,"turns":5.0},{"damage":0.0,"enemies":"Cultist","floor":3.0,"turns":4.0},{"damage":0.0,"enemies":"Small Slimes","floor":4.0,"turns":4.0},{"damage":9.0,"enemies":"Exordium Wildlife","floor":5.0,"turns":5.0},{"damage":26.0,"enemies":"Lagavulin","floor":7.0,"turns":5.0},{"damage":36.0,"enemies":"Large Slime","floor":10.0,"turns":4.0},{"damage":21.0,"enemies":"Gremlin Nob","floor":11.0,"turns":5.0},{"damage":8.0,"enemies":"3 Louse","floor":12.0,"turns":3.0},{"damage":5.0,"enemies":"3 Sentries","floor":14.0,"turns":4.0},{"damage":43.0,"enemies":"The Guardian","floor":16.0,"turns":6.0},{"damage":57.0,"enemies":"2 Thieves","floor":18.0,"turns":5.0},{"damage":11.0,"enemies":"Shell Parasite","floor":21.0,"turns":3.0},{"damage":1.0,"enemies":"Snecko","floor":22.0,"turns":3.0},{"damage":21.0,"enemies":"Slavers","floor":23.0,"turns":2.0},{"damage":62,"enemies":"Book of Stabbing","floor":25,"turns":4},{"damage":7,"enemies":"Shelled Parasite and Fungi","floor":27,"turns":4},{"damage":27,"enemies":"Gremlin Leader","floor":28,"turns":4},{"damage":45,"enemies":"Slavers","floor":30,"turns":4},{"damage":27,"enemies":"Collector","floor":33,"turns":5},{"damage":28,"enemies":"3 Darklings","floor":35,"turns":3},{"damage":59,"enemies":"3 Shapes","floor":36,"turns":2},{"damage":4,"enemies":"Spire Growth","floor":37,"turns":3},{"damage":33,"enemies":"2 Orb Walkers","floor":38,"turns":3},{"damage":93,"enemies":"Giant Head","floor":40,"turns":6},{"damage":11,"enemies":"Nemesis","floor":42,"turns":5},{"damage":2,"enemies":"Maw","floor":45,"turns":5},{"damage":65,"enemies":"Giant Head","floor":46,"turns":6},{"damage":162,"enemies":"Awakened One","floor":50,"turns":6},{"damage":225,"enemies":"Malkuth","floor":51,"turns":5},{"damage":227,"enemies":"Hod","floor":51,"turns":7}],"seed_played":"6403266236414409825","potions_obtained":[{"floor":5.0,"key":"LiquidBronze"},{"floor":7.0,"key":"SkillPotion"},{"floor":11.0,"key":"Swift Potion"},{"floor":12.0,"key":"LiquidMemories"},{"floor":14.0,"key":"PowerPotion"}],"is_trial":false,"path_per_floor":["M","?","M","M","M","R","E","R","T","M","E","M","?","E","R","B",null,"M","$","?","M","M","E","R","E","T","M","E","?","E","?","R","B",null,"M","M","M","?","$","E","R","E","T","?","M","E","?","?","R","B",null],"character_chosen":"DOCTOR_CLASS","items_purchased":["Molten Egg 2","ats:Bonebreaker","ats:Mental Burst+1"],"campfire_rested":0,"item_purchase_floors":[39,39,39],"current_hp_per_floor":[71,57,57,64,66,66,67,67,67,57,50,50,27,37,37,51,94,79,79,23,29,44,62,62,32,32,91,104,104,96,96,96,104,104,104,74,95,98,98,77,77,97,97,99,110,102,102,102,102,84],"gold":425,"neow_bonus":"","is_daily":false,"chose_seed":false,"campfire_upgraded":4,"win_rate":0.0,"timestamp":1610621934,"path_taken":["M","?","M","M","M","R","E","R","T","M","E","?","?","E","R","BOSS","M","$","?","M","M","E","R","E","T","M","E","?","E","?","R","BOSS","M","?","M","?","$","E","R","E","T","?","M","E","?","?","R","BOSS"],"items_purchased_type":["Relic","Relic","Card"],"build_version":"2020-12-22","purchased_purges":2,"victory":true,"max_hp_per_floor":[72,72,72,72,72,72,79,79,79,94,94,94,94,94,94,94,94,94,94,94,94,94,94,94,94,94,104,104,104,104,104,104,104,104,104,104,104,104,104,104,104,106,106,108,110,102,102,102,102,102],"card_choices":[{"not_picked":["LittleHelper","QueenOfHatred","CherryBlossoms"],"picked":"Singing Bowl","floor":1.0},{"not_picked":["LittlePrince","CherryBlossoms"],"picked":"MeatLantern","floor":1.0},{"not_picked":["ats:Collapsing Strike","ats:Childhood Dance"],"picked":"ats:Poison Spread","floor":1.0},{"not_picked":["Bloodbath","WallGazer"],"picked":"NothingThere","floor":3.0},{"not_picked":["ats:Ignite","ats:Very Hot Blade","ats:Childhood Dance"],"picked":"SKIP","floor":3.0},{"not_picked":["VoidDream","Woodsman"],"picked":"CrumblingArmor","floor":4.0},{"not_picked":["ats:Curse Doll","ats:Leaping Hammer"],"picked":"ats:Composite Medical Shells","floor":4.0},{"not_picked":["Murderer","DreamingCurrent","Bloodbath"],"picked":"Singing Bowl","floor":5.0},{"not_picked":["ats:Apocalypse","ats:Encircling Forest"],"picked":"ats:Overload","floor":5.0},{"not_picked":["Scorched","CherryBlossoms"],"picked":"PunishingBird","floor":7.0},{"not_picked":["ats:Volcano","ats:Powerful Strike","ats:Collapsing Strike"],"picked":"SKIP","floor":7.0},{"not_picked":["Bloodbath","Wellcheers","VoidDream"],"picked":"Singing Bowl","floor":10.0},{"not_picked":["ats:Shell Defense","ats:Revitalization","ats:Powerful Strike"],"picked":"SKIP","floor":10.0},{"not_picked":["Rudolta","GalaxyChild","OldLady"],"picked":"Singing Bowl","floor":11.0},{"not_picked":["ats:Very Hot Blade","ats:Powerful Strike"],"picked":"ats:Closed Bolt Burst Fire","floor":11.0},{"not_picked":["SpiderBud","MHz","GreedKing"],"picked":"Singing Bowl","floor":12.0},{"not_picked":["ats:Ignite","ats:Hook Shot+1","ats:Encircling Forest+1"],"picked":"SKIP","floor":12.0},{"not_picked":["GreedKing","WallGazer"],"picked":"FieryBird","floor":14.0},{"not_picked":["ats:Ignite","ats:Soul Rend"],"picked":"ats:Hammer On","floor":14.0},{"not_picked":["Freischutz","HeroicMonk","DreamingCurrent"],"picked":"Singing Bowl","floor":16.0},{"not_picked":["ats:Volcano","ats:Dogmatic Field"],"picked":"ats:Wolf Pack","floor":16.0},{"not_picked":["Scarecrow","FairyFestival","SpiderBud"],"picked":"Singing Bowl","floor":18.0},{"not_picked":["ats:Shell Defense+1","ats:Explosion Area Strengthen"],"picked":"ats:Red Shift","floor":18.0},{"not_picked":["BeautyBeast","Mercenary"],"picked":"OSAHOGD","floor":21.0},{"not_picked":["ats:Flexible Camouflage+1","ats:Healing Strengthening","ats:Childhood Dance+1"],"picked":"SKIP","floor":21.0},{"not_picked":["SingingMachine","FairyFestival","CherryBlossoms"],"picked":"Singing Bowl","floor":22.0},{"not_picked":["UniverseFragment","MHz"],"picked":"Woodsman","floor":22.0},{"not_picked":["ats:Childhood Dance+1","ats:Revitalization+1"],"picked":"ats:Red Shift","floor":22.0},{"not_picked":["ats:Cat Scratch","ats:Volcano"],"picked":"ats:Hammer On","floor":23},{"not_picked":["LittlePrince","BlueStar","ShyLook"],"picked":"Singing Bowl","floor":25},{"not_picked":["ats:Song Of Battle","ats:Encircling Forest+1","ats:Curse Doll+1"],"picked":"SKIP","floor":25},{"not_picked":["SnowQueen","HappyTeddy"],"picked":"BigBird","floor":27},{"not_picked":["ats:Support Order+1","ats:Shadow Raid+1"],"picked":"ats:Consecutive Shot Auto","floor":27},{"not_picked":["BlueStar","Funeral","SpiderBud"],"picked":"Singing Bowl","floor":28},{"not_picked":["ats:Magnetic Hammer","ats:Shell Defense+1","ats:Childhood Dance+1"],"picked":"SKIP","floor":28},{"not_picked":["DreamingCurrent","Mercenary","Bloodbath"],"picked":"Singing Bowl","floor":30},{"not_picked":["ats:Volcano","ats:Leaping Hammer","ats:Collapsing Strike"],"picked":"SKIP","floor":30},{"not_picked":["FairyFestival","GalaxyChild","BlackSwan"],"picked":"Singing Bowl","floor":33},{"not_picked":["ats:Calcification+1","ats:Echo Reverb+1"],"picked":"ats:Ambush","floor":33},{"not_picked":["Scarecrow","Laetitia","BeautyBeast"],"picked":"Singing Bowl","floor":35},{"not_picked":["ats:Poison Spread","ats:Childhood Dance+1","ats:Ignite"],"picked":"SKIP","floor":35},{"not_picked":["NakedNest","GalaxyChild","Rudolta"],"picked":"Singing Bowl","floor":36},{"not_picked":["ats:Shell Defense+1","ats:Curse Doll+1"],"picked":"ats:Consecutive Shot Auto+1","floor":36},{"not_picked":["WallGazer","HappyTeddy","QueenBee"],"picked":"Singing Bowl","floor":37},{"not_picked":["ats:Flexible Camouflage+1","ats:Revitalization+1","ats:Apocalypse+1"],"picked":"SKIP","floor":37},{"not_picked":["BlueStar","QueenBee","Rudolta"],"picked":"Singing Bowl","floor":38},{"not_picked":["Scarecrow","BodiesMountain","FairyFestival"],"picked":"Singing Bowl","floor":40},{"not_picked":["ats:Sword Rain+1","ats:Counter Healing Mode"],"picked":"ats:Blood Oath+1","floor":40},{"not_picked":["BlackSwan","GreedKing"],"picked":"CENSORED","floor":42},{"not_picked":["ats:Childhood Dance+1","ats:Assault Order+1","ats:Cat Scratch+1"],"picked":"Singing Bowl","floor":42},{"not_picked":["expansioncontent:PrepareCrush+1","PanicButton+1","HandOfGreed+1"],"picked":"Singing Bowl","floor":44},{"not_picked":["QueenBee","SingingMachine","OldLady"],"picked":"Singing Bowl","floor":45},{"not_picked":["ats:Poison Spread+1","ats:Leaping Hammer+1","ats:Powerful Strike+1"],"picked":"Singing Bowl","floor":45},{"not_picked":["DespairKnight","BlackSwan","LaLuna"],"picked":"Singing Bowl","floor":46},{"not_picked":["ats:Explosion Area Strengthen+1","ats:Guardian Obelisk+1","ats:LN2 Cannon+1"],"picked":"Singing Bowl","floor":46}],"player_experience":304805,"relics_obtained":[{"floor":1.0,"key":"LetterFromLob"},{"floor":7.0,"key":"ats:Originium"},{"floor":7.0,"key":"Strawberry"},{"floor":9.0,"key":"Potion Belt"},{"floor":11.0,"key":"ats:Originium"},{"floor":11.0,"key":"Toxic Egg 2"},{"floor":14.0,"key":"ats:Originium"},{"floor":14.0,"key":"ats:Ability Aura"},{"floor":23,"key":"Art of War"},{"floor":25,"key":"Pocketwatch"},{"floor":28,"key":"ats:Lavender"},{"floor":30,"key":"ats:Industrial Water Cannon"},{"floor":38,"key":"Shovel"},{"floor":40,"key":"The Courier"},{"floor":40,"key":"Juzu Bracelet"},{"floor":41,"key":"TungstenRod"},{"floor":42,"key":"Singing Bowl"},{"floor":42,"key":"Eternal Feather"},{"floor":43,"key":"Turnip"},{"floor":46,"key":"Centennial Puzzle"},{"floor":46,"key":"Whetstone"},{"floor":49,"key":"Bottled Lightning"}],"event_choices":[{"damage_healed":0.0,"max_hp_gain":0.0,"max_hp_loss":0.0,"gold_gain":0.0,"event_name":"Shining Light","player_choice":"Entered Light","floor":2.0,"gold_loss":0.0,"damage_taken":14.0,"cards_upgraded":["ats:Strike S","ats:Armor Crushing Shot"]},{"damage_healed":0.0,"max_hp_gain":0.0,"max_hp_loss":0.0,"gold_gain":0.0,"event_name":"Golden Idol","player_choice":"Take Damage","floor":13.0,"gold_loss":0.0,"damage_taken":23.0,"relics_obtained":["Golden Idol"]},{"damage_healed":0,"gold_gain":0,"player_choice":"Opened","damage_taken":0,"relics_obtained":["ats:Spiritual Recovery"],"max_hp_gain":0,"max_hp_loss":0,"event_name":"The Mausoleum","floor":29,"gold_loss":0},{"damage_healed":0,"gold_gain":0,"player_choice":"Bet on Murderer","damage_taken":0,"max_hp_gain":0,"max_hp_loss":0,"event_name":"The Joust","floor":31,"gold_loss":50},{"damage_healed":0,"gold_gain":0,"player_choice":"Fight","damage_taken":0,"max_hp_gain":0,"max_hp_loss":0,"event_name":"Mysterious Sphere","floor":38,"gold_loss":0},{"damage_healed":0,"gold_gain":0,"player_choice":"Memory 1","damage_taken":0,"max_hp_gain":0,"max_hp_loss":0,"event_name":"SensoryStone","floor":44,"gold_loss":0},{"cards_removed":["ats:Ambush"],"damage_healed":0,"gold_gain":0,"player_choice":"Removed Power","damage_taken":0,"max_hp_gain":0,"max_hp_loss":0,"event_name":"Falling","floor":48,"gold_loss":0}],"is_beta":false,"boss_relics":[{"not_picked":["Tiny House","Calling Bell"],"picked":"Sozu"},{"not_picked":["SacredBark","Astrolabe"],"picked":"Black Star"}],"items_purged_floors":[19,39],"is_endless":false,"potions_floor_spawned":[5,7,11,12,14,18,21,23,30,37,40,46],"ascension_level":1}}