{"host":"0hb9w7uizu7y13wj","time":1610628583,"event":{"mods":["Act Like it!","Aspiration","BaseMod","BetterRewards","Colored Map","Conspire","Downfall","Energized Spire","FTL Soundtrack","Friendly Minions","Halation","Hubris","Infinite Spire","Minty Spire (QoL Compilation)","Quick Restart","Replay The Spire","StSLib","Synergy Search","The Factory","The Hierophant","The Jungle","The Poker Player","Trackpad","everything is the same but u backflip on backflip","vexMod"],"gold_per_floor":[113,113,113,123,4,37,48,64,90,100,110,110,126,126,126,197,197,207,207,234,254,254,280,280,314,314,314,26,38,70,70,70],"floor_reached":31,"language":"ENG","playtime":1098,"items_purged":[],"score":740,"play_id":"d5bb662d-653e-42de-907e-9aad52e0c0f3","local_time":"20210114124943","is_ascension_mode":true,"campfire_choices":[{"data":"Eruption","floor":12.0,"key":"SMITH"},{"floor":15.0,"key":"REST"},{"floor":24.0,"key":"REST"},{"floor":27.0,"key":"REST"}],"circlet_count":0,"master_deck":["AscendersBane","Strike_P","Strike_P","Strike_P","Defend_P","Defend_P","Defend_P","Defend_P","Eruption","Vigilance","CrushJoints","Devotion","Eruption+1","FlurryOfBlows","TalkToTheHand","Wallop","TalkToTheHand","FlurryOfBlows","DeusExMachina","Worship","Replay:LoomingThreat","Halt","FlurryOfBlows","Devotion","Consecrate","FollowUp","Replay:DivineShield","MasterReality"],"relics":["PureWater","NeowsBlessing","trackpad:DisasterInABottle","Akabeko","infinitespire:Cupcake","vexMod:MemoryStick","WingedGreaves","Mummified Hand","Pantograph","Onion Ring","vexMod:InvisibilityCloak"],"acts_visited":["Exordium","TheCity"],"potions_floor_usage":[],"damage_taken":[{"damage":0.0,"enemies":"2 Louse","floor":1.0,"turns":1.0},{"damage":0.0,"enemies":"Jaw Worm","floor":4.0,"turns":1.0},{"damage":0.0,"enemies":"3 Sentries","floor":6.0,"turns":1.0},{"damage":0.0,"enemies":"Cultist","floor":7.0,"turns":2.0},{"damage":4.0,"enemies":"Looter","floor":8.0,"turns":2.0},{"damage":14.0,"enemies":"Exordium Wildlife","floor":10.0,"turns":4.0},{"damage":11.0,"enemies":"Exordium Thugs","floor":11.0,"turns":3.0},{"damage":6.0,"enemies":"Large Slime","floor":13.0,"turns":3.0},{"damage":0.0,"enemies":"Fading Forest","floor":16.0,"turns":13.0},{"damage":25.0,"enemies":"2 Thieves","floor":18.0,"turns":3.0},{"damage":19.0,"enemies":"Shell Parasite","floor":21.0,"turns":3.0},{"damage":27.0,"enemies":"Slavers","floor":23.0,"turns":3.0},{"damage":13.0,"enemies":"Gremlin Leader","floor":25.0,"turns":4.0},{"damage":0.0,"enemies":"Cultist and Chosen","floor":29.0,"turns":3.0},{"damage":27.0,"enemies":"conspire:Head Lice","floor":30.0,"turns":6.0},{"damage":0,"enemies":"Snake Plant","floor":31,"turns":1}],"seed_played":"4075929956938194316","potions_obtained":[{"floor":7.0,"key":"Energy Potion"},{"floor":8.0,"key":"Strength Potion"},{"floor":11.0,"key":"Ambrosia"},{"floor":18.0,"key":"SpeedPotion"},{"floor":29.0,"key":"GamblersBrew"}],"is_trial":false,"path_per_floor":["M","?","?","M","$","E","M","M","T","M","M","R","M","?","R","B",null,"M","?","T","M","?","E","R","E","T","R","$","M","E","M"],"character_chosen":"WATCHER","items_purchased":["TalkToTheHand","Wallop","Onion Ring","FollowUp"],"campfire_rested":3,"item_purchase_floors":[5,5,28,28],"current_hp_per_floor":[61,61,61,61,61,61,61,57,57,43,32,32,26,31,52,73,73,48,48,48,29,33,6,27,14,14,35,35,35,8,8,8],"gold":70,"neow_bonus":"THREE_ENEMY_KILL","is_daily":false,"chose_seed":false,"campfire_upgraded":1,"win_rate":0.0,"timestamp":1610628583,"path_taken":["M","?","?","M","$","E","M","?","T","M","M","R","M","?","R","BOSS","M","?","?","?","?","E","R","E","T","R","$","M","E","M"],"items_purchased_type":["Card","Card","Relic","Card"],"build_version":"2020-12-22","purchased_purges":0,"victory":false,"max_hp_per_floor":[68,68,68,68,68,68,68,68,68,68,68,68,68,73,73,73,73,73,73,73,73,73,73,73,73,73,73,73,73,73,73,73],"card_choices":[{"not_picked":["FlyingSleeves","Weave","Vengeance"],"picked":"SKIP","floor":1.0},{"not_picked":["ClearTheMind","CrushJoints"],"picked":"FlurryOfBlows","floor":4.0},{"not_picked":["CrushJoints","BowlingBash","Replay:Vibes"],"picked":"SKIP","floor":6.0},{"not_picked":["Evaluate","Replay:AtTheReady","PathToVictory"],"picked":"SKIP","floor":7.0},{"not_picked":["WindmillStrike","MentalFortress"],"picked":"TalkToTheHand","floor":8.0},{"not_picked":["Pray","Replay:ManipulateFuture"],"picked":"FlurryOfBlows","floor":10.0},{"not_picked":["Conclude","Prostrate"],"picked":"DeusExMachina","floor":11.0},{"not_picked":["Study","PathToVictory"],"picked":"Worship","floor":13.0},{"not_picked":["Alpha","Scrawl"],"picked":"Replay:LoomingThreat","floor":16.0},{"not_picked":["Replay:Battleflow","Replay:Vibes+1"],"picked":"Halt","floor":18.0},{"not_picked":["Perseverance","Replay:ManipulateFuture"],"picked":"FlurryOfBlows","floor":21.0},{"not_picked":["CutThroughFate+1","SignatureMove+1"],"picked":"Devotion","floor":23.0},{"not_picked":["Replay:DivineShield","Crescendo+1"],"picked":"Consecrate","floor":25.0},{"not_picked":["MentalFortress","CarveReality"],"picked":"Replay:DivineShield","floor":29.0},{"not_picked":["ClearTheMind","Crescendo"],"picked":"MasterReality","floor":30.0}],"player_experience":935912,"relics_obtained":[{"floor":6.0,"key":"trackpad:DisasterInABottle"},{"floor":9.0,"key":"Akabeko"},{"floor":20.0,"key":"vexMod:MemoryStick"},{"floor":23.0,"key":"WingedGreaves"},{"floor":25.0,"key":"Mummified Hand"},{"floor":26.0,"key":"Pantograph"},{"floor":30.0,"key":"vexMod:InvisibilityCloak"}],"event_choices":[{"damage_healed":0.0,"max_hp_gain":0.0,"max_hp_loss":0.0,"gold_gain":0.0,"event_name":"The Cleric","player_choice":"Leave","floor":2.0,"gold_loss":0.0,"damage_taken":0.0},{"damage_healed":0.0,"max_hp_gain":0.0,"max_hp_loss":0.0,"gold_gain":0.0,"event_name":"Match and Keep!","player_choice":"3 cards matched","floor":3.0,"gold_loss":0.0,"damage_taken":0.0,"cards_obtained":["CrushJoints","Devotion","Eruption"]},{"damage_healed":0.0,"max_hp_gain":5.0,"max_hp_loss":0.0,"gold_gain":0.0,"event_name":"Big Fish","player_choice":"Donut","floor":14.0,"gold_loss":0.0,"damage_taken":0.0},{"cards_removed":["Strike_P"],"damage_healed":0.0,"max_hp_gain":0.0,"max_hp_loss":0.0,"gold_gain":0.0,"event_name":"Back to Basics","player_choice":"Elegance","floor":19.0,"gold_loss":0.0,"damage_taken":0.0}],"is_beta":false,"boss_relics":[{"not_picked":["conspire:SeveredTorchhead","ReplayTheSpireMod:SealedPack"],"picked":"infinitespire:Cupcake"}],"items_purged_floors":[],"is_endless":false,"potions_floor_spawned":[7,8,11,13,18,29],"killed_by":"Snake Plant","ascension_level":20}}