{"host":"v54ek091sdz7ha6h","time":1610594211,"event":{"mods":["BaseMod","Better Vampires","Colored Map","Colored Powertips","Custom Start","DeckTracker","Highlight Path","KOR Keyword Fix","Minty Spire (QoL Compilation)","Quick Restart","Rare Cards Sparkle","StSLib","SuperFastMode","everything is the same but u backflip on backflip","slay the spire mod where everything is the same but ironclad has a cowboy hat"],"gold_per_floor":[111,111,128,128,28,28,46,56,83,95,110,126,145,45,45,117,117,128,142,142,160,207,236,85,95,142,157,168,118,137,98,98,171,171,191,191,260,277,73,99,99,124,124,124,124,124,138,5,5,5,5,5],"floor_reached":51,"language":"KOR","playtime":1954,"items_purged":["Pain","Defend_B","Strike_B","Strike_B"],"score":1342,"play_id":"c9383587-1fdf-46e4-953e-8eab23dab565","local_time":"20210114121651","is_ascension_mode":true,"campfire_choices":[{"data":"Dualcast","floor":6.0,"key":"SMITH"},{"data":"Genetic Algorithm","floor":15.0,"key":"SMITH"},{"data":"Defragment","floor":32.0,"key":"SMITH"},{"floor":41.0,"key":"REST"},{"floor":44.0,"key":"REST"},{"floor":49.0,"key":"RECALL"}],"circlet_count":0,"master_deck":["AscendersBane","Strike_B","Defend_B","Defend_B","Defend_B","Zap+1","Dualcast+1","Undo","Gash","Hologram","Gash+1","Rebound+1","Self Repair","Genetic Algorithm+1","Conserve Battery","Machine Learning","Go for the Eyes","Beam Cell+1","Auto Shields","Steam","Hologram","Gash","Coolheaded","Coolheaded","Defragment+1","Fission","Coolheaded+1","FTL+1"],"relics":["Cracked Core","WarpedTongs","Tiny Chest","Nuclear Battery","Bag of Preparation","Whetstone","Busted Crown","Matryoshka","InkBottle","CeramicFish","Juzu Bracelet","Molten Egg 2","Lantern","Singing Bowl"],"acts_visited":["Exordium","TheCity","TheBeyond"],"potions_floor_usage":[51,51],"damage_taken":[{"damage":6.0,"enemies":"Small Slimes","floor":1.0,"turns":4.0},{"damage":7.0,"enemies":"Cultist","floor":3.0,"turns":4.0},{"damage":0.0,"enemies":"2 Louse","floor":7.0,"turns":2.0},{"damage":3.0,"enemies":"Lots of Slimes","floor":8.0,"turns":2.0},{"damage":0.0,"enemies":"Exordium Wildlife","floor":10.0,"turns":3.0},{"damage":0.0,"enemies":"2 Fungi Beasts","floor":11.0,"turns":4.0},{"damage":0.0,"enemies":"Looter","floor":12.0,"turns":4.0},{"damage":4.0,"enemies":"Exordium Wildlife","floor":13.0,"turns":4.0},{"damage":71.0,"enemies":"Hexaghost","floor":16.0,"turns":11.0},{"damage":6.0,"enemies":"Spheric Guardian","floor":18.0,"turns":5.0},{"damage":0.0,"enemies":"Chosen","floor":19.0,"turns":5.0},{"damage":17.0,"enemies":"Shelled Parasite and Fungi","floor":21.0,"turns":7.0},{"damage":18.0,"enemies":"Slavers","floor":23.0,"turns":7.0},{"damage":0.0,"enemies":"Centurion and Healer","floor":25.0,"turns":7.0},{"damage":0.0,"enemies":"Snake Plant","floor":27.0,"turns":6.0},{"damage":5.0,"enemies":"Snecko","floor":28.0,"turns":6.0},{"damage":20.0,"enemies":"Shelled Parasite and Fungi","floor":30.0,"turns":6.0},{"damage":44.0,"enemies":"Champ","floor":33.0,"turns":13.0},{"damage":3.0,"enemies":"3 Shapes","floor":35.0,"turns":5.0},{"damage":34.0,"enemies":"3 Darklings","floor":38.0,"turns":7.0},{"damage":29.0,"enemies":"Giant Head","floor":40.0,"turns":8.0},{"damage":42.0,"enemies":"Nemesis","floor":42.0,"turns":13.0},{"damage":7.0,"enemies":"Sphere and 2 Shapes","floor":47.0,"turns":6.0},{"damage":38.0,"enemies":"Donu and Deca","floor":50.0,"turns":13.0},{"damage":48,"enemies":"Time Eater","floor":51,"turns":9}],"seed_played":"4737515409107632751","potions_obtained":[{"floor":1.0,"key":"FocusPotion"},{"floor":2.0,"key":"Fruit Juice"},{"floor":2.0,"key":"Explosive Potion"},{"floor":11.0,"key":"Fruit Juice"},{"floor":21.0,"key":"Dexterity Potion"},{"floor":27.0,"key":"Ancient Potion"}],"is_trial":false,"path_per_floor":["M","?","M","?","$","R","M","M","T","M","M","M","M","$","R","B",null,"M","M","?","M","T","E","$","M","T","M","M","?","M","$","R","B",null,"M","?","T","M","$","E","R","E","T","R","?","T","M","$","R","B","B"],"character_chosen":"DEFECT","items_purchased":["Hologram","Hologram","Defragment","FocusPotion","FTL+1","Strength Potion"],"campfire_rested":2,"item_purchase_floors":[5,24,31,39,48,48],"current_hp_per_floor":[58,63,56,56,56,56,56,53,53,53,63,70,76,76,76,15,61,62,62,62,55,55,44,44,51,51,61,63,63,50,50,50,13,60,64,64,64,37,42,20,44,9,9,33,66,66,68,68,68,37,0,0],"gold":5,"neow_bonus":"UPGRADE_CARD","is_daily":false,"chose_seed":false,"campfire_upgraded":3,"win_rate":0.0,"timestamp":1610594211,"path_taken":["M","?","?","?","$","R","M","M","T","M","M","?","M","?","R","BOSS","M","M","?","M","?","E","$","M","T","M","M","?","?","$","R","BOSS","M","?","?","M","$","E","R","E","T","R","?","?","M","$","R","BOSS","BOSS"],"items_purchased_type":["Card","Card","Card","Potion","Card","Potion"],"build_version":"2020-12-22","purchased_purges":4,"victory":false,"max_hp_per_floor":[71,76,76,76,76,76,76,76,76,76,76,76,76,76,76,76,76,76,76,76,76,76,76,76,76,76,76,76,76,76,76,76,76,76,76,76,76,76,81,81,81,81,81,81,66,66,68,68,68,68,68,68],"card_choices":[{"not_picked":["Redo","Double Energy"],"picked":"Undo","floor":1.0},{"not_picked":["Hologram","Glacier"],"picked":"Gash","floor":3.0},{"not_picked":["Leap","Sweeping Beam"],"picked":"Gash","floor":7.0},{"not_picked":["Melter","Barrage"],"picked":"Rebound","floor":8.0},{"not_picked":["Rebound","Cold Snap"],"picked":"Self Repair","floor":10.0},{"not_picked":["Cold Snap","Barrage"],"picked":"Genetic Algorithm","floor":11.0},{"not_picked":["Capacitor","Hologram","Turbo"],"picked":"SKIP","floor":12.0},{"not_picked":["Chaos","Genetic Algorithm"],"picked":"Conserve Battery","floor":13.0},{"not_picked":["Electrodynamics","Buffer"],"picked":"Machine Learning","floor":16.0},{"not_picked":["Hologram+1","Storm"],"picked":"Go for the Eyes","floor":18.0},{"not_picked":["Coolheaded","Rebound"],"picked":"Beam Cell+1","floor":19.0},{"not_picked":["Redo","Turbo"],"picked":"Auto Shields","floor":21.0},{"not_picked":["Sweeping Beam","Compile Driver"],"picked":"Steam","floor":23.0},{"not_picked":["Barrage","Heatsinks"],"picked":"Gash","floor":25.0},{"not_picked":["Darkness","Hologram","Rebound"],"picked":"SKIP","floor":27.0},{"not_picked":["Turbo","Cold Snap"],"picked":"Coolheaded","floor":28.0},{"not_picked":["Steam","Double Energy+1"],"picked":"Coolheaded","floor":30.0},{"not_picked":["Electrodynamics","Core Surge"],"picked":"Fission","floor":33.0},{"not_picked":[],"picked":"Coolheaded+1","floor":35.0},{"not_picked":["Leap"],"picked":"SKIP","floor":38.0},{"not_picked":["Melter"],"picked":"SKIP","floor":40.0},{"not_picked":["Redo"],"picked":"SKIP","floor":42.0},{"not_picked":["Go for the Eyes+1"],"picked":"Singing Bowl","floor":47.0}],"player_experience":1421628,"relics_obtained":[{"floor":9.0,"key":"Tiny Chest"},{"floor":22.0,"key":"Bag of Preparation"},{"floor":23.0,"key":"Whetstone"},{"floor":37.0,"key":"Matryoshka"},{"floor":40.0,"key":"InkBottle"},{"floor":42.0,"key":"CeramicFish"},{"floor":43.0,"key":"Juzu Bracelet"},{"floor":43.0,"key":"Molten Egg 2"},{"floor":46.0,"key":"Lantern"},{"floor":46.0,"key":"Singing Bowl"}],"event_choices":[{"damage_healed":0.0,"max_hp_gain":0.0,"max_hp_loss":0.0,"gold_gain":0.0,"event_name":"Lab","player_choice":"Got Potions","floor":2.0,"gold_loss":0.0,"damage_taken":0.0},{"damage_healed":0.0,"max_hp_gain":0.0,"max_hp_loss":0.0,"gold_gain":0.0,"event_name":"Accursed Blacksmith","player_choice":"Rummage","floor":4.0,"gold_loss":0.0,"damage_taken":0.0,"relics_obtained":["WarpedTongs"],"cards_obtained":["Pain"]},{"cards_removed":["Strike_B"],"damage_healed":0.0,"max_hp_gain":0.0,"max_hp_loss":0.0,"gold_gain":0.0,"event_name":"Back to Basics","player_choice":"Elegance","floor":20.0,"gold_loss":0.0,"damage_taken":0.0},{"damage_healed":0.0,"max_hp_gain":0.0,"max_hp_loss":0.0,"gold_gain":0.0,"event_name":"The Joust","player_choice":"Bet on Murderer","floor":29.0,"gold_loss":50.0,"damage_taken":0.0},{"damage_healed":0.0,"max_hp_gain":0.0,"max_hp_loss":0.0,"gold_gain":0.0,"event_name":"Tomb of Lord Red Mask","player_choice":"Ignored","floor":36.0,"gold_loss":0.0,"damage_taken":0.0},{"damage_healed":66.0,"max_hp_gain":0.0,"max_hp_loss":15.0,"gold_gain":0.0,"event_name":"The Moai Head","player_choice":"Heal","floor":45.0,"gold_loss":0.0,"damage_taken":0.0}],"is_beta":false,"boss_relics":[{"not_picked":["Sozu","Ectoplasm"],"picked":"Nuclear Battery"},{"not_picked":["Snecko Eye","Runic Dome"],"picked":"Busted Crown"}],"items_purged_floors":[5,14,24,39],"is_endless":false,"potions_floor_spawned":[1,7,11,12,21,27,30,38],"killed_by":"Time Eater","ascension_level":20}}