{"host":"5h7tnviy6ct1qpjn","time":1610647957,"event":{"mods":["AchievementEnabler","BaseMod","BetterRewards","Colored Powertips","Minty Spire (QoL Compilation)","Shop Mod","StSLib"],"gold_per_floor":[118,118,132,147,166,195,195,208,208,220,5,5,18,34,34,133,133,73,73,73,73,73,73,73,2,2,2,2,2],"floor_reached":28,"language":"ENG","playtime":1820,"items_purged":["Strike_G"],"score":344,"play_id":"169aaf8f-b108-4d67-b26f-eac36bfc5519","local_time":"20210114191237","is_ascension_mode":false,"campfire_choices":[{"data":"Sucker Punch","floor":7,"key":"SMITH"},{"data":"Caltrops","floor":12,"key":"SMITH"},{"data":"Madness","floor":15,"key":"SMITH"},{"floor":23,"key":"REST"}],"circlet_count":0,"master_deck":["Strike_G","Strike_G","Strike_G","Defend_G","Defend_G","Defend_G","Defend_G","Defend_G","Survivor","Neutralize","Flying Knee","Outmaneuver","Crippling Poison","Infinite Blades","Flying Knee","Sucker Punch+1","Choke","Accuracy","Phantasmal Killer","Blur","Caltrops+1","Madness+1","PiercingWail","Footwork","Backstab","Bullet Time","Dodge and Roll","Blur","Calculated Gamble"],"relics":["Ring of the Snake","TwistedFunnel","White Beast Statue","Gambling Chip","Ectoplasm","Ninja Scroll","HornCleat"],"acts_visited":["Exordium","TheCity"],"potions_floor_usage":[6],"damage_taken":[{"damage":2,"enemies":"Small Slimes","floor":1,"turns":4},{"damage":0,"enemies":"Cultist","floor":3,"turns":3},{"damage":0,"enemies":"Jaw Worm","floor":4,"turns":4},{"damage":0,"enemies":"Looter","floor":5,"turns":3},{"damage":12,"enemies":"3 Sentries","floor":6,"turns":7},{"damage":1,"enemies":"Large Slime","floor":8,"turns":5},{"damage":0,"enemies":"3 Louse","floor":10,"turns":2},{"damage":1,"enemies":"Blue Slaver","floor":13,"turns":4},{"damage":1,"enemies":"Gremlin Gang","floor":14,"turns":5},{"damage":30,"enemies":"Hexaghost","floor":16,"turns":9},{"damage":13,"enemies":"2 Thieves","floor":18,"turns":3},{"damage":17,"enemies":"Chosen","floor":19,"turns":7},{"damage":16,"enemies":"Snecko","floor":20,"turns":5},{"damage":12,"enemies":"Snake Plant","floor":24,"turns":5},{"damage":12,"enemies":"Gremlin Leader","floor":27,"turns":6},{"damage":25,"enemies":"Masked Bandits","floor":28,"turns":2}],"seed_played":"7207398609312601064","potions_obtained":[{"floor":1,"key":"AttackPotion"},{"floor":3,"key":"DuplicationPotion"},{"floor":4,"key":"Block Potion"},{"floor":8,"key":"CultistPotion"},{"floor":10,"key":"SteroidPotion"},{"floor":14,"key":"Block Potion"},{"floor":18,"key":"Explosive Potion"},{"floor":20,"key":"DistilledChaos"}],"is_trial":false,"path_per_floor":["M","?","M","M","M","E","R","M","T","M","$","R","M","M","R","B",null,"M","M","M","?","?","R","M","$","T","E","?"],"character_chosen":"THE_SILENT","items_purchased":["TwistedFunnel","Flying Knee","Outmaneuver","Crippling Poison","Infinite Blades","Caltrops","Madness","PiercingWail","Calculated Gamble"],"campfire_rested":1,"item_purchase_floors":[0,0,0,0,0,11,11,11,25],"current_hp_per_floor":[68,68,68,68,68,56,56,55,55,55,55,55,54,53,53,23,70,57,40,24,24,24,45,33,33,33,21,0,0],"gold":2,"neow_bonus":"","is_daily":false,"chose_seed":false,"campfire_upgraded":3,"win_rate":0.0,"timestamp":1610647957,"path_taken":["M","?","?","?","?","E","R","M","T","M","$","R","M","M","R","BOSS","M","M","?","?","?","R","M","$","T","E","?"],"items_purchased_type":["Relic","Card","Card","Card","Card","Card","Card","Card","Card"],"build_version":"2020-12-22","purchased_purges":1,"victory":false,"max_hp_per_floor":[70,70,70,70,70,70,70,70,70,70,70,70,70,70,70,70,70,70,70,70,70,70,70,70,70,70,70,70,70],"card_choices":[{"not_picked":["Dagger Throw","Eviscerate","Skewer"],"picked":"SKIP","floor":1},{"not_picked":["Predator","Dash"],"picked":"Flying Knee","floor":3},{"not_picked":["Infinite Blades","Escape Plan"],"picked":"Sucker Punch","floor":4},{"not_picked":["Skewer","PiercingWail"],"picked":"Choke","floor":5},{"not_picked":["Reflex","Quick Slash"],"picked":"Accuracy","floor":6},{"not_picked":["Dagger Throw","Underhanded Strike"],"picked":"Phantasmal Killer","floor":8},{"not_picked":["Poisoned Stab","Dash"],"picked":"Blur","floor":10},{"not_picked":["Terror","Bouncing Flask"],"picked":"Footwork","floor":13},{"not_picked":["Bouncing Flask","Bane"],"picked":"Backstab","floor":14},{"not_picked":["Burst","Venomology"],"picked":"Bullet Time","floor":16},{"not_picked":["Outmaneuver+1","Catalyst","Poisoned Stab"],"picked":"SKIP","floor":18},{"not_picked":["Choke","Deadly Poison+1","Slice"],"picked":"SKIP","floor":19},{"not_picked":["Backflip","Outmaneuver"],"picked":"Dodge and Roll","floor":20},{"not_picked":["Acrobatics","Heel Hook"],"picked":"Blur","floor":24},{"not_picked":["Footwork+1","Dodge and Roll","Flying Knee"],"picked":"SKIP","floor":27}],"player_experience":85142,"relics_obtained":[{"floor":6,"key":"White Beast Statue"},{"floor":9,"key":"Gambling Chip"},{"floor":26,"key":"Ninja Scroll"},{"floor":27,"key":"HornCleat"}],"event_choices":[{"cards_removed":["Strike_G"],"damage_healed":0,"gold_gain":0,"player_choice":"Purged","damage_taken":0,"max_hp_gain":0,"max_hp_loss":0,"event_name":"Purifier","floor":2,"gold_loss":0},{"damage_healed":0,"gold_gain":0,"player_choice":"Ignored","damage_taken":0,"max_hp_gain":0,"max_hp_loss":0,"event_name":"The Mausoleum","floor":21,"gold_loss":0},{"damage_healed":0,"gold_gain":0,"player_choice":"Fought Bandits","damage_taken":0,"max_hp_gain":0,"max_hp_loss":0,"event_name":"Masked Bandits","floor":28,"gold_loss":0}],"is_beta":false,"boss_relics":[{"not_picked":["HoveringKite","Black Star"],"picked":"Ectoplasm"}],"items_purged_floors":[0],"is_endless":false,"potions_floor_spawned":[1,3,4,8,10,13,14,16,18,19,20,24,27],"killed_by":"Masked Bandits","ascension_level":0}}