{"host":"konjmgczbcns2r3g","time":1610601813,"event":{"mods":["AchievementEnabler","BaseMod","Chen","Colored Powertips","Hermit","Infinite Spire","Koishi","Marisa????????","Minty Spire (QoL Compilation)","Replay The Spire","StSLib","The Cursed","The Gatherer","The Necromancer","The Servant 0.9.4"],"gold_per_floor":[115,190,190,206,223,248,260,275,275,293,0,0,102,118,118,214,214,231,251,46,56,75,75,94,94,121,121,149,164,364,384,384,523,523,572,623,681,751,821,821,914,914,962,53,74,128,152,180,180,204],"floor_reached":51,"language":"ENG","playtime":4385,"items_purged":[],"score":959,"play_id":"c7764e88-d7a6-43a5-acfb-11bb1e7d309d","local_time":"20210114002333","is_ascension_mode":false,"metric_token":977,"campfire_choices":[{"floor":12,"key":"REST"},{"floor":15,"key":"REST"},{"data":"Gatherer:Liquidism","floor":23,"key":"SMITH"},{"floor":32,"key":"REST"},{"floor":40,"key":"REST"},{"floor":42,"key":"REST"},{"floor":49,"key":"REST"}],"circlet_count":0,"master_deck":["Gatherer:Strike_Gatherer","Gatherer:Strike_Gatherer","Gatherer:Strike_Gatherer","Gatherer:Strike_Gatherer","Gatherer:Strike_Gatherer","Gatherer:Defend_Gatherer","Gatherer:Defend_Gatherer","Gatherer:Defend_Gatherer","Gatherer:Defend_Gatherer","Gatherer:Defend_Gatherer","Gatherer:Centralize","Gatherer:FlowerWhip+2","Gatherer:Nutrients","Gatherer:BambuSword","Gatherer:Snatch","Gatherer:FragileHammer","Gatherer:FlowerShield","Gatherer:FruitForce","Gatherer:TreeGrowth","Gatherer:Uplift","Gatherer:VenomBarrier","Gatherer:QuickSynthesis","Gatherer:GatherMaterial","Gatherer:MindSearch","Gatherer:EnergyBasket+1","Gatherer:Frenzy","Gatherer:Misfortune+1","Gatherer:RecoveryHerb","Gatherer:Liquidism+1","Gatherer:Enchant","Gatherer:AlchemyTrial+1","Gatherer:UpgradeBag","CurseOfTheBell","Gatherer:TacticalStrike","Gatherer:Pollute","Gatherer:ScherryThrow","Gatherer:PoisonMastery","Gatherer:BambuSword+1","Gatherer:OddSpoils+1","Gatherer:SmartManeuver+1","Gatherer:Transmute+1","Gatherer:WoolGloves+1","Gatherer:WitheringStrike","Gatherer:MiningStrike+1","Gatherer:SaveValuables","Gatherer:HeartToFruit","Gatherer:CollectorsShot","Gatherer:ColorfulGarden","Gatherer:DrugPower+1"],"relics":["Gatherer:MiracleBag","Gremlin Horn","Strawberry","Onion Ring","Vajra","Painkiller Herb","ReplayTheSpireMod:Lightbulb","Calling Bell","Juzu Bracelet","infinitespire:WardingShard","FossilizedHelix","infinitespire:Midas Blood","infinitespire:EvilPickle","infinitespire:Bottled Soul","Replay:Mystery Machine","White Beast Statue","Gatherer:FlyingFruit","ClockworkSouvenir","Shovel"],"acts_visited":["Exordium","TheCity","TheBeyond"],"potions_floor_usage":[6,19,24,24,33,33,37,37,38,39,39,41,45,45,46,47,47,48,50],"damage_taken":[{"damage":0,"enemies":"Small Slimes","floor":1,"turns":4},{"damage":0,"enemies":"2 Louse","floor":4,"turns":3},{"damage":0,"enemies":"Jaw Worm","floor":5,"turns":3},{"damage":4,"enemies":"3 Sentries","floor":6,"turns":7},{"damage":0,"enemies":"3 Louse","floor":7,"turns":2},{"damage":0,"enemies":"Looter","floor":8,"turns":2},{"damage":0,"enemies":"Red Slaver","floor":10,"turns":2},{"damage":5,"enemies":"Exordium Wildlife","floor":14,"turns":4},{"damage":40,"enemies":"Hexaghost","floor":16,"turns":10},{"damage":8,"enemies":"Shell Parasite","floor":18,"turns":2},{"damage":5,"enemies":"3 Byrds","floor":19,"turns":3},{"damage":6,"enemies":"Sentry and Sphere","floor":21,"turns":5},{"damage":5,"enemies":"Chosen and Byrds","floor":22,"turns":4},{"damage":37,"enemies":"Shelled Parasite and Fungi","floor":24,"turns":3},{"damage":22,"enemies":"Gremlin Leader","floor":28,"turns":5},{"damage":14,"enemies":"Snake Plant","floor":29,"turns":3},{"damage":11,"enemies":"Centurion and Healer","floor":31,"turns":4},{"damage":18,"enemies":"Pondfish","floor":33,"turns":10},{"damage":0,"enemies":"3 Darklings","floor":35,"turns":5},{"damage":9,"enemies":"3 Shapes","floor":36,"turns":3},{"damage":0,"enemies":"Maw","floor":37,"turns":8},{"damage":35,"enemies":"Spire Growth","floor":38,"turns":5},{"damage":8,"enemies":"Sphere and 2 Shapes","floor":39,"turns":6},{"damage":73,"enemies":"Reptomancer","floor":41,"turns":5},{"damage":0,"enemies":"Jaw Worm Horde","floor":45,"turns":3},{"damage":6,"enemies":"Mind Bloom Boss Battle","floor":46,"turns":6},{"damage":0,"enemies":"Spire Growth","floor":47,"turns":4},{"damage":8,"enemies":"3 Darklings","floor":48,"turns":3},{"damage":112,"enemies":"Awakened One","floor":50,"turns":12}],"seed_played":"3802391477603951326","potions_obtained":[{"floor":4,"key":"Strength Potion"},{"floor":8,"key":"BloodPotion"},{"floor":10,"key":"Energy Potion"},{"floor":16,"key":"GamblersBrew"},{"floor":24,"key":"Milkshake"},{"floor":28,"key":"BottledMiracle"},{"floor":36,"key":"BottledMiracle"},{"floor":38,"key":"LiquidMemories"},{"floor":45,"key":"SmokeBomb"},{"floor":46,"key":"GhostInAJar"},{"floor":47,"key":"SmokeBomb"},{"floor":48,"key":"FearPotion"}],"is_trial":false,"path_per_floor":["M","?","?","M","M","E","M","M","T","M","$","R","?","M","R","B",null,"?","?","T","?","?","T","?","?","T","AVR","E","?","?","?","T","B",null,"?","?","?","?","?","T","E","T","T","T","?","?","?","?","T","B",null],"character_chosen":"THE_GATHERER","items_purchased":["Onion Ring","Gatherer:Uplift","Gatherer:Misfortune+1","Gatherer:RecoveryHerb","Gatherer:Liquidism","White Beast Statue","Gatherer:FlyingFruit","ClockworkSouvenir","Gatherer:MiningStrike+1","Gatherer:SaveValuables","Gatherer:HeartToFruit"],"campfire_rested":6,"item_purchase_floors":[11,11,20,20,20,44,44,44,44,44,44],"current_hp_per_floor":[79,68,68,68,68,64,64,68,75,75,75,90,68,63,90,50,90,82,77,77,73,71,71,52,52,52,52,36,22,22,19,46,33,90,90,81,87,52,54,84,20,50,50,50,59,59,59,55,88,27],"gold":204,"neow_bonus":"TEN_PERCENT_HP_BONUS","is_daily":false,"chose_seed":false,"campfire_upgraded":1,"win_rate":0.0,"timestamp":1610601813,"path_taken":["M","?","?","M","M","E","M","M","T","M","$","R","?","?","R","BOSS","?","?","T","?","?","T","?","?","T","AVR","E","?","?","?","T","BOSS","?","?","?","?","?","T","E","T","T","?","?","?","?","?","T","BOSS"],"items_purchased_type":["Relic","Card","Card","Card","Card","Relic","Relic","Relic","Card","Card","Card"],"build_version":"2020-12-22","purchased_purges":0,"victory":true,"max_hp_per_floor":[79,79,79,79,79,79,79,83,90,90,90,90,90,90,90,90,90,90,90,90,90,90,90,90,90,90,90,90,90,90,90,90,90,90,90,90,95,95,100,100,100,100,100,100,109,109,109,113,113,117],"card_choices":[{"not_picked":["Gatherer:EnergyBasket","Gatherer:Convert"],"picked":"Gatherer:Nutrients","floor":1},{"not_picked":["Gatherer:Enchant","Gatherer:SaveValuables"],"picked":"Gatherer:BambuSword","floor":4},{"not_picked":["Gatherer:QuickSynthesis","Gatherer:Polymorphism"],"picked":"Gatherer:Snatch","floor":5},{"not_picked":["Gatherer:SealedBomb","Gatherer:CollectorsShot"],"picked":"Gatherer:FragileHammer","floor":6},{"not_picked":["Gatherer:Liquidism","Gatherer:SmartManeuver"],"picked":"Gatherer:FlowerShield","floor":7},{"not_picked":["Gatherer:QuickSynthesis","Gatherer:Convert"],"picked":"Gatherer:FruitForce","floor":8},{"not_picked":["Gatherer:Snatch","Gatherer:PotentialSlash"],"picked":"Gatherer:TreeGrowth","floor":10},{"not_picked":["Gatherer:CollectorsShot","Gatherer:QuickSynthesis"],"picked":"Gatherer:VenomBarrier","floor":13},{"not_picked":["Gatherer:PotentialSlash","Gatherer:Duality"],"picked":"Gatherer:QuickSynthesis","floor":13},{"not_picked":["Gatherer:Photoscythe","Gatherer:Snatch"],"picked":"Gatherer:GatherMaterial","floor":14},{"not_picked":["Gatherer:HeartToFruit","Gatherer:FlamingBottle"],"picked":"Gatherer:MindSearch","floor":16},{"not_picked":["Gatherer:SaveValuables","Gatherer:GatherMaterial"],"picked":"Gatherer:EnergyBasket+1","floor":18},{"not_picked":["Gatherer:AcidicSpray","Gatherer:FragileHammer"],"picked":"Gatherer:Frenzy","floor":19},{"not_picked":["Gatherer:AlchemyTrial","Gatherer:Nutrients"],"picked":"Gatherer:Enchant","floor":21},{"not_picked":["Gatherer:BalancedGrowth+1","Gatherer:RottenStipe"],"picked":"Gatherer:AlchemyTrial+1","floor":22},{"not_picked":["Gatherer:WoolGloves","Gatherer:FruitForce"],"picked":"Gatherer:UpgradeBag","floor":24},{"not_picked":["Gatherer:StoneFence","Gatherer:AlchemyTrial"],"picked":"Gatherer:TacticalStrike","floor":28},{"not_picked":["Gatherer:CarefulStrike","Gatherer:WoolGloves"],"picked":"Gatherer:Pollute","floor":29},{"not_picked":["Gatherer:UpgradeBag","Gatherer:GatherMaterial"],"picked":"Gatherer:ScherryThrow","floor":31},{"not_picked":["Gatherer:BlackTea","Gatherer:Examine"],"picked":"Gatherer:PoisonMastery","floor":33},{"not_picked":["Gatherer:CarefulStrike","Gatherer:PotentialSlash+1"],"picked":"Gatherer:BambuSword+1","floor":35},{"not_picked":["Gatherer:QuickSynthesis+1","Gatherer:ScentOfRosmari"],"picked":"Gatherer:OddSpoils+1","floor":36},{"not_picked":["Gatherer:BambuSword+1","Gatherer:PotentialSlash"],"picked":"Gatherer:SmartManeuver+1","floor":37},{"not_picked":["Gatherer:CarefulStrike","Gatherer:AcidicSpray+1"],"picked":"Gatherer:Transmute+1","floor":38},{"not_picked":["Gatherer:AcidicSpray","Gatherer:FlowerShield+1"],"picked":"Gatherer:WoolGloves+1","floor":39},{"not_picked":["Gatherer:Misfortune","Gatherer:QuickSynthesis"],"picked":"Gatherer:WitheringStrike","floor":41},{"not_picked":["Gatherer:Snatch","Gatherer:WitheringStrike+1"],"picked":"Gatherer:CollectorsShot","floor":45},{"not_picked":["Gatherer:RecoveryHerb+1","Gatherer:FlowerShield+1"],"picked":"Gatherer:ColorfulGarden","floor":46},{"not_picked":["Gatherer:CarefulStrike+1","Gatherer:FragileHammer"],"picked":"Gatherer:DrugPower+1","floor":47},{"not_picked":["Gatherer:OddSpoils","Gatherer:SaveValuables","Gatherer:FragileHammer"],"picked":"SKIP","floor":48}],"player_experience":327626,"relics_obtained":[{"floor":6,"key":"Gremlin Horn"},{"floor":9,"key":"Strawberry"},{"floor":13,"key":"Vajra"},{"floor":26,"key":"ReplayTheSpireMod:Lightbulb"},{"floor":27,"key":"Juzu Bracelet"},{"floor":27,"key":"infinitespire:WardingShard"},{"floor":27,"key":"FossilizedHelix"},{"floor":28,"key":"infinitespire:Midas Blood"},{"floor":41,"key":"infinitespire:Bottled Soul"},{"floor":43,"key":"Replay:Mystery Machine"},{"floor":46,"key":"Shovel"}],"event_choices":[{"damage_healed":0,"gold_gain":75,"player_choice":"Gather Gold","damage_taken":11,"max_hp_gain":0,"max_hp_loss":0,"event_name":"World of Goop","floor":2,"gold_loss":0},{"damage_healed":0,"gold_gain":0,"player_choice":"Grow","damage_taken":0,"max_hp_gain":0,"max_hp_loss":0,"event_name":"Living Wall","floor":3,"gold_loss":0,"cards_upgraded":["Gatherer:FlowerWhip"]},{"damage_healed":0,"gold_gain":0,"player_choice":"Ignored","damage_taken":0,"max_hp_gain":0,"max_hp_loss":0,"event_name":"Vampires","floor":25,"gold_loss":0},{"damage_healed":0,"gold_gain":200,"player_choice":"Gold","damage_taken":0,"max_hp_gain":0,"max_hp_loss":0,"event_name":"Wheel of Change","floor":30,"gold_loss":0},{"damage_healed":0,"gold_gain":0,"player_choice":"Fight","damage_taken":0,"max_hp_gain":0,"max_hp_loss":0,"event_name":"MindBloom","floor":46,"gold_loss":0}],"is_beta":false,"boss_relics":[{"not_picked":["Sozu","Ectoplasm"],"picked":"Painkiller Herb"},{"not_picked":["Pandora\u0027s Box","Replay:Drink Me"],"picked":"Gatherer:MiracleBag"}],"items_purged_floors":[],"is_endless":false,"potions_floor_spawned":[4,8,10,16,18,24,28,36,38,45,46,47,48],"ascension_level":0}}