{"host":"22s5scuj7mu87reg","time":1610583957,"event":{"mods":["BaseMod","Colored Powertips","Dota2Spire","Downfall","Duelist Mod","GungeonMod","Halation","Hubris","Koishi","KomeijiMod","Minty Spire (QoL Compilation)","Replay The Spire","StSLib","SuperFastMode","The Jungle","The Mystic","The Necromancer","Wandering Minibosses"],"gold_per_floor":[112,112,138,149,149,182,182,192,216,239,357,357,90,105,105,209,309,324,324,429,440,93,93,93,93,147,147,160,160,176,190,190,293,293,304,64,80,105,117,117,117,117,191,238,268,268,268],"floor_reached":46,"language":"POL","playtime":3429,"items_purged":["Strike_B","Regret","hubris:Envy"],"score":496,"play_id":"f67f1e49-3987-445a-ae64-871277c206e0","local_time":"20210114012557","is_ascension_mode":false,"campfire_choices":[{"data":"Defragment","floor":7,"key":"SMITH"},{"data":"Capacitor","floor":12,"key":"SMITH"},{"data":"ReplaySolidLightProjector","floor":15,"key":"SMITH"},{"floor":23,"key":"REST"},{"data":"Buffer","floor":25,"key":"SMITH"},{"floor":29,"key":"REST"},{"floor":32,"key":"REST"},{"floor":42,"key":"RECALL"}],"circlet_count":0,"master_deck":["Strike_B","Defend_B","Defend_B","Defend_B","Defend_B","Zap","Dualcast","Ball Lightning","Stack","Ball Lightning","Ball Lightning","ReplaySolidLightProjector+1","Stack","Buffer+1","Time Bomb+1","VanishingEverything+1","Cold Snap+1","Turbo","Beam Cell","hubris:DuctTapeCard","Fusion+1","Conserve Battery","Coolheaded+1","Meteor Strike","ReplaySolidLightProjector","Panic Button","Stack+1","Defragment","Storm+1"],"relics":["Cracked Core","NeowsBlessing","hubris:Icosahedron","Dota2Spire:OrchidMalevolence","Question Card","Dota2Spire:PowerTreads","Odd Mushroom","Orichalcum","Replay:Wanted Poster","DemoMod:PoisonVial","hubris:DuctTape","Nilry\u0027s Codex","DemoMod:WhiteGuonStone","Prayer Wheel","Runic Pyramid","wanderingMiniBosses:Inkheart","Dota2Spire:Desolator","ReplayTheSpireMod:CursedCoin","Replay:Bottled Flurry","Unceasing Top","halation:AfternoonTea"],"acts_visited":["Exordium","TheCity","TheBeyond"],"potions_floor_usage":[16,31,31,37,44,44],"damage_taken":[{"damage":0,"enemies":"Small Slimes","floor":1,"turns":1},{"damage":0,"enemies":"Jaw Worm","floor":4,"turns":1},{"damage":0,"enemies":"Gremlin Nob","floor":6,"turns":1},{"damage":0,"enemies":"2 Louse","floor":8,"turns":2},{"damage":13,"enemies":"The Mushroom Lair","floor":10,"turns":3},{"damage":7,"enemies":"Large Slime","floor":11,"turns":4},{"damage":0,"enemies":"3 Louse","floor":14,"turns":2},{"damage":33,"enemies":"Slime Boss","floor":16,"turns":9},{"damage":4,"enemies":"Chosen","floor":18,"turns":4},{"damage":14,"enemies":"Shell Parasite","floor":21,"turns":5},{"damage":22,"enemies":"Chosen and Byrds","floor":28,"turns":8},{"damage":0,"enemies":"Snecko","floor":30,"turns":6},{"damage":10,"enemies":"Centurion and Healer","floor":31,"turns":8},{"damage":34,"enemies":"hubris:MusketHawk","floor":33,"turns":10},{"damage":24,"enemies":"3 Shapes","floor":35,"turns":8},{"damage":2,"enemies":"Orb Walker","floor":37,"turns":5},{"damage":5,"enemies":"Transient","floor":39,"turns":5},{"damage":35,"enemies":"2 Orb Walkers","floor":44,"turns":5},{"damage":5,"enemies":"R_Hoarder","floor":45,"turns":9},{"damage":4,"enemies":"Writhing Mass","floor":46,"turns":1}],"seed_played":"-1071047007560440164","potions_obtained":[{"floor":4,"key":"Adrenaline Potion"},{"floor":6,"key":"SteroidPotion"},{"floor":8,"key":"Weak Potion"},{"floor":10,"key":"SkillPotion"},{"floor":21,"key":"PowerPotion"},{"floor":44,"key":"ExcitationPotion"},{"floor":45,"key":"Dexterity Potion"}],"is_trial":false,"path_per_floor":["M","?","T","M","?","E","R","M","T","?","M","R","$","M","R","B",null,"M","?","?","M","$","R","?","R","T","?","M","R","M","M","R","B",null,"M","$","M","$","M","?","$","R","T","?","E","M"],"character_chosen":"DEFECT","items_purchased":["Orichalcum","ReplaySolidLightProjector","hubris:DuctTape","Dota2Spire:Desolator","ReplayTheSpireMod:CursedCoin"],"campfire_rested":3,"item_purchase_floors":[13,13,22,36,38],"current_hp_per_floor":[75,75,75,75,75,75,75,75,75,62,55,55,55,55,55,22,75,71,71,53,39,39,61,45,45,45,45,23,45,45,35,57,23,75,51,51,49,49,44,44,44,44,44,9,4,0,0],"gold":268,"neow_bonus":"THREE_ENEMY_KILL","is_daily":false,"chose_seed":false,"campfire_upgraded":4,"win_rate":0.0,"timestamp":1610583957,"path_taken":["M","?","?","M","?","E","R","M","T","?","M","R","$","M","R","BOSS","M","?","?","M","$","R","?","R","T","?","M","R","M","M","R","BOSS","M","$","M","?","?","?","?","R","T","?","E","?"],"items_purchased_type":["Relic","Card","Relic","Relic","Relic"],"build_version":"2020-12-13","purchased_purges":3,"victory":false,"max_hp_per_floor":[75,75,75,75,75,75,75,75,75,75,75,75,75,75,75,75,75,75,75,75,75,75,75,75,75,75,75,75,75,75,75,75,75,75,75,75,75,75,75,75,75,75,75,75,75,75,75],"card_choices":[{"not_picked":["Cold Snap","Hologram"],"picked":"Defragment","floor":1},{"not_picked":["Chaos","Consume"],"picked":"Ball Lightning","floor":4},{"not_picked":["Melter","hubris:Ukulele"],"picked":"Stack","floor":6},{"not_picked":["Compile Driver","Go for the Eyes","BasicCrystalCard"],"picked":"Ball Lightning","floor":8},{"not_picked":["Compile Driver","BasicCrystalCard","FIFO Queue"],"picked":"Capacitor","floor":10},{"not_picked":["Genetic Algorithm","Sweeping Beam","Streamline"],"picked":"Ball Lightning","floor":11},{"not_picked":["Panic Button","Ball Lightning","BasicCrystalCard"],"picked":"Stack","floor":14},{"not_picked":["Seek","Rainbow","Mirror Shield"],"picked":"Buffer","floor":16},{"not_picked":["Coolheaded","ReplayTheSpireMod:System Scan","Conserve Battery"],"picked":"Time Bomb+1","floor":18},{"not_picked":["Capacitor","Steam Power+1","Time Bomb+1"],"picked":"Cold Snap+1","floor":20},{"not_picked":["Genetic Algorithm","Ball Lightning+1","Leap+1"],"picked":"Turbo","floor":20},{"not_picked":["Ball Lightning","Barrage","Panic Button"],"picked":"Beam Cell","floor":21},{"not_picked":["Redo","Heatsinks","FIFO Queue"],"picked":"Fusion+1","floor":28},{"not_picked":["hubris:Ukulele","Streamline+1","Stack"],"picked":"Conserve Battery","floor":30},{"not_picked":["Turbo","Storm","Beam Cell"],"picked":"Coolheaded+1","floor":31},{"not_picked":["Fission","Seek","ReplayRNGCard"],"picked":"Meteor Strike","floor":33},{"not_picked":["Barrage+1","ReplayTheSpireMod:System Scan+1","Force Field","Sweeping Beam+1"],"picked":"SKIP","floor":35},{"not_picked":["Gash+1","Beam Cell","Blizzard","ReplayTheSpireMod:Reroute Power+1"],"picked":"SKIP","floor":35},{"not_picked":["Doom and Gloom","Recycle+1","Redo"],"picked":"ReplaySolidLightProjector","floor":37},{"not_picked":["Hologram+1","Rebound+1","Ball Lightning"],"picked":"Panic Button","floor":37},{"not_picked":["Steam","ReplayTheSpireMod:System Scan","Machine Learning"],"picked":"Stack+1","floor":39},{"not_picked":["Gash","Steam Power+1","Stack"],"picked":"Defragment","floor":39},{"not_picked":["Redo+1","Cold Snap+1","ReplayTheSpireMod:Repulse+1"],"picked":"Storm+1","floor":45}],"player_experience":107906,"relics_obtained":[{"floor":6,"key":"Question Card"},{"floor":9,"key":"Dota2Spire:PowerTreads"},{"floor":10,"key":"Odd Mushroom"},{"floor":20,"key":"DemoMod:PoisonVial"},{"floor":24,"key":"Nilry\u0027s Codex"},{"floor":26,"key":"DemoMod:WhiteGuonStone"},{"floor":35,"key":"wanderingMiniBosses:Inkheart"},{"floor":43,"key":"Replay:Bottled Flurry"},{"floor":44,"key":"Unceasing Top"},{"floor":45,"key":"halation:AfternoonTea"}],"event_choices":[{"damage_healed":0,"gold_gain":0,"player_choice":"Box","damage_taken":0,"relics_obtained":["Dota2Spire:OrchidMalevolence"],"max_hp_gain":0,"max_hp_loss":0,"event_name":"Big Fish","floor":5,"gold_loss":0,"cards_obtained":["Regret"]},{"damage_healed":0,"gold_gain":0,"player_choice":"Fought Mushrooms","damage_taken":0,"max_hp_gain":0,"max_hp_loss":0,"event_name":"Mushrooms","floor":10,"gold_loss":0},{"damage_healed":0,"gold_gain":0,"player_choice":"Obtained Book","damage_taken":16,"max_hp_gain":0,"max_hp_loss":0,"event_name":"Cursed Tome","floor":24,"gold_loss":0},{"cards_removed":["Strike_B"],"damage_healed":0,"gold_gain":0,"player_choice":"Purged","damage_taken":0,"max_hp_gain":0,"max_hp_loss":0,"event_name":"Purifier","floor":27,"gold_loss":0},{"cards_removed":["Strike_B"],"damage_healed":0,"gold_gain":0,"player_choice":"Removed Attack","damage_taken":0,"max_hp_gain":0,"max_hp_loss":0,"event_name":"Falling","floor":40,"gold_loss":0},{"damage_healed":0,"gold_gain":0,"player_choice":"Fight","damage_taken":0,"max_hp_gain":0,"max_hp_loss":0,"event_name":"Mysterious Sphere","floor":44,"gold_loss":0}],"is_beta":false,"boss_relics":[{"not_picked":["halation:SmartPhone","halation:ForbiddenBikini"],"picked":"Replay:Wanted Poster"},{"not_picked":["Calling Bell","Kintsugi"],"picked":"Runic Pyramid"}],"items_purged_floors":[13,22,38],"is_endless":false,"potions_floor_spawned":[4,6,8,10,21,28,44,45],"killed_by":"Writhing Mass","ascension_level":0}}