{"host":"zekcc3vicrep0och","time":1610631112,"event":{"mods":["AchievementEnabler","BaseMod","Colored Map","Colored Powertips","Displayed Cursed Tome","Highlight Path","Minty Spire (QoL Compilation)","Quick Restart","Relic Stats","StSLib","The Cursed"],"gold_per_floor":[116,116,116,136,136,136,168,168,243,318,318,330,330,358,358,435,485,501,501,501,514,533,567,590,620,620,620,635,635,21,55,55,55,55],"floor_reached":33,"language":"ENG","playtime":1093,"items_purged":[],"score":628,"play_id":"19c6b1c4-90fa-4b35-9bb3-f53c274bcb86","local_time":"20210114163152","is_ascension_mode":true,"campfire_choices":[{"data":"Bash","floor":6.0,"key":"SMITH"},{"floor":8.0,"key":"REST"},{"floor":11.0,"key":"REST"},{"data":"Spot Weakness","floor":15.0,"key":"SMITH"},{"data":"Double Tap","floor":29.0,"key":"SMITH"},{"floor":32.0,"key":"REST"}],"circlet_count":0,"master_deck":["AscendersBane","Defend_R","Defend_R","Defend_R","Defend_R","Bash+1","Ghostly Armor","Spot Weakness+1","Anger+1","Double Tap+1","Armaments+1","Shrug It Off","Bite","Bite","Bite","Bite","Bite","Immolate","Heavy Blade","Battle Trance","Flame Barrier","Shrug It Off"],"relics":["Burning Blood","Mercury Hourglass","Ornamental Fan","Omamori","Tiny House","Pear","Juzu Bracelet","Oddly Smooth Stone","Self Forming Clay","Bronze Scales","Ginger","Orichalcum"],"acts_visited":["Exordium","TheCity"],"potions_floor_usage":[],"damage_taken":[{"damage":7.0,"enemies":"Small Slimes","floor":1.0,"turns":3.0},{"damage":3.0,"enemies":"2 Louse","floor":4.0,"turns":5.0},{"damage":51.0,"enemies":"Gremlin Nob","floor":7.0,"turns":5.0},{"damage":4.0,"enemies":"Jaw Worm","floor":12.0,"turns":3.0},{"damage":30.0,"enemies":"Lagavulin","floor":14.0,"turns":6.0},{"damage":31.0,"enemies":"The Guardian","floor":16.0,"turns":12.0},{"damage":22.0,"enemies":"Shell Parasite","floor":18.0,"turns":6.0},{"damage":6.0,"enemies":"Chosen","floor":21.0,"turns":5.0},{"damage":24.0,"enemies":"Centurion and Healer","floor":22.0,"turns":6.0},{"damage":40.0,"enemies":"Gremlin Leader","floor":23.0,"turns":6.0},{"damage":37.0,"enemies":"Slavers","floor":25.0,"turns":3.0},{"damage":9.0,"enemies":"Chosen and Byrds","floor":28.0,"turns":5.0},{"damage":27.0,"enemies":"Book of Stabbing","floor":31.0,"turns":6.0},{"damage":78,"enemies":"Automaton","floor":33,"turns":10}],"seed_played":"-5063362725971406830","potions_obtained":[{"floor":1.0,"key":"BlessingOfTheForge"},{"floor":4.0,"key":"Ancient Potion"},{"floor":17.0,"key":"ColorlessPotion"},{"floor":21.0,"key":"SteroidPotion"},{"floor":22.0,"key":"DistilledChaos"},{"floor":23.0,"key":"Fruit Juice"},{"floor":25.0,"key":"Explosive Potion"}],"is_trial":false,"path_per_floor":["M","?","$","M","?","R","E","R","T","?","R","M","?","E","R","B",null,"M","?","?","M","M","E","T","E","T","?","M","R","$","E","R","B"],"character_chosen":"IRONCLAD","items_purchased":["Bronze Scales","Ginger","SkillPotion","Fire Potion"],"campfire_rested":3,"item_purchase_floors":[30,30,30,30],"current_hp_per_floor":[74,67,67,70,70,70,25,49,49,38,62,64,64,40,40,15,70,54,54,54,60,56,45,50,24,24,39,46,46,46,37,59,0,0],"gold":55,"neow_bonus":"TEN_PERCENT_HP_BONUS","is_daily":false,"chose_seed":false,"campfire_upgraded":3,"win_rate":0.0,"timestamp":1610631112,"path_taken":["M","?","$","M","?","R","E","R","T","?","R","?","?","E","R","BOSS","M","?","?","?","M","E","?","E","T","?","M","R","$","E","R","BOSS"],"items_purchased_type":["Relic","Relic","Potion","Potion"],"build_version":"2020-12-22","purchased_purges":0,"victory":false,"max_hp_per_floor":[82,82,82,82,82,82,82,82,82,82,82,82,82,82,82,82,87,87,60,60,60,60,70,75,75,75,75,75,75,75,75,75,75,75],"relic_stats":{"counters":[14,81],"Ornamental Fan":[44],"Self Forming Clay":[33],"Bronze Scales":[69],"Juzu Bracelet":0,"Ginger":[0],"Orichalcum":[6],"obtain_stats":[{"Tiny House":17,"Pear":23,"Ornamental Fan":9,"Self Forming Clay":26,"Bronze Scales":30,"Oddly Smooth Stone":25,"Omamori":14,"Juzu Bracelet":24,"Ginger":30,"Orichalcum":31,"Burning Blood":0,"Mercury Hourglass":7},{"Tiny House":6,"Pear":10,"Ornamental Fan":3,"Self Forming Clay":11,"Bronze Scales":12,"Oddly Smooth Stone":11,"Omamori":5,"Juzu Bracelet":10,"Ginger":12,"Orichalcum":13,"Burning Blood":0,"Mercury Hourglass":3},{"Tiny House":34,"Pear":57,"Ornamental Fan":13,"Self Forming Clay":60,"Bronze Scales":65,"Oddly Smooth Stone":60,"Omamori":22,"Juzu Bracelet":57,"Ginger":65,"Orichalcum":71,"Burning Blood":0,"Mercury Hourglass":13}],"Burning Blood":75,"Mercury Hourglass":[233]},"card_choices":[{"not_picked":["Feel No Pain","Searing Blow","Infernal Blade"],"picked":"SKIP","floor":1.0},{"not_picked":["Havoc","Warcry"],"picked":"Ghostly Armor","floor":4.0},{"not_picked":["Sword Boomerang","Iron Wave"],"picked":"Spot Weakness","floor":7.0},{"not_picked":["Clothesline","Wild Strike"],"picked":"Anger","floor":12.0},{"not_picked":["Second Wind","Blood for Blood","Dual Wield"],"picked":"SKIP","floor":14.0},{"not_picked":["Demon Form","Exhume"],"picked":"Double Tap","floor":16.0},{"not_picked":["Twin Strike","Bloodletting"],"picked":"Armaments","floor":17.0},{"not_picked":["Wild Strike","Flex"],"picked":"Shrug It Off","floor":18.0},{"not_picked":["True Grit","Infernal Blade"],"picked":"Immolate","floor":21.0},{"not_picked":["Body Slam","Warcry"],"picked":"Heavy Blade","floor":22.0},{"not_picked":["Armaments","Rupture+1","Sword Boomerang"],"picked":"SKIP","floor":23.0},{"not_picked":["Brutality","Feel No Pain"],"picked":"Battle Trance","floor":25.0},{"not_picked":["Body Slam","Dual Wield"],"picked":"Flame Barrier","floor":28.0},{"not_picked":["Armaments+1","Brutality"],"picked":"Shrug It Off","floor":31.0}],"player_experience":529868,"relics_obtained":[{"floor":7.0,"key":"Mercury Hourglass"},{"floor":9.0,"key":"Ornamental Fan"},{"floor":14.0,"key":"Omamori"},{"floor":23.0,"key":"Pear"},{"floor":24.0,"key":"Juzu Bracelet"},{"floor":25.0,"key":"Oddly Smooth Stone"},{"floor":26.0,"key":"Self Forming Clay"},{"floor":31.0,"key":"Orichalcum"}],"event_choices":[{"cards_removed":["Strike_R"],"damage_healed":0.0,"max_hp_gain":0.0,"max_hp_loss":0.0,"gold_gain":0.0,"event_name":"Golden Wing","player_choice":"Card Removal","floor":2.0,"gold_loss":0.0,"damage_taken":7.0},{"damage_healed":0.0,"max_hp_gain":0.0,"max_hp_loss":0.0,"gold_gain":0.0,"event_name":"The Cleric","player_choice":"Leave","floor":5.0,"gold_loss":0.0,"damage_taken":0.0},{"damage_healed":0.0,"max_hp_gain":0.0,"max_hp_loss":0.0,"gold_gain":75.0,"event_name":"World of Goop","player_choice":"Gather Gold","floor":10.0,"gold_loss":0.0,"damage_taken":11.0},{"damage_healed":0.0,"max_hp_gain":0.0,"max_hp_loss":0.0,"gold_gain":0.0,"event_name":"Living Wall","player_choice":"Grow","floor":13.0,"gold_loss":0.0,"damage_taken":0.0,"cards_upgraded":["Anger"]},{"damage_healed":0.0,"max_hp_gain":0.0,"max_hp_loss":27.0,"gold_gain":0.0,"event_name":"Vampires","player_choice":"Became a vampire","floor":19.0,"gold_loss":0.0,"damage_taken":0.0,"cards_obtained":["Bite","Bite","Bite","Bite","Bite"]},{"damage_healed":0.0,"max_hp_gain":0.0,"max_hp_loss":0.0,"gold_gain":0.0,"event_name":"Upgrade Shrine","player_choice":"Upgraded","floor":20.0,"gold_loss":0.0,"damage_taken":0.0,"cards_upgraded":["Armaments"]},{"damage_healed":15.0,"max_hp_gain":0.0,"max_hp_loss":0.0,"gold_gain":0.0,"event_name":"The Library","player_choice":"Heal","floor":27.0,"gold_loss":0.0,"damage_taken":0.0}],"is_beta":false,"boss_relics":[{"not_picked":["Sozu","Black Blood"],"picked":"Tiny House"}],"items_purged_floors":[],"is_endless":false,"potions_floor_spawned":[1,4,21,22,23,25],"killed_by":"Automaton","ascension_level":19}}