{"host":"qvm8mnkwg7phaqzl","time":1610610097,"event":{"mods":["2.2 Compatiblity","Act Like it!","Aspiration","Astrologer","Bard","BaseMod","Beaked The Cultist","Better Altar","Better Match","Better Note","Better Sensory Stone","Better Skull","Better Third Choice","CCEM","CapriCore","CatGirl Mod","Chen","Colored Map","Colored Powertips","Conspire","DeckTracker","Downfall","Elementarium","Friendly Minions","Gensokyo","GifTheSpireLib","Gremlin Mod","Halation","Hermit","Hubris","Koishi","Marisa（霧雨　魔理沙）","Marked Mod","Mathematician","Minty Spire (QoL Compilation)","Onozuka Komachi Mod","Potionbrewer","Random Character Button","Rare Cards Sparkle","Reimu（博??梦）","Replay The Spire","Shade Mod","Somnambulant","StSLib","The Accelerator","The Administrix","The Alterego","The Blackbeard","The Bladedancer","The Bug Knight","The Caster","The Construct","The Cursed","The Disciple","The Dragon Tamer","The Druid","The Elementalist","The Factory","The Florist","The Forsaken","The Gatherer","The Hierophant","The Immortal","The Judge","The Juggle","The Jungle","The Marked","The Mystic","The Necromancer","The Poker Player","The Problem Sleuth","The Runesmith","The Sage","The Servant 0.9.4","The Spell Scribe","The Valiant","The Witch","TheArtist","TheBandit","TheFirefly","Wandering Minibosses","Yakumo Yukari mod","Yuyuko","vexMod","yUi"],"gold_per_floor":[118,118,118,43,62,62,97,97,123,133,146,177,191,206,206,308,308,326,342,97,108,126,126,156,156,156,191,191,191,191,202,202,304,304,318,318,338,338,338],"floor_reached":38,"language":"ENG","playtime":7069,"items_purged":["TheCursedMod:Strike_TheCursed"],"score":501,"play_id":"58db436a-fc6b-4ea9-bfb9-0b6971fda0a7","local_time":"20210114014137","is_ascension_mode":false,"campfire_choices":[{"data":"TheCursedMod:CleanUpWorkshop","floor":6.0,"key":"SMITH"},{"data":"TheCursedMod:SpreadPlague","floor":8.0,"key":"SMITH"},{"data":"TheCursedMod:SaltUponWound","floor":15.0,"key":"SMITH"},{"floor":23.0,"key":"REST"},{"floor":25.0,"key":"RECALL"},{"floor":29.0,"key":"REST"},{"data":"TheCursedMod:SoulReap","floor":32,"key":"SMITH"}],"circlet_count":0,"master_deck":["TheCursedMod:Strike_TheCursed","TheCursedMod:Strike_TheCursed","TheCursedMod:Strike_TheCursed","TheCursedMod:Defend_TheCursed","TheCursedMod:Defend_TheCursed","TheCursedMod:Defend_TheCursed","TheCursedMod:Defend_TheCursed","TheCursedMod:CursedWand","TheCursedMod:CleanUpWorkshop+1","TheCursedMod:Dregs","TheCursedMod:SpreadPlague+1","TheCursedMod:Mangle","TheCursedMod:SoulReap+1","TheCursedMod:SurpriseAttack","TheCursedMod:SurpriseAttack","hubris:NaturalOne","TheCursedMod:Neurasthenia+1","TheCursedMod:SaltUponWound+1","TheCursedMod:ForbiddenAlchemy+1","TheCursedMod:Hemoplague","TheCursedMod:LuckyCharm","TheCursedMod:OutForBlood+1","caster:IzanagisObdurance+1","TheCursedMod:SpitefulPlan","TheCursedMod:DemonicPact+1","TheCursedMod:SurpriseAttack+1"],"relics":["TheCursedMod:BlackMagic101","NeowsBlessing","hubris:Towel","hubris:Icosahedron","Golden Egg","Vajra","Molten Egg 2","vexMod:BigBerry","Darkstone Periapt","conspire:Dentures","Thread and Needle","aspiration:RunicSpoon"],"acts_visited":["Exordium","TheCity","TheBeyond"],"potions_floor_usage":[33,33,35,35,35,35,38,38,38,38,38,38],"damage_taken":[{"damage":0.0,"enemies":"Small Slimes","floor":1.0,"turns":1.0},{"damage":0.0,"enemies":"2 Louse","floor":5.0,"turns":1.0},{"damage":0.0,"enemies":"Lagavulin","floor":7.0,"turns":2.0},{"damage":0.0,"enemies":"Cultist","floor":10.0,"turns":3.0},{"damage":18.0,"enemies":"Exordium Wildlife","floor":11.0,"turns":4.0},{"damage":7.0,"enemies":"Gremlin Nob","floor":12.0,"turns":2.0},{"damage":0.0,"enemies":"Large Slime","floor":13.0,"turns":5.0},{"damage":1.0,"enemies":"Looter","floor":14.0,"turns":4.0},{"damage":40.0,"enemies":"The Guardian","floor":16.0,"turns":9.0},{"damage":27.0,"enemies":"2 Thieves","floor":18.0,"turns":3.0},{"damage":14.0,"enemies":"Chosen","floor":19.0,"turns":5.0},{"damage":12.0,"enemies":"Centurion and Healer","floor":21.0,"turns":6.0},{"damage":33.0,"enemies":"Shelled Parasite and Fungi","floor":22.0,"turns":5.0},{"damage":4.0,"enemies":"Book of Stabbing","floor":24.0,"turns":4.0},{"damage":17.0,"enemies":"HollowMod:Nosk","floor":27.0,"turns":8.0},{"damage":10.0,"enemies":"Snake Plant","floor":31.0,"turns":5.0},{"damage":25,"enemies":"conspire:MysteriousRune","floor":33,"turns":13},{"damage":106,"enemies":"3 Darklings","floor":35,"turns":19},{"damage":7,"enemies":"3 Shapes","floor":37,"turns":11},{"damage":16,"enemies":"3 Shapes","floor":38,"turns":11}],"seed_played":"-1000324519459863703","potions_obtained":[{"floor":7.0,"key":"Adrenaline Potion"},{"floor":12.0,"key":"potionbrewer:NoxiousPotion"},{"floor":14.0,"key":"potionbrewer:CleansingPotion"},{"floor":19.0,"key":"Strength Potion"},{"floor":21.0,"key":"potionbrewer:DiscountPotion"},{"floor":22.0,"key":"EntropicBrew"},{"floor":24.0,"key":"potionbrewer:MidasPotion"},{"floor":37,"key":"ZuzhouPotion:ReiMu"}],"is_trial":false,"path_per_floor":["M","?","?","$","M","R","E","R","T","M","M","E","M","M","R","B",null,"M","M","$","M","M","R","E","R","T","E","?","R","?","M","R","B",null,"M","$","M","?"],"character_chosen":"THE_CURSED","items_purchased":["Darkstone Periapt"],"campfire_rested":2,"item_purchase_floors":[20],"current_hp_per_floor":[75,75,75,75,75,75,75,75,75,75,63,65,71,75,75,41,105,78,70,70,66,39,70,66,66,66,55,55,86,86,76,76,59,105,33,33,26,0,0],"gold":338,"neow_bonus":"THREE_ENEMY_KILL","is_daily":false,"chose_seed":false,"campfire_upgraded":4,"win_rate":0.0,"timestamp":1610610097,"path_taken":["M","?","?","$","M","R","E","R","T","M","M","E","M","M","R","BOSS","M","M","$","M","M","R","E","R","T","E","?","R","?","M","R","BOSS","M","$","M","?"],"items_purchased_type":["Relic"],"build_version":"2020-12-22","purchased_purges":1,"victory":false,"max_hp_per_floor":[75,75,75,75,75,75,75,75,75,75,75,75,75,75,75,75,105,105,105,105,105,105,105,105,105,105,105,105,105,105,105,105,105,105,105,105,105,105,105],"card_choices":[{"not_picked":["TheCursedMod:TacticalStrike","TheCursedMod:Grudge"],"picked":"TheCursedMod:SpreadPlague","floor":1.0},{"not_picked":["TheCursedMod:VitalStrike","TheCursedMod:WearCloak"],"picked":"TheCursedMod:Mangle","floor":5.0},{"not_picked":["TheCursedMod:CursedSpellbook","TheCursedMod:CursedBlade"],"picked":"TheCursedMod:SoulReap","floor":7.0},{"not_picked":["TheCursedMod:Obscuration","TheCursedMod:VitalStrike"],"picked":"TheCursedMod:SurpriseAttack","floor":10.0},{"not_picked":["TheCursedMod:HellsGateOpen","TheCursedMod:CursedArmor"],"picked":"TheCursedMod:SurpriseAttack","floor":11.0},{"not_picked":["TheCursedMod:RavingStaff+1","TheCursedMod:Stigma+1"],"picked":"TheCursedMod:Neurasthenia","floor":12.0},{"not_picked":["TheCursedMod:BlessingInDisguise","TheCursedMod:SmokeScreen"],"picked":"TheCursedMod:SaltUponWound","floor":13.0},{"not_picked":["TheCursedMod:Torture","TheCursedMod:RapidMovement","TheCursedMod:Stretching"],"picked":"SKIP","floor":14.0},{"not_picked":["TheCursedMod:ShockAndAwe+1","TheCursedMod:UltimatePain"],"picked":"TheCursedMod:ForbiddenAlchemy","floor":16.0},{"not_picked":["TheCursedMod:SaltUponWound","TheCursedMod:CursedMace+1","TheCursedMod:Torture"],"picked":"SKIP","floor":18.0},{"not_picked":["TheCursedMod:BloodBarrier+1","TheCursedMod:CircleOfFlame","TheCursedMod:SpitefulStrike+1"],"picked":"SKIP","floor":19.0},{"not_picked":["TheCursedMod:RavingStaff+1","TheCursedMod:ReleasedStrength","TheCursedMod:VitalStrike+1"],"picked":"SKIP","floor":21.0},{"not_picked":["TheCursedMod:ForbiddenAlchemy","TheCursedMod:Wield+1"],"picked":"TheCursedMod:Hemoplague","floor":22.0},{"not_picked":["TheCursedMod:CircleOfFlame","TheCursedMod:WearCloak"],"picked":"TheCursedMod:LuckyCharm","floor":24.0},{"not_picked":["TheCursedMod:CircleOfAmplification+1","TheCursedMod:HellsGateOpen"],"picked":"TheCursedMod:OutForBlood","floor":27.0},{"not_picked":["TheCursedMod:SpitefulPray","TheCursedMod:FleshFromBone+1"],"picked":"TheCursedMod:SpitefulPlan","floor":31.0},{"not_picked":["TheCursedMod:DarkBarrier","TheCursedMod:CursedRelics+1"],"picked":"TheCursedMod:DemonicPact","floor":33},{"not_picked":["TheCursedMod:CursedMace+1","TheCursedMod:CircleOfFocus+1"],"picked":"TheCursedMod:SurpriseAttack+1","floor":35},{"not_picked":["TheCursedMod:Hemoplague+1","TheCursedMod:CursedMace+1","TheCursedMod:Wield+1"],"picked":"SKIP","floor":37}],"player_experience":757848,"relics_obtained":[{"floor":7.0,"key":"Golden Egg"},{"floor":9.0,"key":"Vajra"},{"floor":12.0,"key":"Molten Egg 2"},{"floor":24.0,"key":"conspire:Dentures"},{"floor":27.0,"key":"Thread and Needle"}],"event_choices":[{"cards_removed":["TheCursedMod:OutForBlood"],"damage_healed":0.0,"max_hp_gain":0.0,"max_hp_loss":0.0,"gold_gain":0.0,"event_name":"betterNote:BetterNote","player_choice":"Take \u0026 Give","floor":28.0,"gold_loss":0.0,"damage_taken":0.0,"cards_obtained":["caster:IzanagisObdurance"]},{"damage_healed":0.0,"max_hp_gain":0.0,"max_hp_loss":0.0,"gold_gain":0.0,"event_name":"conspire:Investor","player_choice":"Leave","floor":30.0,"gold_loss":0.0,"damage_taken":0.0}],"is_beta":false,"boss_relics":[{"not_picked":["beaked:MawFillet","Busted Crown"],"picked":"vexMod:BigBerry"},{"not_picked":["vexMod:EndlessSickness","vexMod:RockOfEvil"],"picked":"aspiration:RunicSpoon"}],"items_purged_floors":[4],"is_endless":false,"potions_floor_spawned":[7,12,14,19,21,22,24,37],"killed_by":"3 Shapes","ascension_level":0}}