{"host":"4c7oxphrh4ok8x7u","time":1610643002,"event":{"mods":["100% Spire Juice","2.2 Compatiblity","Act Like it!","Arknights The Spire","Aspiration","BaseMod","Better Skull","Better Vampires","BetterRewards","Challenge The Spire","Conjunction","Conspire","Custom Start","Dota2Spire","Ekko","Evolution","Fiend Mod","Friendly Minions","FruityMod","GifTheSpireLib","Good Game Mod","Halation","Hermit","HololiveMod","Hubris","Hyrulean Relics","Jedi Mod","Jess\u0027s Bottle","Kratos Character Expansion","Minty Spire (QoL Compilation)","MostiFishMod","Permanent Neow","Poor People Problems","Prisma Mod","Quarter Circle Forward PUNCH!","RatMod","Replay The Spire","Robot Space Explorer","SCP261 Mod","Shade Mod","Slay the Relics Exporter","Small Relic Pack","Spicy Shops","Spikes Relics","Spires And Sneckos","StSLib","Stuff the Spire","The Animator","The Blue Laboratory","The Death Knight","The Edgeheg","The Exalted","The Fake Hero","The Trickster","TheVacant","TheWitcher","Wandering Minibosses"],"gold_per_floor":[109,120,120,34,46,75,75,94,119,66,85,102,133,143,143,240,240,255,268,299,225,225,225,225,239,239,250,250],"floor_reached":27,"language":"RUS","playtime":1551,"items_purged":[],"score":227,"play_id":"946cfd60-adc8-494b-aefe-50eab4f1a1a3","local_time":"20210114195002","is_ascension_mode":false,"campfire_choices":[{"floor":7,"key":"DIG"},{"floor":15,"key":"DIG"},{"floor":23,"key":"RECALL"}],"circlet_count":0,"master_deck":["Fiend:FiendDemonSlash","Fiend:FiendDemonSlash","Fiend:FiendDemonSlash+1","Fiend:FiendDemonSlash+1","Fiend:FiendFortify","Fiend:FiendFortify","Fiend:FiendConsume","RobotSpaceExplorer:Exploration","Fiend:FiendDemonWhip","Fiend:FiendFlay","Fiend:FiendSalvage","Fiend:FiendBloodlust","Fiend:FiendMeatPaste","Fiend:FiendSalvage","Fiend:FiendRadiation","Fiend:FiendDemonWhip","Fiend:FiendBloodlust","Fiend:FiendRadiation","Fiend:FiendBloodstone","Fiend:FiendFiendishCharge+1","Fiend:FiendRam+1","Fiend:FiendSalvage","Fiend:FiendDemonWhip","Fiend:FiendMutativeArms"],"relics":["Fiend:FiendTotem","EVO:Axolotl","DaveBox","REME:ComplimentaryCards","EGODaCapo","Whetstone","SynthV:TestCard","Shovel","Dota2Spire:EchoSabre","StuffTheSpire:Rhapsscallions","halation:PrussianBluePaint","Replay:Drink Me","Red Mask","Toolbox","jedi:gremlinknob","Toy Ornithopter"],"acts_visited":["Exordium","TheCity"],"potions_floor_usage":[],"damage_taken":[{"damage":0,"enemies":"conspire:RoseBush","floor":1,"turns":2},{"damage":0,"enemies":"Jaw Worm","floor":2,"turns":3},{"damage":0,"enemies":"Cultist","floor":5,"turns":3},{"damage":19,"enemies":"Lagavulin","floor":6,"turns":12},{"damage":0,"enemies":"2 Fungi Beasts","floor":8,"turns":7},{"damage":2,"enemies":"Exordium Wildlife","floor":11,"turns":6},{"damage":14,"enemies":"3 Louse","floor":12,"turns":6},{"damage":13,"enemies":"Replay:BlueRogue","floor":13,"turns":6},{"damage":0,"enemies":"Blue Slaver","floor":14,"turns":4},{"damage":15,"enemies":"The Guardian","floor":16,"turns":11},{"damage":19,"enemies":"Chosen","floor":18,"turns":5},{"damage":15,"enemies":"conspire:FuzzyDice","floor":19,"turns":4},{"damage":4,"enemies":"Masked Bandits","floor":20,"turns":5},{"damage":3,"enemies":"Snecko","floor":25,"turns":3},{"damage":27,"enemies":"Centurion and Healer","floor":27,"turns":8}],"seed_played":"-1005218034342942549","potions_obtained":[{"floor":5,"key":"Fiend:FleshPotion"},{"floor":8,"key":"Dexterity Potion"},{"floor":11,"key":"Swift Potion"}],"is_trial":false,"path_per_floor":["M","M","?","$","M","E","R","M","T","$","M","M","E","M","R","B",null,"M","M","?","$","T","R","?","M","T","M"],"character_chosen":"THE_FIEND","items_purchased":["Good Instincts","Fiend:FiendSalvage","Toolbox"],"campfire_rested":0,"item_purchase_floors":[4,10,21],"current_hp_per_floor":[70,70,71,71,71,58,58,65,65,65,71,57,54,54,54,51,60,42,33,29,29,29,29,32,29,29,11,11],"gold":250,"neow_bonus":"RANDOM_COMMON_RELIC","is_daily":false,"chose_seed":false,"campfire_upgraded":0,"win_rate":0.0,"timestamp":1610643002,"path_taken":["M","M","?","$","M","E","R","M","T","?","M","?","E","M","R","BOSS","M","M","?","$","?","R","?","?","T","M"],"items_purchased_type":["Card","Card","Relic"],"build_version":"2020-12-22","purchased_purges":0,"victory":false,"max_hp_per_floor":[70,70,71,71,71,72,72,73,73,73,74,74,78,78,78,79,60,61,62,62,62,62,62,65,65,65,66,66],"card_choices":[{"not_picked":["Fiend:FiendUpstartDemon","Fiend:FiendMeatPaste"],"picked":"Fiend:FiendDemonWhip","floor":1},{"not_picked":["Fiend:FiendTransmeatation","Fiend:FiendUpstartDemon","Fiend:FiendFiendishCharge","Fiend:FiendRadiation"],"picked":"Fiend:FiendFlay","floor":2},{"not_picked":["Fiend:FiendAlchemeat","Fiend:FiendRiskyDice","Fiend:FiendDeepenWound","Fiend:FiendDemonicContract"],"picked":"Fiend:FiendSalvage","floor":5},{"not_picked":["Fiend:FiendAlchemeat","Fiend:FiendDemonicContract","Fiend:FiendBloodPrice","Fiend:FiendTransmeatation"],"picked":"Fiend:FiendBloodlust","floor":6},{"not_picked":["Fiend:FiendDemonicContract","Fiend:FiendMeatMagnet","Fiend:FiendUpstartDemon","Fiend:FiendDemonWhip"],"picked":"Fiend:FiendMeatPaste","floor":8},{"not_picked":["Fiend:FiendLeech","Fiend:FiendGreaterDemonSlash","Fiend:FiendVaccine","Fiend:FiendSliceAndDice"],"picked":"Fiend:FiendRadiation","floor":11},{"not_picked":["Fiend:FiendFiendsGrip","Fiend:FiendSiphon","Fiend:FiendRam","Fiend:FiendTransmeatation"],"picked":"Fiend:FiendDemonWhip","floor":12},{"not_picked":["Fiend:FiendCancer","Fiend:FiendBlackMarket","Fiend:FiendVaccine","Fiend:FiendDemonWhip"],"picked":"Fiend:FiendBloodlust","floor":13},{"not_picked":["Fiend:FiendMeditate","Fiend:FiendMeatShield","Fiend:FiendTransmeatation","Fiend:FiendSliceAndDice"],"picked":"Fiend:FiendRadiation","floor":14},{"not_picked":["Fiend:FiendMutilation","Fiend:FiendAja","Fiend:FiendBulkUp","Fiend:FiendIronBlood"],"picked":"Fiend:FiendBloodstone","floor":16},{"not_picked":["Fiend:FiendDemonicContract","Fiend:FiendDemonWhip+1","Fiend:FiendGreaterDemonSlash","Fiend:FiendRage+1"],"picked":"Fiend:FiendFiendishCharge+1","floor":18},{"not_picked":["Fiend:FiendSplat","Fiend:FiendMeatMagnet","Fiend:FiendRadiation","Fiend:FiendFiendishCharge"],"picked":"Fiend:FiendRam+1","floor":19},{"not_picked":["Fiend:FiendBackFromHell","Fiend:FiendRam+1","Fiend:FiendMeatPaste+1","Fiend:FiendBlackMarket+1"],"picked":"Fiend:FiendSalvage","floor":20},{"not_picked":["Fiend:FiendSplat","Fiend:FiendRage","Fiend:FiendBloodlust+1","Fiend:FiendVaccine+1"],"picked":"Fiend:FiendDemonWhip","floor":25},{"not_picked":["Fiend:FiendMeatPaste+1","Fiend:FiendSiphon+1","Fiend:FiendBloodlust+1","Fiend:FiendTransmeatation"],"picked":"Fiend:FiendMutativeArms","floor":27}],"player_experience":696469,"relics_obtained":[{"floor":1,"key":"SynthV:TestCard"},{"floor":6,"key":"Shovel"},{"floor":7,"key":"Dota2Spire:EchoSabre"},{"floor":13,"key":"StuffTheSpire:Rhapsscallions"},{"floor":15,"key":"halation:PrussianBluePaint"},{"floor":20,"key":"Red Mask"},{"floor":22,"key":"jedi:gremlinknob"},{"floor":26,"key":"Toy Ornithopter"}],"event_choices":[{"damage_healed":0,"gold_gain":0,"player_choice":"Fought Bandits","damage_taken":0,"max_hp_gain":0,"max_hp_loss":0,"event_name":"Masked Bandits","floor":20,"gold_loss":0}],"is_beta":false,"boss_relics":[{"not_picked":["jedi:battlestandard","Pandora\u0027s Box"],"picked":"Replay:Drink Me"}],"items_purged_floors":[],"is_endless":false,"potions_floor_spawned":[5,6,8,11,25,27],"killed_by":"Centurion and Healer","ascension_level":0}}