{"host":"55yei7x27djrlaep","time":1610646798,"event":{"mods":["Act Like it!","BaseMod","Better Altar","Better Match","Better Note","Better Sensory Stone","Better Skull","Better Third Choice","BetterRewards","Colored Map","Evolution","Friendly Minions","GifTheSpireLib","Halation","Hubris","Minty Spire (QoL Compilation)","Pale of the Ancients","Replay The Spire","StSLib","The Bladedancer","The Hierophant","The Runesmith","The Trickster","TheBandit"],"gold_per_floor":[118,118,18,31,47,76,76,107,107,123,123,151,151,181,181,280,280,296,314,88,105,120,154,172,172,252,252,265,178,207,207,207,307,307,307,307],"floor_reached":34,"language":"ENG","playtime":5336,"items_purged":["wariomod:Strike","Pain","wariomod:BoomBoom"],"score":620,"play_id":"09e98ac4-ed5c-4f64-be43-ecdf4d6755b0","local_time":"20210114205318","is_ascension_mode":false,"campfire_choices":[{"floor":7.0,"key":"REST"},{"floor":11.0,"key":"REST"},{"data":"wariomod:Goblast","floor":15.0,"key":"SMITH"},{"floor":25,"key":"REST"},{"floor":27,"key":"REST"},{"floor":32,"key":"RECALL"}],"circlet_count":0,"master_deck":["wariomod:Strike","wariomod:Defend","wariomod:Defend","wariomod:Defend","wariomod:Step","wariomod:Leap","wariomod:ImFeelingLucky","wariomod:DoubleDip","wariomod:SilenceBombs","wariomod:Goblast+1","wariomod:Bombtime","wariomod:BoomBoom","wariomod:ShipSmash+1","wariomod:EnergizedBombs","wariomod:DanceDash+1","wariomod:SimpleShield","wariomod:SilenceBombs","wariomod:GodlyGift+1","wariomod:DropBash+1","wariomod:DanceDash+1","wariomod:TempestBlasts+1","wariomod:FabulousPrizes+1","wariomod:Smackflip+1","wariomod:BodyBlock+1","wariomod:BoomAndDoom+1","wariomod:BoomAndDoom+1"],"relics":["wariomod:TheHat","EVO:Axolotl","Onion Ring","Ice Cream","WarpedTongs","Molten Egg 2","Bottled Tornado","Golden Egg","WingedGreaves","Toy Ornithopter","hubris:GrandSneckoEye","Bag of Marbles","Smiling Mask","Replay:Bottled Snecko","hubris:SphereOfDissonance","Replay:Drink Me"],"acts_visited":["Exordium","TheCity","TheBeyond"],"potions_floor_usage":[30,33],"damage_taken":[{"damage":3.0,"enemies":"Jaw Worm","floor":1.0,"turns":2.0},{"damage":0.0,"enemies":"Cultist","floor":4.0,"turns":2.0},{"damage":0.0,"enemies":"Small Slimes","floor":5.0,"turns":2.0},{"damage":20.0,"enemies":"Replay:BlueRogue","floor":6.0,"turns":4.0},{"damage":0.0,"enemies":"Gremlin Nob","floor":8.0,"turns":3.0},{"damage":24.0,"enemies":"Exordium Thugs","floor":10.0,"turns":6.0},{"damage":6.0,"enemies":"Lagavulin","floor":12.0,"turns":5.0},{"damage":9.0,"enemies":"3 Sentries","floor":14.0,"turns":4.0},{"damage":10.0,"enemies":"Hexaghost","floor":16.0,"turns":7.0},{"damage":11.0,"enemies":"3 Byrds","floor":18.0,"turns":4.0},{"damage":12,"enemies":"Shell Parasite","floor":19,"turns":6},{"damage":23,"enemies":"Snake Plant","floor":21,"turns":3},{"damage":6,"enemies":"Cultist and Chosen","floor":22,"turns":3},{"damage":10,"enemies":"Gremlin Leader","floor":23,"turns":4},{"damage":9,"enemies":"Snecko","floor":24,"turns":5},{"damage":16,"enemies":"Snake Plant","floor":28,"turns":4},{"damage":0,"enemies":"Slavers","floor":30,"turns":6},{"damage":13,"enemies":"Champ","floor":33,"turns":8}],"seed_played":"-8249584227279480061","potions_obtained":[{"floor":1.0,"key":"SkillPotion"},{"floor":4.0,"key":"Reflective Coating"},{"floor":12.0,"key":"Elixir"},{"floor":14.0,"key":"AttackPotion"},{"floor":18,"key":"Strength Potion"},{"floor":22,"key":"LiquidMemories"},{"floor":24,"key":"Toxic Potion"},{"floor":33,"key":"BlessingOfTheForge"}],"is_trial":false,"path_per_floor":["M","?","$","M","M","E","R","E","T","M","R","E","T","E","R","B",null,"M","M","$","M","M","E","M","R","T","R","M","$","E","?","R","B",null],"character_chosen":"THE_BANDIT","items_purchased":["Onion Ring","wariomod:ImFeelingLucky","wariomod:DoubleDip","wariomod:SilenceBombs","wariomod:BoomBoom","PowerPotion","wariomod:TempestBlasts","Bag of Marbles","wariomod:BodyBlock+1"],"campfire_rested":4,"item_purchase_floors":[0,0,0,0,0,0,20,20,29],"current_hp_per_floor":[33,33,33,33,33,13,37,37,37,13,37,31,31,22,22,17,80,69,57,57,34,28,18,9,33,33,57,41,41,46,46,46,38,60,60,60],"gold":307,"neow_bonus":"","is_daily":false,"chose_seed":false,"campfire_upgraded":1,"win_rate":0.0,"timestamp":1610646798,"path_taken":["M","?","$","?","M","E","R","E","T","M","R","E","?","E","R","BOSS","M","M","$","M","M","E","M","R","T","R","M","$","E","?","R","BOSS"],"items_purchased_type":["Relic","Card","Card","Card","Card","Potion","Card","Relic","Card"],"build_version":"2020-12-22","purchased_purges":3,"victory":false,"max_hp_per_floor":[80,80,80,80,80,80,80,80,80,80,80,80,80,80,80,80,80,80,80,80,80,80,80,80,80,80,80,80,80,80,80,80,80,60,60,60],"card_choices":[{"not_picked":["wariomod:SimpleShield","wariomod:PayItForwards"],"picked":"wariomod:Goblast","floor":1.0},{"not_picked":["wariomod:ChargeForth","wariomod:SpaceSwap"],"picked":"wariomod:Bombtime","floor":4.0},{"not_picked":["wariomod:ImFeelingLucky","wariomod:AwfulLook"],"picked":"wariomod:BoomBoom","floor":5.0},{"not_picked":["wariomod:BodyBlock","wariomod:SmallSprint+1"],"picked":"wariomod:ShipSmash+1","floor":6.0},{"not_picked":["wariomod:SpaceSwap","wariomod:BodyBlock"],"picked":"wariomod:EnergizedBombs","floor":8.0},{"not_picked":["wariomod:NullJump+1","wariomod:Bombtime"],"picked":"wariomod:DanceDash+1","floor":10.0},{"not_picked":["wariomod:DiceyMove","wariomod:HastyRush"],"picked":"wariomod:SimpleShield","floor":12.0},{"not_picked":["wariomod:Hopshield","wariomod:BlastDash+1"],"picked":"wariomod:SilenceBombs","floor":14.0},{"not_picked":["wariomod:SpacialMastery","wariomod:VeryLongJump+1"],"picked":"wariomod:GodlyGift","floor":16.0},{"not_picked":["wariomod:BlastDash+1","wariomod:Bombshield"],"picked":"wariomod:DropBash+1","floor":18},{"not_picked":["wariomod:TrekTime","wariomod:SimpleShield"],"picked":"wariomod:DanceDash+1","floor":19},{"not_picked":["wariomod:SimpleShield","wariomod:SpikeSlash+1","wariomod:Goblast+1"],"picked":"SKIP","floor":21},{"not_picked":["wariomod:HappyHit+1","wariomod:SimpleShield","wariomod:f+1"],"picked":"SKIP","floor":22},{"not_picked":["wariomod:Leapslam+1","wariomod:DamnedStrength+1"],"picked":"wariomod:FabulousPrizes","floor":23},{"not_picked":["wariomod:Goblast+1","wariomod:BlastDash+1"],"picked":"wariomod:Smackflip+1","floor":24},{"not_picked":["wariomod:ChargeForth","wariomod:DiceyMove","wariomod:TreasureDig"],"picked":"SKIP","floor":28},{"not_picked":["wariomod:Leapslam+1","wariomod:PoisonBombs"],"picked":"wariomod:BoomAndDoom","floor":30},{"not_picked":["wariomod:AbandonGame","wariomod:GoAgain"],"picked":"wariomod:BoomAndDoom","floor":33}],"player_experience":420317,"relics_obtained":[{"floor":6.0,"key":"Molten Egg 2"},{"floor":8.0,"key":"Bottled Tornado"},{"floor":9.0,"key":"Golden Egg"},{"floor":12.0,"key":"WingedGreaves"},{"floor":14.0,"key":"Toy Ornithopter"},{"floor":23,"key":"Smiling Mask"},{"floor":26,"key":"Replay:Bottled Snecko"},{"floor":30,"key":"hubris:SphereOfDissonance"}],"event_choices":[{"damage_healed":0.0,"max_hp_gain":0.0,"max_hp_loss":0.0,"gold_gain":0.0,"event_name":"Accursed Blacksmith","player_choice":"Rummage","floor":2.0,"gold_loss":0.0,"damage_taken":0.0,"relics_obtained":["WarpedTongs"],"cards_obtained":["Pain"]},{"cards_removed":["wariomod:Smackflip"],"damage_healed":0,"gold_gain":0,"player_choice":"Give","damage_taken":0,"max_hp_gain":0,"max_hp_loss":0,"event_name":"betterNote:BetterNote","floor":31,"gold_loss":0,"cards_obtained":["None"]}],"is_beta":false,"boss_relics":[{"not_picked":["ReplayTheSpireMod:DimensionalGlitch","hubris:VirtuousBlindfold"],"picked":"hubris:GrandSneckoEye"},{"not_picked":["Kintsugi","Velvet Choker"],"picked":"Replay:Drink Me"}],"items_purged_floors":[0,3,29],"is_endless":false,"potions_floor_spawned":[1,4,12,14,18,22,24,28,33],"ascension_level":0}}