{"host":"gk9qdtkqd8dwfeg2","time":1610640689,"event":{"mods":["Aspiration","BaseMod","Colored Powertips","KomeijiMod","Minty Spire (QoL Compilation)","Quick Restart","Replay The Spire","Shop Mod","StSLib","TestMod","The Gatherer","The Servant 0.9.4","Waifu the Spire","WarShipGirlsR/’ΩΩ¢…Ÿ≈ÆR mod","Yuri Mod","vexMod"],"gold_per_floor":[113,113,113,263,284,284,360,375,424,444,306,324,85,118,118,118,118],"floor_reached":16,"language":"ZHS","playtime":324,"items_purged":["Strike_P"],"score":445,"play_id":"33ff550e-5c24-4ea8-8725-475b9db92816","local_time":"20210115001129","is_ascension_mode":true,"campfire_choices":[{"data":"Eruption","floor":6.0,"key":"SMITH"},{"data":"CutThroughFate","floor":15.0,"key":"SMITH"}],"circlet_count":0,"master_deck":["AscendersBane","Strike_P","Strike_P","Strike_P","Defend_P","Defend_P","Defend_P","Defend_P","Eruption+1","Vigilance","Pride","testmod-Lust","testmod-Wrath","testmod-Sloth","testmod-Envy","testmod-Greed","testmod-Gluttony","testmod-Gluttony","ThirdEye","Injury","testmod-Gluttony","Delirium","testmod-Gluttony","Doubt","testmod-Gluttony","BowlingBash","CutThroughFate+1","SandsOfTime"],"relics":["PureWater","testmod-TestBox","testmod-SevenDeadlySins","Du-Vu Doll","Darkstone Periapt","Blue Candle","aspiration:Nostalgia","KomeijisEye","Golden Idol","Ring of Misfortune","ReplayTheSpireMod:Ring of Challenge","MealTicket","testmod-AssaultLearning","testmod-InjuryResistance","MerchantsRug","Replay:Kaleidoscope"],"acts_visited":["Exordium"],"potions_floor_usage":[],"damage_taken":[{"damage":0.0,"enemies":"2 Louse","floor":1.0,"turns":2.0},{"damage":0.0,"enemies":"Jaw Worm","floor":5.0,"turns":2.0},{"damage":54.0,"enemies":"Lagavulin","floor":7.0,"turns":7.0},{"damage":0.0,"enemies":"Cultist","floor":8.0,"turns":1.0},{"damage":2.0,"enemies":"Blue Slaver","floor":10.0,"turns":3.0},{"damage":20.0,"enemies":"3 Louse","floor":12.0,"turns":5.0},{"damage":0.0,"enemies":"3 Sentries","floor":14.0,"turns":4.0},{"damage":0,"enemies":"The Guardian","floor":16,"turns":1}],"seed_played":"4623790314963413109","potions_obtained":[{"floor":5.0,"key":"LiquidBronze"},{"floor":7.0,"key":"PowerPotion"},{"floor":8.0,"key":"ColorlessPotion"},{"floor":12.0,"key":"DuplicationPotion"}],"is_trial":false,"path_per_floor":["M","?","?","?","M","R","E","M","T","M","?","M","$","E","R","B"],"character_chosen":"WATCHER","items_purchased":["MerchantsRug"],"campfire_rested":0,"item_purchase_floors":[13],"current_hp_per_floor":[109,121,133,145,145,145,91,91,91,89,89,69,84,84,84,84,84],"gold":118,"neow_bonus":"NOSTALGIA","is_daily":false,"chose_seed":false,"campfire_upgraded":2,"win_rate":0.0,"timestamp":1610640689,"path_taken":["M","?","?","?","?","R","E","M","T","M","?","M","$","E","R","BOSS"],"items_purchased_type":["Relic"],"build_version":"2020-12-22","purchased_purges":1,"victory":false,"max_hp_per_floor":[116,128,140,152,152,152,152,152,152,152,152,152,152,152,152,152,152],"card_choices":[{"not_picked":["Replay:AtTheReady","JustLucky"],"picked":"ThirdEye","floor":1.0},{"not_picked":["SashWhip","EmptyFist"],"picked":"BowlingBash","floor":5.0},{"not_picked":["Nirvana","Worship"],"picked":"CutThroughFate","floor":7.0},{"not_picked":["CutThroughFate","Replay:AtTheReady"],"picked":"SandsOfTime","floor":8.0},{"not_picked":["FlurryOfBlows","CutThroughFate","Scrawl"],"picked":"SKIP","floor":10.0},{"not_picked":["Crescendo","FollowUp","ClearTheMind"],"picked":"SKIP","floor":12.0},{"not_picked":["Replay:LoomingThreat","ThirdEye","BowlingBash"],"picked":"SKIP","floor":14.0}],"player_experience":633204,"relics_obtained":[{"floor":3.0,"key":"Ring of Misfortune"},{"floor":3.0,"key":"ReplayTheSpireMod:Ring of Challenge"},{"floor":7.0,"key":"MealTicket"},{"floor":9.0,"key":"testmod-AssaultLearning"},{"floor":14.0,"key":"Replay:Kaleidoscope"}],"event_choices":[{"damage_healed":0.0,"max_hp_gain":0.0,"max_hp_loss":0.0,"gold_gain":0.0,"event_name":"Golden Idol","player_choice":"Take Wound","floor":2.0,"gold_loss":0.0,"damage_taken":0.0,"relics_obtained":["Golden Idol"],"cards_obtained":["Injury"]},{"damage_healed":0.0,"max_hp_gain":0.0,"max_hp_loss":0.0,"gold_gain":150.0,"event_name":"Liars Game","player_choice":"AGREE","floor":4.0,"gold_loss":0.0,"damage_taken":0.0,"cards_obtained":["Doubt"]},{"damage_healed":0.0,"max_hp_gain":0.0,"max_hp_loss":0.0,"gold_gain":0.0,"event_name":"WeMeetAgain","player_choice":"Paid Gold","floor":11.0,"gold_loss":138.0,"damage_taken":0.0,"relics_obtained":["testmod-InjuryResistance"]}],"is_beta":false,"boss_relics":[],"items_purged_floors":[13],"is_endless":false,"potions_floor_spawned":[5,7,8,12,14],"killed_by":"The Guardian","ascension_level":20}}