{"host":"jl3raagrljzztomj","time":1610590982,"event":{"mods":["Aspiration","BaseMod","BetterRewards","Colored Map","Colored Powertips","Custom Start","Hermit","Highlight Path","Minty Spire (QoL Compilation)","Permanent Neow","StSLib","SuperFastMode","The Runesmith"],"gold_per_floor":[117,136,155,169,169,169,94,94,94,120,144,219,219,231,231,334,334,346,256,256,269,281,312,312,312,312,312,312,331,331,331,331,428,428,439,439,484,484,501,257,257,78,78,0,0,28,28,28,28,28,28,28,28,28,28],"floor_reached":54,"language":"ENG","playtime":2043,"items_purged":["Injury","Pain","Bite"],"score":777,"play_id":"69805907-faea-4b75-badb-a3804b34db04","local_time":"20210113202302","is_ascension_mode":false,"campfire_choices":[{"data":"Armaments","floor":6,"key":"SMITH"},{"data":"Barricade","floor":8,"key":"SMITH"},{"data":"Body Slam","floor":13,"key":"SMITH"},{"data":"Bash","floor":15,"key":"SMITH"},{"floor":24,"key":"RECALL"},{"data":"Bludgeon","floor":32,"key":"SMITH"},{"data":"Demon Form","floor":41,"key":"SMITH"},{"data":"Bite","floor":45,"key":"SMITH"},{"data":"Demon Form","floor":47,"key":"SMITH"},{"data":"Bite","floor":49,"key":"SMITH"},{"data":"Bite","floor":52,"key":"SMITH"}],"circlet_count":0,"master_deck":["Defend_R","Defend_R","Defend_R","Defend_R","Bash+1","Barricade+1","Body Slam+1","Armaments+1","Ghostly Armor+1","Bludgeon+1","Shrug It Off+1","Entrench+1","Bite","Bite+1","Bite+1","Bite+1","Double Tap+1","Shrug It Off+1","Madness+1","Madness+1","Metallicize+1","Demon Form+1","Shrug It Off+1","Writhe","Demon Form+1"],"relics":["Burning Blood","Toxic Egg 2","Eternal Feather","Odd Mushroom","Cursed Key","Champion Belt","WingedGreaves","aspiration:RitualStick","Enchiridion","MutagenicStrength","aspiration:RandomNobGenerator","TungstenRod","The Courier","Red Mask","Meat on the Bone"],"acts_visited":["Exordium","TheCity","TheBeyond","TheEnding"],"potions_floor_usage":[4,23,37,54,54],"damage_taken":[{"damage":4,"enemies":"Jaw Worm","floor":1,"turns":6},{"damage":3,"enemies":"2 Louse","floor":2,"turns":4},{"damage":1,"enemies":"Cultist","floor":3,"turns":3},{"damage":6,"enemies":"2 Fungi Beasts","floor":4,"turns":4},{"damage":0,"enemies":"Lagavulin","floor":10,"turns":6},{"damage":44,"enemies":"The Mushroom Lair","floor":11,"turns":9},{"damage":0,"enemies":"3 Louse","floor":14,"turns":4},{"damage":31,"enemies":"Hexaghost","floor":16,"turns":13},{"damage":0,"enemies":"Chosen","floor":18,"turns":4},{"damage":2,"enemies":"Shell Parasite","floor":21,"turns":5},{"damage":0,"enemies":"Snecko","floor":22,"turns":6},{"damage":5,"enemies":"Slavers","floor":23,"turns":10},{"damage":15,"enemies":"3 Cultists","floor":29,"turns":7},{"damage":78,"enemies":"Automaton","floor":33,"turns":13},{"damage":0,"enemies":"3 Shapes","floor":35,"turns":5},{"damage":30,"enemies":"2 Orb Walkers","floor":37,"turns":6},{"damage":9,"enemies":"3 Darklings","floor":39,"turns":7},{"damage":0,"enemies":"Giant Head","floor":46,"turns":6},{"damage":8,"enemies":"Time Eater","floor":50,"turns":8},{"damage":129,"enemies":"Shield and Spear","floor":54,"turns":3}],"seed_played":"5578309976789105766","potions_obtained":[{"floor":2,"key":"AttackPotion"},{"floor":4,"key":"HeartOfIron"},{"floor":10,"key":"Regen Potion"},{"floor":14,"key":"Block Potion"},{"floor":23,"key":"Block Potion"}],"is_trial":false,"path_per_floor":["M","M","M","M","?","R","$","R","T","E","?","T","R","M","R","B",null,"M","?","$","M","M","E","R","?","T","?","R","M","?","?","R","B",null,"M","?","?","?","M","$","R","$","T","?","R","E","R","$","R","B",null,"R","$","E"],"character_chosen":"IRONCLAD","items_purchased":["Demon Form","Shrug It Off+1"],"campfire_rested":0,"item_purchase_floors":[40,42],"current_hp_per_floor":[80,80,80,80,80,80,80,80,80,80,42,42,48,56,62,39,80,80,80,80,80,80,80,80,80,80,64,73,80,64,64,73,37,80,80,70,68,68,80,80,80,80,80,80,80,80,80,80,80,80,80,80,80,0,0],"gold":28,"neow_bonus":"ONE_RANDOM_RARE_CARD","is_daily":false,"chose_seed":false,"campfire_upgraded":10,"win_rate":0.0,"timestamp":1610590982,"path_taken":["M","M","M","M","?","R","$","R","T","E","?","?","R","M","R","BOSS","M","?","?","M","M","E","R","?","T","?","R","?","?","?","R","BOSS","M","?","?","?","?","$","R","?","T","?","R","E","R","?","R","BOSS","R","$","E"],"items_purchased_type":["Card","Card"],"build_version":"2020-12-22","purchased_purges":3,"victory":false,"max_hp_per_floor":[80,80,80,80,80,80,80,80,80,80,80,80,80,80,80,80,80,80,80,80,80,80,80,80,80,80,80,80,80,80,80,80,80,80,80,80,80,80,80,80,80,80,80,80,80,80,80,80,80,80,80,80,80,80,80],"card_choices":[{"not_picked":["Headbutt","Seeing Red","Perfected Strike"],"picked":"SKIP","floor":1},{"not_picked":["Anger","Ghostly Armor"],"picked":"Body Slam","floor":2},{"not_picked":["Rampage","Searing Blow"],"picked":"Armaments","floor":3},{"not_picked":["Intimidate","Fire Breathing","Twin Strike"],"picked":"SKIP","floor":4},{"not_picked":["Havoc+1","True Grit+1","Combust"],"picked":"SKIP","floor":10},{"not_picked":["Armaments+1","Pummel"],"picked":"Ghostly Armor+1","floor":11},{"not_picked":["Heavy Blade","Warcry+1","Bloodletting+1"],"picked":"SKIP","floor":14},{"not_picked":["Brutality","Barricade"],"picked":"Bludgeon","floor":16},{"not_picked":["Cleave","Inflame"],"picked":"Shrug It Off+1","floor":18},{"not_picked":["Flex+1","Dropkick"],"picked":"Entrench+1","floor":21},{"not_picked":["Cleave","Rage+1","Spot Weakness+1"],"picked":"SKIP","floor":22},{"not_picked":["Sentinel+1","Rupture","Carnage"],"picked":"SKIP","floor":23},{"not_picked":["Sentinel+1","Sever Soul","Warcry+1"],"picked":"SKIP","floor":29},{"not_picked":["Offering+1","Feed"],"picked":"Double Tap+1","floor":33},{"not_picked":["Cleave+1","Heavy Blade+1"],"picked":"Shrug It Off+1","floor":35},{"not_picked":["Heavy Blade+1","Flex+1"],"picked":"Metallicize+1","floor":37},{"not_picked":["Iron Wave+1","Clash","Blood for Blood"],"picked":"SKIP","floor":39},{"not_picked":["Seeing Red+1","Barricade"],"picked":"Demon Form","floor":46}],"player_experience":939845,"relics_obtained":[{"floor":9,"key":"Eternal Feather"},{"floor":10,"key":"Blood Vial"},{"floor":11,"key":"Odd Mushroom"},{"floor":23,"key":"Champion Belt"},{"floor":26,"key":"WingedGreaves"},{"floor":30,"key":"Enchiridion"},{"floor":37,"key":"TungstenRod"},{"floor":43,"key":"The Courier"},{"floor":46,"key":"Meat on the Bone"}],"event_choices":[{"damage_healed":0,"gold_gain":0,"player_choice":"Fought Mushrooms","damage_taken":0,"max_hp_gain":0,"max_hp_loss":0,"event_name":"Mushrooms","floor":11,"gold_loss":0},{"cards_removed":["Strike_R"],"damage_healed":0,"gold_gain":0,"player_choice":"Upgrade and Remove","damage_taken":0,"max_hp_gain":0,"max_hp_loss":0,"event_name":"Designer","floor":19,"gold_loss":90,"cards_upgraded":["Strike_R"]},{"damage_healed":0,"gold_gain":0,"player_choice":"Became a vampire (Vial)","damage_taken":0,"max_hp_gain":0,"max_hp_loss":0,"event_name":"Vampires","floor":25,"relics_lost":["Blood Vial"],"gold_loss":0,"cards_obtained":["Bite","Bite","Bite","Bite","Bite"]},{"damage_healed":0,"gold_gain":0,"player_choice":"Obtained Book","damage_taken":16,"max_hp_gain":0,"max_hp_loss":0,"event_name":"Cursed Tome","floor":30,"gold_loss":0},{"damage_healed":0,"gold_gain":0,"player_choice":"Inject Mutagens","damage_taken":0,"relics_obtained":["MutagenicStrength"],"max_hp_gain":0,"max_hp_loss":0,"event_name":"Drug Dealer","floor":31,"gold_loss":0},{"damage_healed":0,"gold_gain":0,"player_choice":"Embrace Madness","damage_taken":10,"max_hp_gain":0,"max_hp_loss":0,"event_name":"Winding Halls","floor":36,"gold_loss":0,"cards_obtained":["Madness","Madness"]},{"damage_healed":0,"gold_gain":0,"player_choice":"Fight","damage_taken":0,"max_hp_gain":0,"max_hp_loss":0,"event_name":"Mysterious Sphere","floor":37,"gold_loss":0},{"damage_healed":0,"gold_gain":0,"cards_transformed":["Shame"],"player_choice":"Transformed","damage_taken":0,"max_hp_gain":0,"max_hp_loss":0,"event_name":"Transmorgrifier","floor":38,"gold_loss":0,"cards_obtained":["Pain"]},{"damage_healed":0,"gold_gain":0,"player_choice":"Paid","damage_taken":0,"relics_obtained":["Red Mask"],"max_hp_gain":0,"max_hp_loss":0,"event_name":"Tomb of Lord Red Mask","floor":44,"gold_loss":78}],"is_beta":false,"boss_relics":[{"not_picked":["Runic Cube","SlaversCollar"],"picked":"Cursed Key"},{"not_picked":["aspiration:RitualDagger","Snecko Eye"],"picked":"aspiration:RandomNobGenerator"}],"items_purged_floors":[7,40,42],"is_endless":false,"potions_floor_spawned":[2,4,10,14,16,21,23,33,35],"killed_by":"Shield and Spear","ascension_level":0}}