{"host":"1a3cjta80tad0aqj","time":1610644706,"event":{"mods":["2.2 Compatiblity","AchievementEnabler","BaseMod","Colored Map","DeckTracker","KOR Keyword Fix","Keyboard Shortcuts","Minty Spire (QoL Compilation)","Permanent Neow","Quick Restart","Random Character Button","StSLib","SuperFastMode","everything is the same but u backflip on backflip"],"gold_per_floor":[109,128,143,159,179,179,205,56,56,76,151,6,6,16,16,120,120,120],"floor_reached":17,"language":"KOR","playtime":650,"items_purged":["Defend_R"],"score":159,"play_id":"f2414f7f-3e42-416a-ab0c-445a9a0c887e","local_time":"20210115021826","is_ascension_mode":false,"campfire_choices":[{"data":"Corruption","floor":6,"key":"SMITH"},{"floor":13,"key":"REST"},{"floor":15,"key":"REST"}],"circlet_count":0,"master_deck":["Strike_R","Strike_R","Strike_R","Strike_R","Strike_R","Defend_R","Defend_R","Defend_R","Bash","True Grit","Hemokinesis","True Grit","Corruption+1","True Grit","Armaments","Second Wind","Whirlwind","Feed","Seeing Red"],"relics":["Burning Blood","Oddly Smooth Stone","Regal Pillow","Pocketwatch","Runic Pyramid"],"acts_visited":["Exordium","TheCity"],"potions_floor_usage":[7,16],"damage_taken":[{"damage":5,"enemies":"Small Slimes","floor":1,"turns":5},{"damage":4,"enemies":"Jaw Worm","floor":2,"turns":5},{"damage":9,"enemies":"2 Louse","floor":3,"turns":3},{"damage":11,"enemies":"Blue Slaver","floor":4,"turns":4},{"damage":4,"enemies":"Looter","floor":5,"turns":4},{"damage":59,"enemies":"3 Sentries","floor":7,"turns":12},{"damage":11,"enemies":"3 Louse","floor":10,"turns":3},{"damage":10,"enemies":"Exordium Thugs","floor":14,"turns":5},{"damage":74,"enemies":"Hexaghost","floor":16,"turns":9}],"seed_played":"8426043248530903338","potions_obtained":[{"floor":3,"key":"LiquidBronze"},{"floor":4,"key":"FearPotion"},{"floor":5,"key":"ColorlessPotion"},{"floor":10,"key":"ElixirPotion"}],"is_trial":false,"path_per_floor":["M","M","M","M","M","R","E","$","T","M","?","$","R","M","R","B",null],"character_chosen":"IRONCLAD","items_purchased":["Second Wind","Feed"],"campfire_rested":2,"item_purchase_floors":[8,12],"current_hp_per_floor":[80,80,77,72,74,74,21,21,21,16,5,5,44,43,82,17,86,86],"gold":120,"neow_bonus":"RANDOM_COMMON_RELIC","is_daily":false,"chose_seed":false,"campfire_upgraded":1,"win_rate":0.0,"timestamp":1610644706,"path_taken":["M","M","M","M","M","R","E","$","T","M","?","$","R","M","R","BOSS"],"items_purchased_type":["Card","Card"],"build_version":"2020-12-22","purchased_purges":1,"victory":false,"max_hp_per_floor":[80,80,80,80,80,80,80,80,80,80,80,80,80,83,83,86,86,86],"card_choices":[{"not_picked":["Ghostly Armor","Flex"],"picked":"True Grit","floor":1},{"not_picked":["Pommel Strike","Heavy Blade"],"picked":"Hemokinesis","floor":2},{"not_picked":["Pommel Strike","Thunderclap"],"picked":"True Grit","floor":3},{"not_picked":["Battle Trance","Blood for Blood"],"picked":"Corruption","floor":4},{"not_picked":["Clothesline","Blood for Blood"],"picked":"True Grit","floor":5},{"not_picked":["Flex","Clash"],"picked":"Armaments","floor":7},{"not_picked":["Perfected Strike","Sword Boomerang"],"picked":"Whirlwind","floor":10},{"not_picked":["Sword Boomerang","Fire Breathing"],"picked":"Seeing Red","floor":14}],"player_experience":637768,"relics_obtained":[{"floor":7,"key":"Regal Pillow"},{"floor":9,"key":"Pocketwatch"}],"event_choices":[{"damage_healed":0,"gold_gain":75,"player_choice":"Gather Gold","damage_taken":11,"max_hp_gain":0,"max_hp_loss":0,"event_name":"World of Goop","floor":11,"gold_loss":0}],"is_beta":false,"boss_relics":[{"not_picked":["Tiny House","SlaversCollar"],"picked":"Runic Pyramid"}],"items_purged_floors":[8],"is_endless":false,"potions_floor_spawned":[3,4,5,10],"ascension_level":0}}