{"host":"vumwfieg2b2mnrfl","time":1610603074,"event":{"mods":["AchievementEnabler","BaseMod","Minty Spire (QoL Compilation)","Rare Cards Sparkle","Relic Stats"],"gold_per_floor":[111,169,169,94,112,143,143,155,155,189,150,150,178,191,191,288,288,298,298,312,312,332,365,118,118,118,118,148,148,248,275,275,372,422,433,451,326,326,339,368,368,397,397,397,217,228,245,277,277,277,277],"floor_reached":50,"language":"ENG","playtime":2263,"items_purged":["Regret","Strike_B","Defend_B","Strike_B"],"score":969,"play_id":"43b288d3-bf02-4c39-a108-1269857f68ee","local_time":"20210113234434","is_ascension_mode":true,"campfire_choices":[{"data":"Zap","floor":12,"key":"SMITH"},{"data":"Streamline","floor":15,"key":"SMITH"},{"floor":25,"key":"REST"},{"floor":27,"key":"REST"},{"floor":29,"key":"REST"},{"floor":32,"key":"REST"},{"floor":44,"key":"REST"},{"floor":49,"key":"RECALL"}],"circlet_count":0,"master_deck":["AscendersBane","Strike_B","Strike_B","Defend_B+1","Defend_B+1","Zap+1","Dualcast+1","Streamline+1","Beam Cell","Sweeping Beam","Self Repair","Undo+1","Glacier+1","Glacier+1","Core Surge","Hologram+1","Defragment","Ball Lightning+1","Coolheaded+1","Reboot+1","Self Repair+1","Rebound+1","Capacitor","Capacitor+1","Consume+1","Echo Form"],"relics":["Cracked Core","NeowsBlessing","Blood Vial","Darkstone Periapt","Nunchaku","Toxic Egg 2","Juzu Bracelet","Happy Flower","Fusion Hammer","PreservedInsect","DataDisk","Ornamental Fan","Singing Bowl","Lizard Tail","Bottled Tornado","Molten Egg 2","Tiny House","Matryoshka","InkBottle","Centennial Puzzle","The Courier","War Paint"],"acts_visited":["Exordium","TheCity","TheBeyond"],"potions_floor_usage":[13,18,30,33,39,50],"damage_taken":[{"damage":0.0,"enemies":"Small Slimes","floor":1.0,"turns":1.0},{"damage":0.0,"enemies":"Jaw Worm","floor":5.0,"turns":1.0},{"damage":0.0,"enemies":"3 Sentries","floor":6.0,"turns":1.0},{"damage":1,"enemies":"2 Louse","floor":8,"turns":2},{"damage":30,"enemies":"Lagavulin","floor":10,"turns":5},{"damage":16,"enemies":"Gremlin Nob","floor":13,"turns":3},{"damage":2,"enemies":"Exordium Wildlife","floor":14,"turns":3},{"damage":32,"enemies":"The Guardian","floor":16,"turns":14},{"damage":8,"enemies":"3 Byrds","floor":18,"turns":5},{"damage":6,"enemies":"Spheric Guardian","floor":20,"turns":4},{"damage":23,"enemies":"3 Cultists","floor":22,"turns":7},{"damage":38,"enemies":"Gremlin Leader","floor":23,"turns":7},{"damage":24,"enemies":"Slavers","floor":28,"turns":6},{"damage":17,"enemies":"Colosseum Slavers","floor":30,"turns":3},{"damage":0,"enemies":"Colosseum Nobs","floor":30,"turns":4},{"damage":11,"enemies":"Book of Stabbing","floor":31,"turns":4},{"damage":90,"enemies":"Collector","floor":33,"turns":17},{"damage":20,"enemies":"Orb Walker","floor":35,"turns":4},{"damage":1,"enemies":"3 Darklings","floor":36,"turns":7},{"damage":10,"enemies":"Jaw Worm Horde","floor":39,"turns":5},{"damage":65,"enemies":"Reptomancer","floor":40,"turns":7},{"damage":38,"enemies":"Giant Head","floor":42,"turns":9},{"damage":4,"enemies":"Sphere and 2 Shapes","floor":46,"turns":7},{"damage":27,"enemies":"Spire Growth","floor":47,"turns":6},{"damage":35,"enemies":"Nemesis","floor":48,"turns":9},{"damage":49,"enemies":"Awakened One","floor":50,"turns":9}],"seed_played":"-4730122430287705996","potions_obtained":[{"floor":5.0,"key":"Strength Potion"},{"floor":10,"key":"AttackPotion"},{"floor":13,"key":"EssenceOfSteel"},{"floor":16,"key":"LiquidMemories"},{"floor":18,"key":"SpeedPotion"},{"floor":28,"key":"Ancient Potion"},{"floor":34,"key":"Dexterity Potion"},{"floor":35,"key":"Energy Potion"},{"floor":40,"key":"Weak Potion"},{"floor":48,"key":"LiquidBronze"}],"is_trial":false,"path_per_floor":["M","?","?","$","M","E","?","M","T","E","$","R","E","M","R","B",null,"M","?","M","?","M","E","$","R","T","R","E","R","?","E","R","B",null,"M","M","$","?","M","E","?","E","T","R","$","M","M","E","R","B"],"character_chosen":"DEFECT","items_purchased":["Undo+1","DataDisk","Capacitor"],"campfire_rested":5,"item_purchase_floors":[11,24,45],"current_hp_per_floor":[68,68,68,68,70,72,69,70,70,42,42,42,35,42,42,19,61,62,62,58,58,44,15,15,37,37,59,46,69,65,65,81,47,78,79,90,90,90,92,44,44,27,27,55,55,70,55,39,39,0,0],"gold":277,"neow_bonus":"THREE_ENEMY_KILL","is_daily":false,"chose_seed":false,"campfire_upgraded":2,"win_rate":0.0,"timestamp":1610603074,"path_taken":["M","?","?","?","M","E","?","M","T","E","$","R","E","M","R","BOSS","M","?","M","?","M","E","$","R","T","R","E","R","?","E","R","BOSS","M","M","$","?","M","E","?","E","T","R","?","M","M","E","R","BOSS"],"items_purchased_type":["Card","Relic","Card"],"build_version":"2020-12-22","purchased_purges":4,"victory":false,"max_hp_per_floor":[75,75,75,75,75,75,75,75,75,75,75,75,75,75,75,75,75,75,75,75,75,75,75,75,75,75,75,77,77,79,81,81,81,86,88,90,90,90,92,92,92,94,94,94,94,94,94,94,94,94,94],"relic_stats":{"Darkstone Periapt":0,"Happy Flower":[45],"Singing Bowl":14,"counters":[26,150],"PreservedInsect":361,"Juzu Bracelet":1,"War Paint":["Defend_B","Dualcast"],"Blood Vial":44,"Nunchaku":[27],"Lizard Tail":40,"Centennial Puzzle":[12],"Ornamental Fan":[104],"obtain_stats":[{"Darkstone Periapt":6,"Tiny House":34,"NeowsBlessing":0,"Happy Flower":13,"Singing Bowl":28,"PreservedInsect":23,"The Courier":43,"Juzu Bracelet":10,"Bottled Tornado":30,"War Paint":48,"Blood Vial":3,"Nunchaku":7,"DataDisk":24,"Lizard Tail":30,"Centennial Puzzle":42,"Matryoshka":40,"Ornamental Fan":26,"Molten Egg 2":31,"Fusion Hammer":17,"Toxic Egg 2":9,"Cracked Core":0,"InkBottle":41},{"Darkstone Periapt":3,"Tiny House":17,"NeowsBlessing":0,"Happy Flower":6,"Singing Bowl":13,"PreservedInsect":12,"The Courier":22,"Juzu Bracelet":5,"Bottled Tornado":15,"War Paint":25,"Blood Vial":1,"Nunchaku":3,"DataDisk":12,"Lizard Tail":15,"Centennial Puzzle":22,"Matryoshka":21,"Ornamental Fan":12,"Molten Egg 2":16,"Fusion Hammer":8,"Toxic Egg 2":4,"Cracked Core":0,"InkBottle":21},{"Darkstone Periapt":3,"Tiny House":87,"NeowsBlessing":0,"Happy Flower":13,"Singing Bowl":59,"PreservedInsect":53,"The Courier":119,"Juzu Bracelet":10,"Bottled Tornado":66,"War Paint":141,"Blood Vial":1,"Nunchaku":3,"DataDisk":53,"Lizard Tail":66,"Centennial Puzzle":119,"Matryoshka":110,"Ornamental Fan":53,"Molten Egg 2":70,"Fusion Hammer":30,"Toxic Egg 2":5,"Cracked Core":0,"InkBottle":110}],"InkBottle":[15]},"card_choices":[{"not_picked":["Aggregate","Rebound"],"picked":"Streamline","floor":1.0},{"not_picked":["Hologram","Streamline"],"picked":"Beam Cell","floor":5.0},{"not_picked":["Sweeping Beam","Streamline","Scrape"],"picked":"SKIP","floor":6.0},{"not_picked":["Streamline","Scrape"],"picked":"Sweeping Beam","floor":6.0},{"not_picked":["FTL","Steam","Compile Driver"],"picked":"SKIP","floor":8},{"not_picked":["Undo+1","Compile Driver"],"picked":"Self Repair","floor":10},{"not_picked":["Sunder","Rebound"],"picked":"Glacier+1","floor":13},{"not_picked":["Blizzard","Sweeping Beam"],"picked":"Glacier+1","floor":14},{"not_picked":["Multi-Cast+1","Buffer"],"picked":"Core Surge","floor":16},{"not_picked":["Redo+1","Streamline"],"picked":"Hologram+1","floor":18},{"not_picked":["Lockon","Cold Snap","Melter"],"picked":"SKIP","floor":20},{"not_picked":["Force Field+1","Storm+1"],"picked":"Ball Lightning+1","floor":22},{"not_picked":["Hello World+1","Steam Power+1"],"picked":"Coolheaded+1","floor":23},{"not_picked":["Meteor Strike","Leap+1","Streamline"],"picked":"Singing Bowl","floor":28},{"not_picked":["Stack+1","Barrage+1","Auto Shields+1"],"picked":"Singing Bowl","floor":30},{"not_picked":["Barrage+1","Stack+1","FTL+1"],"picked":"Singing Bowl","floor":31},{"not_picked":["Fission+1","All For One+1"],"picked":"Reboot+1","floor":33},{"not_picked":["Static Discharge","Compile Driver+1"],"picked":"Self Repair+1","floor":34},{"not_picked":["Fusion+1","Beam Cell+1","Storm+1"],"picked":"Singing Bowl","floor":35},{"not_picked":["Chill+1","Turbo+1","Go for the Eyes+1"],"picked":"Singing Bowl","floor":36},{"not_picked":["Sweeping Beam+1","Self Repair","Beam Cell+1"],"picked":"Singing Bowl","floor":39},{"not_picked":["Reprogram+1","Leap+1"],"picked":"Rebound+1","floor":40},{"not_picked":["Leap+1","Recycle+1","Self Repair"],"picked":"Singing Bowl","floor":42},{"not_picked":["Rebound+1","Turbo+1"],"picked":"Capacitor+1","floor":46},{"not_picked":["Steam+1","Ball Lightning+1"],"picked":"Consume+1","floor":47},{"not_picked":["Reinforced Body+1","Sweeping Beam+1"],"picked":"Echo Form","floor":48}],"player_experience":416201,"relics_obtained":[{"floor":6.0,"key":"Darkstone Periapt"},{"floor":9,"key":"Toxic Egg 2"},{"floor":10,"key":"Juzu Bracelet"},{"floor":13,"key":"Happy Flower"},{"floor":23,"key":"PreservedInsect"},{"floor":26,"key":"Ornamental Fan"},{"floor":28,"key":"Singing Bowl"},{"floor":30,"key":"Lizard Tail"},{"floor":30,"key":"Bottled Tornado"},{"floor":31,"key":"Molten Egg 2"},{"floor":40,"key":"Matryoshka"},{"floor":42,"key":"Centennial Puzzle"},{"floor":43,"key":"The Courier"},{"floor":48,"key":"War Paint"}],"event_choices":[{"damage_healed":0.0,"max_hp_gain":0.0,"max_hp_loss":0.0,"gold_gain":58.0,"event_name":"Golden Wing","player_choice":"Gained Gold","floor":2.0,"gold_loss":0.0,"damage_taken":0.0},{"damage_healed":0.0,"max_hp_gain":0.0,"max_hp_loss":0.0,"gold_gain":0.0,"event_name":"Big Fish","player_choice":"Box","floor":3.0,"gold_loss":0.0,"damage_taken":0.0,"relics_obtained":["Blood Vial"],"cards_obtained":["Regret"]},{"damage_healed":0.0,"max_hp_gain":0.0,"max_hp_loss":0.0,"gold_gain":0.0,"event_name":"Scrap Ooze","player_choice":"Success","floor":7.0,"gold_loss":0.0,"damage_taken":3.0,"relics_obtained":["Nunchaku"]},{"damage_healed":0,"gold_gain":0,"player_choice":"Read","damage_taken":0,"max_hp_gain":0,"max_hp_loss":0,"event_name":"The Library","floor":19,"gold_loss":0,"cards_obtained":["Defragment"]},{"damage_healed":0,"gold_gain":0,"player_choice":"Ignored","damage_taken":0,"max_hp_gain":0,"max_hp_loss":0,"event_name":"Cursed Tome","floor":21,"gold_loss":0},{"damage_healed":0,"gold_gain":0,"player_choice":"Fight","damage_taken":0,"max_hp_gain":0,"max_hp_loss":0,"event_name":"Colosseum","floor":30,"gold_loss":0},{"damage_healed":0,"gold_gain":0,"player_choice":"Fought Nobs","damage_taken":0,"max_hp_gain":0,"max_hp_loss":0,"event_name":"Colosseum","floor":30,"gold_loss":0},{"cards_removed":["Defend_B"],"damage_healed":0,"gold_gain":0,"player_choice":"Purged","damage_taken":0,"max_hp_gain":0,"max_hp_loss":0,"event_name":"Purifier","floor":38,"gold_loss":0},{"damage_healed":0,"gold_gain":0,"player_choice":"Gave Potion","damage_taken":0,"relics_obtained":["InkBottle"],"max_hp_gain":0,"max_hp_loss":0,"event_name":"WeMeetAgain","floor":41,"gold_loss":0}],"is_beta":false,"boss_relics":[{"not_picked":["Busted Crown","Coffee Dripper"],"picked":"Fusion Hammer"},{"not_picked":["Velvet Choker","Nuclear Battery"],"picked":"Tiny House"}],"items_purged_floors":[4,24,37,45],"is_endless":false,"potions_floor_spawned":[5,10,13,16,18,20,23,28,35,36,40,48],"killed_by":"Awakened One","ascension_level":10}}