{"host":"lcnwkjlokfwcnxxu","time":1610617687,"event":{"mods":["BaseMod","Colored Map","Duelist Mod","GifTheSpireLib","Minty Spire (QoL Compilation)","Quick Restart","Replay The Spire","StSLib"],"gold_per_floor":[138,219,234,234,257,257,296,296,321,9,9,40,115,146,146,278,278,313,339,363,363,169,217,217,250,250,250,250,250,286,7,7,134,134,162,191,257,107,152,152,192,241,241,299,49,75,75,75,75,97],"floor_reached":51,"language":"ENG","playtime":3173,"items_purged":["theDuelist:CastleWalls","theDuelist:CastleWalls","theDuelist:Sparks","theDuelist:Sparks"],"score":925,"play_id":"71423182-d2c7-4304-878c-797230b5ddb0","local_time":"20210114014807","is_ascension_mode":false,"campfire_choices":[{"data":"theDuelist:ForbiddenLance","floor":6,"key":"SMITH"},{"data":"theDuelist:MiraculousDescent","floor":8,"key":"SMITH"},{"data":"theDuelist:CaveDragon","floor":15,"key":"SMITH"},{"floor":24,"key":"REST"},{"data":"theDuelist:BlizzardDragon","floor":27,"key":"SMITH"},{"data":"theDuelist:DragonMastery","floor":32,"key":"SMITH"},{"data":"theDuelist:ChimeratechOverdragon","floor":40,"key":"SMITH"},{"data":"theDuelist:DragonCaptureJar","floor":47,"key":"SMITH"},{"floor":49,"key":"REST"}],"circlet_count":0,"master_deck":["theDuelist:BabyDragon","theDuelist:CaveDragon+1","theDuelist:CaveDragon","theDuelist:LesserDragon","theDuelist:LesserDragon","theDuelist:YamataDragon","theDuelist:DragonMirror+1","theDuelist:MiraculousDescent+1","theDuelist:ViceDragon","theDuelist:ForbiddenLance+1","theDuelist:GenesisDragon","theDuelist:BSkullDragon+1","theDuelist:CoralDragon","theDuelist:DragonMastery+1","theDuelist:SeismicShockwave","theDuelist:Nameless:Power:MaskedDragon","theDuelist:EyeTimaeus","theDuelist:BlizzardDragon+1","theDuelist:LordD","theDuelist:DragonCaptureJar+1","J.A.X.","theDuelist:VeilDarkness","theDuelist:GenesisDragon","theDuelist:ChimeratechOverdragon+1","theDuelist:GenesisDragon","theDuelist:GenesisDragon","theDuelist:ArmageddonDragonEmp+1"],"relics":["theDuelist:MillenniumPuzzle","theDuelist:CardPoolRelic","theDuelist:CardPoolBasicRelic","theDuelist:BoosterPackPoolRelic","theDuelist:CardPoolAddRelic","theDuelist:CardPoolMinusRelic","theDuelist:CardPoolSaveRelic","theDuelist:CardPoolOptionsRelic","Replay:Rubber Ducky","Golden Idol","Replay:Bandana","Strawberry","ReplayTheSpireMod:Shallot","Painkiller Herb","theDuelist:MerchantPendant","Regal Pillow","theDuelist:DuelistTeaSet","theDuelist:MillenniumSymbol","Busted Crown","Another Sword","Replay:Kaleidoscope","Incense Burner","Ancient Tea Set","Replay:WaspNest","Replay:Baseball","Replay:Accelerometer"],"acts_visited":["Exordium","TheCity","TheBeyond"],"potions_floor_usage":[16,18,23,30,33,37,44,50],"damage_taken":[{"damage":0,"enemies":"Jaw Worm","floor":1,"turns":2},{"damage":0,"enemies":"2 Louse","floor":3,"turns":2},{"damage":0,"enemies":"Small Slimes","floor":5,"turns":2},{"damage":0,"enemies":"Lagavulin","floor":7,"turns":5},{"damage":0,"enemies":"Blue Slaver","floor":12,"turns":2},{"damage":0,"enemies":"3 Louse","floor":14,"turns":3},{"damage":4,"enemies":"Slime Boss","floor":16,"turns":15},{"damage":15,"enemies":"2 Thieves","floor":18,"turns":4},{"damage":0,"enemies":"3 Byrds","floor":19,"turns":5},{"damage":0,"enemies":"Snecko","floor":20,"turns":5},{"damage":0,"enemies":"theDuelist:KaibaA2","floor":23,"turns":2},{"damage":10,"enemies":"Centurion and Healer","floor":25,"turns":5},{"damage":5,"enemies":"Snake Plant","floor":30,"turns":3},{"damage":1,"enemies":"Collector","floor":33,"turns":7},{"damage":8,"enemies":"Orb Walker","floor":35,"turns":2},{"damage":0,"enemies":"3 Shapes","floor":36,"turns":3},{"damage":3,"enemies":"3 Shapes","floor":37,"turns":6},{"damage":4,"enemies":"Maw","floor":39,"turns":4},{"damage":10,"enemies":"Jaw Worm Horde","floor":41,"turns":4},{"damage":3,"enemies":"R_Hoarder","floor":42,"turns":6},{"damage":3,"enemies":"Reptomancer","floor":44,"turns":5},{"damage":3,"enemies":"3 Darklings","floor":46,"turns":5},{"damage":28,"enemies":"Donu and Deca","floor":50,"turns":8}],"seed_played":"7906301591181770182","potions_obtained":[{"floor":1,"key":"theDuelist:TokenPotion"},{"floor":2,"key":"theDuelist:CoolBottle"},{"floor":2,"key":"theDuelist:WhiteBottle"},{"floor":3,"key":"theDuelist:DragonfirePotion"},{"floor":7,"key":"BlessingOfTheForge"},{"floor":25,"key":"theDuelist:CoolBottle"},{"floor":30,"key":"Strength Potion"},{"floor":35,"key":"theDuelist:StunPotion"},{"floor":36,"key":"theDuelist:DebuffArmorPotion"},{"floor":42,"key":"theDuelist:VoidBottle"}],"is_trial":false,"path_per_floor":["M","?","M","?","M","R","E","R","T","$","?","M","?","M","R","B",null,"?","?","?","?","T","E","T","?","T","T","?","?","?","T","T","B",null,"?","?","?","T","?","T","?","E","T","E","T","?","T","?","T","B",null],"character_chosen":"THE_DUELIST","items_purchased":["theDuelist:GenesisDragon","ReplayTheSpireMod:Shallot","theDuelist:MerchantPendant","theDuelist:EyeTimaeus","theDuelist:MillenniumSymbol","Ancient Tea Set","Energy Potion","Adrenaline Potion"],"campfire_rested":2,"item_purchase_floors":[10,10,22,22,31,38,45,45],"current_hp_per_floor":[88,66,66,66,66,66,66,66,73,73,73,73,62,62,62,58,88,73,84,84,59,59,59,106,96,96,96,96,96,91,91,91,90,108,100,100,97,97,93,93,83,80,80,77,77,74,74,74,108,80],"gold":97,"neow_bonus":"TEN_PERCENT_HP_BONUS","is_daily":false,"chose_seed":false,"campfire_upgraded":7,"win_rate":0.0,"timestamp":1610617687,"path_taken":["M","?","M","?","M","R","E","R","T","$","?","?","?","M","R","BOSS","?","?","?","?","T","E","T","?","T","T","?","?","?","T","T","BOSS","?","?","?","T","?","T","?","E","T","E","T","?","T","?","T","BOSS"],"items_purchased_type":["Card","Relic","Relic","Card","Relic","Relic","Potion","Potion"],"build_version":"2020-12-22","purchased_purges":4,"victory":true,"max_hp_per_floor":[88,88,88,81,81,81,81,81,88,88,88,88,88,88,88,88,88,88,88,88,108,108,108,108,108,108,108,108,108,108,108,108,108,108,108,108,108,108,108,108,108,108,108,108,108,108,108,108,108,108],"card_choices":[{"not_picked":["theDuelist:JurassicImpact","theDuelist:GalaxySoldier","theDuelist:DragonRavine"],"picked":"theDuelist:DragonMirror","floor":1},{"not_picked":["theDuelist:TotemDragon","theDuelist:DragonMirror","theDuelist:AutorokketDragon"],"picked":"theDuelist:MiraculousDescent","floor":2},{"not_picked":["theDuelist:Beatraptor","theDuelist:BabyDragon","theDuelist:AquaDolphin","theDuelist:CyberValley"],"picked":"theDuelist:ViceDragon","floor":3},{"not_picked":["theDuelist:BattleguardKing","theDuelist:Hinotama","theDuelist:LightningDarts","theDuelist:RainbowOverdragon"],"picked":"theDuelist:ForbiddenLance","floor":5},{"not_picked":["theDuelist:CyberDinosaur","theDuelist:BabyDragon","theDuelist:LesserDragon","theDuelist:MoltenDestruction","theDuelist:TwinBarrelDragon"],"picked":"SKIP","floor":7},{"not_picked":["theDuelist:FiendSkull+1","theDuelist:ArmedDragon5+1"],"picked":"theDuelist:BSkullDragon+1","floor":12},{"not_picked":["theDuelist:ViceDragon","theDuelist:CyberDragonCore","theDuelist:DefenseZone","theDuelist:MoltenDestruction"],"picked":"theDuelist:CoralDragon","floor":14},{"not_picked":["theDuelist:FiveHeaded","theDuelist:DefensiveTactics","theDuelist:BlueDuston","theDuelist:BlasterDragonInfernos"],"picked":"theDuelist:DragonMastery","floor":16},{"not_picked":["theDuelist:Hinotama+1","theDuelist:BlackPendant","theDuelist:BattleguardKing","theDuelist:RainbowBridge"],"picked":"theDuelist:DianKeto","floor":18},{"not_picked":["theDuelist:CyberTwinDragon","theDuelist:BlackBrachios","theDuelist:BarrelDragon","theDuelist:TrihornedDragon","theDuelist:Kabazauls+1"],"picked":"SKIP","floor":19},{"not_picked":["theDuelist:TrihornedDragon","theDuelist:Babycerasaurus","theDuelist:GaiaDragonChamp","theDuelist:AxeDespair"],"picked":"theDuelist:SeismicShockwave","floor":20},{"not_picked":["theDuelist:ViceDragon","theDuelist:DragonShield","theDuelist:Beatraptor","theDuelist:Babycerasaurus"],"picked":"theDuelist:BlizzardDragon","floor":23},{"not_picked":["theDuelist:TwinBarrelDragon+1","theDuelist:SilverDragon","theDuelist:ScrapIronScarecrow","theDuelist:MythicWaterDragon"],"picked":"theDuelist:LordD","floor":25},{"not_picked":["theDuelist:StampingDestruction","theDuelist:Earthquake","theDuelist:MoltenDestruction","theDuelist:BerserkerSoul"],"picked":"theDuelist:VeilDarkness","floor":30},{"not_picked":["theDuelist:SliferSky","theDuelist:QueenDragunDjinn","theDuelist:LostWorld","theDuelist:BusterBladerDDS"],"picked":"theDuelist:ChimeratechOverdragon","floor":33},{"not_picked":["theDuelist:StampingDestruction+1","theDuelist:SuperStridentBlaze","theDuelist:EyeTimaeus+1"],"picked":"SKIP","floor":35},{"not_picked":["theDuelist:ArtifactIgnition","theDuelist:BlackPendant+1","theDuelist:PreventRat"],"picked":"SKIP","floor":36},{"not_picked":["theDuelist:DragonRavine+1","theDuelist:CastleDragonSouls","theDuelist:Berserking"],"picked":"SKIP","floor":39},{"not_picked":["theDuelist:MirageDragon","theDuelist:Beatraptor+1","theDuelist:TwinHeadedBehemoth+1"],"picked":"SKIP","floor":41},{"not_picked":["theDuelist:RainbowOverdragon","theDuelist:JamBreeding","theDuelist:GoldenApples+1"],"picked":"SKIP","floor":42},{"not_picked":["theDuelist:BlackTyranno+1","theDuelist:GravityLash+1"],"picked":"theDuelist:ArmageddonDragonEmp+1","floor":44},{"not_picked":["theDuelist:BlockGolem","theDuelist:LabyrinthWall","theDuelist:RainbowOverdragon"],"picked":"SKIP","floor":46}],"player_experience":59641,"relics_obtained":[{"floor":2,"key":"Replay:Rubber Ducky"},{"floor":7,"key":"Replay:Bandana"},{"floor":9,"key":"Strawberry"},{"floor":23,"key":"Regal Pillow"},{"floor":26,"key":"theDuelist:DuelistTeaSet"},{"floor":37,"key":"Another Sword"},{"floor":37,"key":"Replay:Kaleidoscope"},{"floor":37,"key":"Incense Burner"},{"floor":42,"key":"Replay:WaspNest"},{"floor":43,"key":"Replay:Baseball"},{"floor":44,"key":"Replay:Accelerometer"}],"event_choices":[{"damage_healed":0,"gold_gain":0,"player_choice":"Lose Max HP","damage_taken":0,"relics_obtained":["Golden Idol"],"max_hp_gain":0,"max_hp_loss":7,"event_name":"Golden Idol","floor":4,"gold_loss":0},{"damage_healed":0,"gold_gain":0,"player_choice":"Grow","damage_taken":0,"max_hp_gain":0,"max_hp_loss":0,"event_name":"Living Wall","floor":11,"gold_loss":0,"cards_upgraded":["theDuelist:DragonMirror"]},{"damage_healed":0,"gold_gain":75,"player_choice":"Gather Gold","damage_taken":11,"max_hp_gain":0,"max_hp_loss":0,"event_name":"World of Goop","floor":13,"gold_loss":0},{"power_reward":4,"total_magic_score":80,"gold_gain":0,"duelist":true,"damage_taken":45,"relics_obtained":[],"points":6,"max_hp_gain":20,"max_hp_loss":0,"spent_points":{"magic":0,"greed":0,"war":0,"power":4,"hunger":2},"event_name":"Nameless Tomb","hunger_reward":2,"floor":21,"gold_loss":0,"cards_obtained":["theDuelist:Nameless:Power:MaskedDragon"]},{"damage_healed":0,"gold_gain":0,"player_choice":"Read","damage_taken":0,"max_hp_gain":0,"max_hp_loss":0,"event_name":"The Library","floor":28,"gold_loss":0,"cards_obtained":["theDuelist:DragonCaptureJar"]},{"damage_healed":0,"gold_gain":0,"player_choice":"Obtain J.A.X.","damage_taken":0,"max_hp_gain":0,"max_hp_loss":0,"event_name":"Drug Dealer","floor":29,"gold_loss":0,"cards_obtained":["J.A.X."]},{"damage_healed":0,"gold_gain":0,"player_choice":"Fight","duelist":true,"damage_taken":0,"max_hp_gain":0,"max_hp_loss":0,"event_name":"Battle City","floor":37,"gold_loss":0},{"damage_healed":0,"gold_gain":0,"player_choice":"Bought 0 Potions","damage_taken":0,"max_hp_gain":0,"max_hp_loss":0,"event_name":"The Woman in Blue","floor":48,"gold_loss":0}],"is_beta":false,"boss_relics":[{"not_picked":["Snecko Scales","Empty Cage"],"picked":"Painkiller Herb"},{"not_picked":["Ring of Chaos","theDuelist:ElectricKey"],"picked":"Busted Crown"}],"items_purged_floors":[22,22,31,45],"is_endless":false,"potions_floor_spawned":[1,3,7,25,30,35,36,42,46],"ascension_level":0}}