{"host":"2qpilcmj89x3pncz","time":1610654425,"event":{"mods":["100% Spire Juice","2.2 Compatiblity","Act Like it!","Aspiration","BaseMod","Beaked The Cultist","BetterRewards","Colored Map","Colored Powertips","Conjunction","Conspire","Dota2Spire","Downfall","Faster Ascension Climbing","GifTheSpireLib","Grow up Mod","Halation","Hubris","Infinite Spire","Jedi Mod","Marisa????????","Mimic Mod","Minty Spire (QoL Compilation)","Pale of the Ancients","Poem Panic","Quick Restart","Shop Mod","Small Relic Pack","Spicy Shops","Spikes Relics","StSLib","Stuff the Spire","SuperFastMode","Synergy Search","The Servant 0.9.4","Wandering Minibosses","vexMod"],"gold_per_floor":[119,131,131,36,827,827,862,882,913,932,942,954,980,990,990,1067,1067,1080,820,872,872,709,740,763,804,831,831,831,831,849,592,592,671,671,693,717,717,733,733,733,755,796,866,895,767,675,694,718,718,732,764],"floor_reached":52,"language":"ENG","playtime":1995,"items_purged":["Strike_R","Strike_R","Strike_R","Strike_R"],"score":2928,"play_id":"5edf423a-b74c-425b-8f92-2a7c01af2f1b","local_time":"20210114200025","is_ascension_mode":true,"campfire_choices":[{"data":"Metallicize","floor":6,"key":"SMITH"},{"data":"Dual Wield","floor":15,"key":"SMITH"},{"data":"Enlightenment","floor":40,"key":"SMITH"},{"data":"Parasite","floor":49,"key":"SMITH"}],"circlet_count":0,"master_deck":["AscendersBane","Defend_R","Defend_R","Defend_R","Defend_R","Bash+1","Metallicize+1","Iron Wave","Twin Strike","Fire Breathing","Metallicize+1","Dual Wield+1","Invigoration","Barricade+1","Metallicize+1","Invigoration","hubris:Fate","Clumsy","Evolve+1","Pommel Strike","Armaments+1","Armaments+1","Inflame","Enlightenment+1","Demon Form","StuffTheSpire:Resist","StuffTheSpire:PlasmaPunch","StuffTheSpire:Incineration","StuffTheSpire:Slingshot+1"],"relics":["Burning Blood","Membership Card","StuffTheSpire:DarkSteelAnvil","Paper Frog","jedi:leech","wanderingMiniBosses:MasterThiefsPresence","FossilizedHelix","Dota2Spire:BattleFury","Potion Belt","beaked:SacredDeck","aspiration:ArtOfWarUpgrade","hexamod:BolsterEngine","Toolbox","Happy Flower","conspire:DeflatedDodgeball","halation:IllGainedPizza","Centennial Puzzle","StuffTheSpire:HeavyRock","vexMod:ImprovementManual","StoneCalendar","Thread and Needle","relicPack:SpireResearchBook","halation:PrussianBluePaint","SacredBark","halation:YellowSoulGem","jedi:purplefairy","Darkstone Periapt","hubris:BundleOfHerbs","infinitespire:Eraser"],"acts_visited":["Exordium","TheCity","TheBeyond"],"potions_floor_usage":[2,8,13,50],"damage_taken":[{"damage":4,"enemies":"Small Slimes","floor":1,"turns":4},{"damage":15,"enemies":"infinitespire:Voidling","floor":2,"turns":4},{"damage":9,"enemies":"Cultist","floor":5,"turns":5},{"damage":26,"enemies":"Gremlin Nob","floor":7,"turns":5},{"damage":3,"enemies":"Gremlin Gang","floor":8,"turns":5},{"damage":29,"enemies":"Lots of Slimes","floor":9,"turns":16},{"damage":6,"enemies":"Lots of Slimes","floor":10,"turns":3},{"damage":9,"enemies":"conspire:2 RoseBushes","floor":11,"turns":9},{"damage":12,"enemies":"Gremlin Gang","floor":12,"turns":3},{"damage":20,"enemies":"3 Sentries","floor":13,"turns":5},{"damage":2,"enemies":"Looter","floor":14,"turns":4},{"damage":9,"enemies":"Slime Boss","floor":16,"turns":14},{"damage":36,"enemies":"Spheric Guardian","floor":18,"turns":14},{"damage":33,"enemies":"Slavers","floor":23,"turns":6},{"damage":0,"enemies":"Shell Parasite","floor":24,"turns":5},{"damage":0,"enemies":"conspire:Head Lice","floor":25,"turns":11},{"damage":0,"enemies":"Snecko","floor":30,"turns":3},{"damage":17,"enemies":"hubris:MusketHawk","floor":33,"turns":5},{"damage":0,"enemies":"Orb Walker","floor":35,"turns":3},{"damage":0,"enemies":"3 Darklings","floor":36,"turns":3},{"damage":0,"enemies":"Spire Growth","floor":38,"turns":3},{"damage":98,"enemies":"Transient","floor":41,"turns":6},{"damage":0,"enemies":"Nemesis","floor":42,"turns":5},{"damage":0,"enemies":"Giant Head","floor":44,"turns":7},{"damage":8,"enemies":"Jaw Worm Horde","floor":47,"turns":7},{"damage":9,"enemies":"Writhing Mass","floor":48,"turns":7},{"damage":0,"enemies":"hubris:GrandSnecko","floor":50,"turns":8},{"damage":24,"enemies":"infinitespire:MassOfShapes","floor":51,"turns":11}],"seed_played":"8706768177169419238","potions_obtained":[{"floor":1,"key":"SteroidPotion"},{"floor":7,"key":"jedi:StrikingPotion"},{"floor":10,"key":"Block Potion"},{"floor":16,"key":"AttackPotion"},{"floor":21,"key":"conspire:TimeTravelPotion"},{"floor":21,"key":"jedi:mysterypotion"},{"floor":23,"key":"SpeedPotion"},{"floor":33,"key":"SneckoOil"},{"floor":44,"key":"HeartOfIron"},{"floor":47,"key":"Conjunction:LightningMarble"}],"is_trial":false,"path_per_floor":["M","M","?","$","M","R","E","M","MIM","M","M","M","E","M","R","B",null,"M","$","T","?","$","E","M","E","T","?","R","AVR","M","$","R","B",null,"M","M","?","M","?","R","M","E","T","E","$","?","M","M","R","B","B",null],"character_chosen":"IRONCLAD","items_purchased":["Membership Card","StuffTheSpire:DarkSteelAnvil","Metallicize","Paper Frog","Iron Wave","jedi:leech","Twin Strike","Metallicize","Art of War","hexamod:BolsterEngine","Toolbox","Evolve","conspire:DeflatedDodgeball","Inflame","Thread and Needle","relicPack:SpireResearchBook","halation:PrussianBluePaint","Enlightenment","StuffTheSpire:PlasmaPunch"],"campfire_rested":0,"item_purchase_floors":[0,0,0,0,0,0,0,4,19,19,19,22,22,31,31,31,31,31,45],"current_hp_per_floor":[90,91,96,106,113,123,113,126,113,123,130,134,130,144,154,161,234,214,224,234,244,254,237,253,269,279,355,365,375,385,395,405,404,422,435,445,455,465,475,485,403,419,429,445,455,465,473,486,583,593,585],"gold":764,"neow_bonus":"","is_daily":false,"chose_seed":false,"campfire_upgraded":4,"win_rate":0.0,"timestamp":1610654425,"path_taken":["M","M","?","$","M","R","E","?","MIM","M","?","?","E","M","R","BOSS","M","$","?","?","$","E","?","E","T","?","R","AVR","?","?","R","BOSS","M","M","?","M","?","R","?","E","T","E","$","?","?","M","R","BOSS","BOSS"],"items_purchased_type":["Relic","Relic","Card","Relic","Card","Relic","Card","Card","Relic","Relic","Relic","Card","Relic","Card","Relic","Relic","Relic","Card","Card"],"build_version":"2020-12-22","purchased_purges":4,"victory":true,"max_hp_per_floor":[95,105,115,125,135,145,155,165,175,185,195,205,215,225,235,245,255,265,275,285,295,305,315,325,335,345,355,365,375,385,395,405,415,425,435,445,455,465,475,485,495,505,515,525,535,545,555,571,583,593,603],"card_choices":[{"not_picked":["StuffTheSpire:Slingshot","Perfected Strike"],"picked":"Fire Breathing","floor":1},{"not_picked":["True Grit","Body Slam","Flex"],"picked":"SKIP","floor":2},{"not_picked":["Bloodletting","Shrug It Off","Clash"],"picked":"SKIP","floor":5},{"not_picked":["Clothesline","Exhume"],"picked":"Dual Wield","floor":7},{"not_picked":["Sword Boomerang","Havoc","True Grit"],"picked":"SKIP","floor":8},{"not_picked":["Wild Strike","Heavy Blade","Rage"],"picked":"SKIP","floor":10},{"not_picked":["Havoc","Iron Wave"],"picked":"Invigoration","floor":11},{"not_picked":["Dual Wield","Warcry"],"picked":"Barricade","floor":12},{"not_picked":["StuffTheSpire:RockThrow","Rupture"],"picked":"Metallicize","floor":13},{"not_picked":["StuffTheSpire:Incineration","Pommel Strike"],"picked":"Invigoration","floor":14},{"not_picked":["Hemokinesis","Clothesline","True Grit"],"picked":"SKIP","floor":18},{"not_picked":["Seeing Red","Wild Strike"],"picked":"Pommel Strike","floor":23},{"not_picked":["StuffTheSpire:Incineration+1","Clothesline"],"picked":"Armaments","floor":24},{"not_picked":["Thunderclap","Carnage","jedi:suffering"],"picked":"SKIP","floor":25},{"not_picked":["Cleave","Bludgeon"],"picked":"Armaments+1","floor":30},{"not_picked":["conspire:HitWhereItHurts","conspire:Purge"],"picked":"Demon Form","floor":33},{"not_picked":["Blood for Blood","Flame Barrier+1","Pummel"],"picked":"SKIP","floor":35},{"not_picked":["Ghostly Armor","Clash","Combust+1"],"picked":"SKIP","floor":36},{"not_picked":["jedi:fear","Flex","Anger"],"picked":"SKIP","floor":38},{"not_picked":["BarbarianYell","Sentinel"],"picked":"StuffTheSpire:Resist","floor":41},{"not_picked":["Double Tap","Dropkick","Fire Breathing"],"picked":"SKIP","floor":42},{"not_picked":["Pommel Strike","Uppercut+1","hubris:SharpeningStone"],"picked":"SKIP","floor":44},{"not_picked":["Body Slam+1","Pommel Strike"],"picked":"StuffTheSpire:Incineration","floor":47},{"not_picked":["Cleave","Thunderclap"],"picked":"StuffTheSpire:Slingshot+1","floor":48}],"player_experience":282705,"relics_obtained":[{"floor":5,"key":"wanderingMiniBosses:MasterThiefsPresence"},{"floor":7,"key":"FossilizedHelix"},{"floor":9,"key":"Dota2Spire:BattleFury"},{"floor":13,"key":"Potion Belt"},{"floor":20,"key":"Happy Flower"},{"floor":23,"key":"halation:IllGainedPizza"},{"floor":25,"key":"Centennial Puzzle"},{"floor":26,"key":"StuffTheSpire:HeavyRock"},{"floor":42,"key":"jedi:purplefairy"},{"floor":43,"key":"Darkstone Periapt"},{"floor":44,"key":"hubris:BundleOfHerbs"}],"event_choices":[{"damage_healed":0,"gold_gain":0,"player_choice":"Bought 0 Potions","damage_taken":0,"max_hp_gain":0,"max_hp_loss":0,"event_name":"The Woman in Blue","floor":3,"gold_loss":0},{"damage_healed":0,"gold_gain":0,"player_choice":"Got Potions","damage_taken":0,"max_hp_gain":0,"max_hp_loss":0,"event_name":"Lab","floor":21,"gold_loss":0},{"damage_healed":66,"gold_gain":0,"player_choice":"Full Heal","damage_taken":0,"max_hp_gain":0,"max_hp_loss":0,"event_name":"Wheel of Change","floor":27,"gold_loss":0},{"cards_removed":["Strike_R"],"damage_healed":0,"gold_gain":0,"player_choice":"Card Removal","damage_taken":0,"max_hp_gain":0,"max_hp_loss":0,"event_name":"Wheel of Change","floor":39,"gold_loss":0},{"damage_healed":0,"gold_gain":0,"player_choice":"Paid Gold","damage_taken":0,"relics_obtained":["infinitespire:Eraser"],"max_hp_gain":0,"max_hp_loss":0,"event_name":"WeMeetAgain","floor":46,"gold_loss":92}],"is_beta":false,"boss_relics":[{"not_picked":["Mark of Pain","Coffee Dripper"],"picked":"beaked:SacredDeck"},{"not_picked":["vexMod:EndlessSickness","vexMod:BigBerry"],"picked":"SacredBark"}],"items_purged_floors":[0,4,19,45],"is_endless":false,"potions_floor_spawned":[1,7,10,12,16,23,33,35,44,47,48],"ascension_level":20}}