{"host":"cwd5s03r1oaxs6mx","time":1610635961,"event":{"mods":["Act Like it!","BaseMod","Better Third Choice","BetterRewards","CapriCore","Card Filter","Colored Map","Custom Start","DeckTracker","Friendly Minions","Hubris","Infinite Spire","Marisa£¨Ùöéë¡¡Øª×âÞÞ£©","Minty Spire (QoL Compilation)","Quick Restart","Relic Stats","Shop Mod","Spicy Shops","StSLib","SuperFastMode"],"gold_per_floor":[114,129,2,13,29,54,54,54,79,179,179,210,225,0,0,99,99,116,136,136,152,162,187,187,25,25,25,25,25,52,64,64,164,164,183,183,203,203,214,214,243,243,243,243,143,175,175,188,188,188,188,188,10,37,37],"floor_reached":56,"language":"KOR","playtime":1314,"items_purged":["Strike_MRS","MagicChant","Strike_MRS","Strike_MRS","Decay"],"score":2203,"play_id":"5757ae97-088d-4e17-9fc3-fae5d1cc60a9","local_time":"20210114235241","is_ascension_mode":true,"campfire_choices":[{"data":"CollectingQuirk","floor":7.0,"key":"SMITH"},{"floor":11.0,"key":"REST"},{"data":"MasterSpark","floor":15.0,"key":"SMITH"},{"data":"SporeBomb","floor":24.0,"key":"SMITH"},{"data":"MillisecondPulsars","floor":27.0,"key":"SMITH"},{"floor":29.0,"key":"RECALL"},{"data":"EnergyFlow","floor":32.0,"key":"SMITH"},{"data":"UpSweep","floor":40.0,"key":"SMITH"},{"data":"Madness","floor":49.0,"key":"SMITH"},{"data":"Madness","floor":52.0,"key":"SMITH"}],"circlet_count":0,"master_deck":["Strike_MRS","Defend_MRS","Defend_MRS","Defend_MRS","Defend_MRS","MasterSpark+1","CollectingQuirk+1","SporeBomb+1","EnergyFlow+1","Parasite","Parasite","CollectingQuirk+1","MillisecondPulsars+1","MagicAbsorber","MilkyWay+1","TreasureHunter+1","Madness+1","Madness+1","AsteroidBelt"],"relics":["MiniHakkero","Membership Card","Lantern","Medical Kit","Bottled Flame","hubris:MysteriousPyramids","The Courier","hubris:Towel","ShroomBag","Pantograph","DollysMirror","hubris:OldNail","hubris:Reverence","Turnip","SlaversCollar","Incense Burner","infinitespire:EmpoweringShard","hubris:TenFootPole","Vajra","hubris:BottledHeart","Pen Nib","Black Star","hubris:CrystalStatue","Mango","Juzu Bracelet","hubris:Icosahedron","Frozen Eye","Bag of Preparation","infinitespire:FocusingShard","Centennial Puzzle","infinitespire:PuzzleCube","Art of War","BreadOfAWashokuLover","Akabeko","hubris:DeckOfHolding"],"acts_visited":["Exordium","TheCity","TheBeyond","TheEnding"],"potions_floor_usage":[],"damage_taken":[{"damage":7.0,"enemies":"2 Louse","floor":1.0,"turns":2.0},{"damage":1.0,"enemies":"Cultist","floor":2.0,"turns":3.0},{"damage":0.0,"enemies":"Small Slimes","floor":4.0,"turns":3.0},{"damage":15.0,"enemies":"2 Fungi Beasts","floor":5.0,"turns":3.0},{"damage":23.0,"enemies":"Gremlin Nob","floor":6.0,"turns":4.0},{"damage":23.0,"enemies":"3 Sentries","floor":12.0,"turns":7.0},{"damage":0.0,"enemies":"Red Slaver","floor":13.0,"turns":1.0},{"damage":0.0,"enemies":"Slime Boss","floor":16.0,"turns":3.0},{"damage":11.0,"enemies":"Spheric Guardian","floor":18.0,"turns":3.0},{"damage":12.0,"enemies":"Chosen","floor":19.0,"turns":2.0},{"damage":6.0,"enemies":"Sentry and Sphere","floor":21.0,"turns":3.0},{"damage":20.0,"enemies":"Chosen and Byrds","floor":22.0,"turns":5.0},{"damage":0.0,"enemies":"Gremlin Leader","floor":23.0,"turns":2.0},{"damage":0.0,"enemies":"Slavers","floor":30.0,"turns":2.0},{"damage":0.0,"enemies":"Centurion and Healer","floor":31.0,"turns":2.0},{"damage":0.0,"enemies":"Collector","floor":33.0,"turns":4.0},{"damage":0.0,"enemies":"3 Darklings","floor":35.0,"turns":2.0},{"damage":0.0,"enemies":"Orb Walker","floor":37.0,"turns":3.0},{"damage":0.0,"enemies":"Spire Growth","floor":39.0,"turns":3.0},{"damage":0.0,"enemies":"Reptomancer","floor":41.0,"turns":2.0},{"damage":0.0,"enemies":"Nemesis","floor":46.0,"turns":1.0},{"damage":0.0,"enemies":"Maw","floor":48.0,"turns":1.0},{"damage":0.0,"enemies":"Time Eater","floor":50.0,"turns":3.0},{"damage":0.0,"enemies":"Shield and Spear","floor":54.0,"turns":1.0},{"damage":0,"enemies":"The Heart","floor":55,"turns":4}],"seed_played":"-7365188120619318472","potions_obtained":[{"floor":5.0,"key":"ColorlessPotion"},{"floor":6.0,"key":"SteroidPotion"},{"floor":13.0,"key":"Weak Potion"},{"floor":23.0,"key":"Weak Potion"},{"floor":30.0,"key":"Regen Potion"},{"floor":31.0,"key":"DuplicationPotion"},{"floor":35.0,"key":"Fire Potion"},{"floor":37.0,"key":"Fruit Juice"}],"is_trial":false,"path_per_floor":["M","M","$","M","M","E","R","?","T","?","R","E","M","$","R","B",null,"M","M","AVR","M","M","E","R","$","T","R","?","R","E","M","R","B",null,"M","?","M","?","M","R","E","?","T","AVR","NS","E","?","M","R","B",null,"R","$","E","B",null],"character_chosen":"MARISA","items_purchased":["Membership Card","CollectingQuirk","Lantern","SporeBomb","EnergyFlow","Medical Kit","Bottled Flame","Fruit Juice","hubris:MysteriousPyramids","DollysMirror","hubris:OldNail","hubris:Reverence","Turnip","hubris:TenFootPole","Centennial Puzzle","infinitespire:PuzzleCube","Art of War"],"campfire_rested":1,"item_purchase_floors":[0,0,0,0,0,0,0,0,3,14,14,14,14,25,53,53,53],"current_hp_per_floor":[66,65,65,65,50,27,27,27,27,27,51,32,34,34,34,63,76,69,57,57,55,39,41,41,41,41,41,1,1,1,1,1,1,1,1,1,1,1,1,1,1,1,1,1,1,1,1,1,1,1,1,1,1,1,1],"gold":37,"neow_bonus":"","is_daily":false,"chose_seed":false,"campfire_upgraded":8,"win_rate":0.0,"timestamp":1610635961,"path_taken":["M","M","$","M","M","E","R","?","T","?","R","E","M","$","R","BOSS","M","M","AVR","M","M","E","R","$","T","R","?","R","E","M","R","BOSS","M","?","?","?","M","R","E","?","T","AVR","NS","E","?","M","R","BOSS","R","$","E","BOSS"],"items_purchased_type":["Relic","Card","Relic","Card","Card","Relic","Relic","Potion","Relic","Relic","Relic","Relic","Relic","Relic","Relic","Relic","Relic"],"build_version":"2020-12-22","purchased_purges":5,"victory":true,"max_hp_per_floor":[80,80,80,80,80,80,80,80,80,80,80,80,80,80,80,80,80,80,80,80,80,80,80,80,80,80,80,1,1,1,1,1,1,1,1,1,1,1,1,1,1,1,1,1,1,1,1,1,1,1,1,1,1,1,1],"relic_stats":{"Centennial Puzzle":[0],"counters":[25,69],"Pantograph":25,"Turnip":[19],"Pen Nib":[3],"Black Star":3,"Juzu Bracelet":1,"Bag of Preparation":[9],"Art of War":[1],"Medical Kit":[6],"obtain_stats":[{"Lantern":0,"hubris:CrystalStatue":41,"Vajra":26,"Mango":41,"Incense Burner":20,"Juzu Bracelet":41,"Bag of Preparation":46,"hubris:MysteriousPyramids":3,"Frozen Eye":44,"Centennial Puzzle":53,"hubris:Icosahedron":42,"DollysMirror":14,"Pantograph":12,"hubris:DeckOfHolding":54,"BreadOfAWashokuLover":54,"The Courier":6,"Pen Nib":30,"infinitespire:FocusingShard":46,"hubris:Towel":8,"Medical Kit":0,"Akabeko":54,"ShroomBag":9,"SlaversCollar":17,"Bottled Flame":0,"hubris:BottledHeart":28,"Turnip":14,"infinitespire:EmpoweringShard":23,"hubris:TenFootPole":25,"Black Star":34,"Art of War":53,"MiniHakkero":0,"Membership Card":0,"hubris:OldNail":14,"infinitespire:PuzzleCube":53,"hubris:Reverence":14},{"Lantern":0,"hubris:CrystalStatue":20,"Vajra":13,"Mango":20,"Incense Burner":10,"Juzu Bracelet":20,"Bag of Preparation":21,"hubris:MysteriousPyramids":2,"Frozen Eye":20,"Centennial Puzzle":23,"hubris:Icosahedron":20,"DollysMirror":7,"Pantograph":6,"hubris:DeckOfHolding":24,"BreadOfAWashokuLover":24,"The Courier":5,"Pen Nib":14,"infinitespire:FocusingShard":21,"hubris:Towel":5,"Medical Kit":0,"Akabeko":24,"ShroomBag":5,"SlaversCollar":8,"Bottled Flame":0,"hubris:BottledHeart":13,"Turnip":7,"infinitespire:EmpoweringShard":13,"hubris:TenFootPole":13,"Black Star":16,"Art of War":23,"MiniHakkero":0,"Membership Card":0,"hubris:OldNail":7,"infinitespire:PuzzleCube":23,"hubris:Reverence":7},{"Lantern":0,"hubris:CrystalStatue":59,"Vajra":41,"Mango":59,"Incense Burner":31,"Juzu Bracelet":59,"Bag of Preparation":60,"hubris:MysteriousPyramids":5,"Frozen Eye":59,"Centennial Puzzle":64,"hubris:Icosahedron":59,"DollysMirror":23,"Pantograph":22,"hubris:DeckOfHolding":65,"BreadOfAWashokuLover":65,"The Courier":15,"Pen Nib":43,"infinitespire:FocusingShard":60,"hubris:Towel":15,"Medical Kit":0,"Akabeko":65,"ShroomBag":15,"SlaversCollar":26,"Bottled Flame":0,"hubris:BottledHeart":41,"Turnip":23,"infinitespire:EmpoweringShard":41,"hubris:TenFootPole":41,"Black Star":49,"Art of War":64,"MiniHakkero":0,"Membership Card":0,"hubris:OldNail":23,"infinitespire:PuzzleCube":64,"hubris:Reverence":23}]},"card_choices":[{"not_picked":["LuminesStrike","6A","GrandCross"],"picked":"SKIP","floor":1.0},{"not_picked":["MilkyWay","MysteriousBeam","SuperPerseids"],"picked":"SKIP","floor":2.0},{"not_picked":["GalacticHalo","Acceleration"],"picked":"MagicChant","floor":4.0},{"not_picked":["GrandCross","SuperPerseids","EnergyRecoil"],"picked":"SKIP","floor":5.0},{"not_picked":["RefractionSpark","AsteroidBelt","PulseMagic"],"picked":"SKIP","floor":6.0},{"not_picked":["NonDirectionalLaser","MagicAbsorber","ChargeUpSpray"],"picked":"SKIP","floor":12.0},{"not_picked":["GravityBeat","LuminesStrike","DoubleSpark"],"picked":"SKIP","floor":13.0},{"not_picked":["CasketOfStar","FinalSpark"],"picked":"MillisecondPulsars","floor":16.0},{"not_picked":["OortCloud","DoubleSpark","WitchOfGreed"],"picked":"SKIP","floor":18.0},{"not_picked":["ManaConvection","IllusionStar","6A"],"picked":"SKIP","floor":19.0},{"not_picked":["ShootingEcho+1","Occultation"],"picked":"MagicAbsorber","floor":21.0},{"not_picked":["MilkyWay","RefractionSpark+1"],"picked":"MagicAbsorber+1","floor":22.0},{"not_picked":["SporeBomb","ShootingEcho+1","6A"],"picked":"SKIP","floor":23.0},{"not_picked":["SporeBomb","ShootingEcho+1","6A"],"picked":"SKIP","floor":23.0},{"not_picked":["MachineGunSpark","NonDirectionalLaser"],"picked":"MilkyWay+1","floor":30.0},{"not_picked":["Orbital+1","IllusionStar","NonDirectionalLaser+1"],"picked":"SKIP","floor":31.0},{"not_picked":["BinaryStars","StarDustReverie"],"picked":"TreasureHunter","floor":33.0},{"not_picked":["MilkyWay+1","UnstableBomb+1","Occultation+1"],"picked":"SKIP","floor":35.0},{"not_picked":["PowerUp+1","DarkSpark+1","JA"],"picked":"SKIP","floor":37.0},{"not_picked":["DarkSpark+1","RefractionSpark+1","IllusionStar"],"picked":"SKIP","floor":39.0},{"not_picked":["MysteriousBeam+1","PowerUp+1","ShootingEcho+1"],"picked":"SKIP","floor":41.0},{"not_picked":["MysteriousBeam+1","PowerUp+1","ShootingEcho+1"],"picked":"SKIP","floor":41.0},{"not_picked":["StarBarrage+1","Occultation+1","StarlightTyphoon"],"picked":"SKIP","floor":46.0},{"not_picked":["MachineGunSpark","PulseMagic+1","MagicChant"],"picked":"SKIP","floor":48.0},{"not_picked":["GalacticHalo","GrandCross+1","AsteroidBelt"],"picked":"SKIP","floor":54.0},{"not_picked":["GalacticHalo","GrandCross+1"],"picked":"AsteroidBelt","floor":54.0}],"player_experience":1035511,"relics_obtained":[{"floor":6.0,"key":"The Courier"},{"floor":9.0,"key":"ShroomBag"},{"floor":12.0,"key":"Pantograph"},{"floor":23.0,"key":"infinitespire:EmpoweringShard"},{"floor":26.0,"key":"Vajra"},{"floor":30.0,"key":"Pen Nib"},{"floor":41.0,"key":"hubris:CrystalStatue"},{"floor":41.0,"key":"Mango"},{"floor":41.0,"key":"Juzu Bracelet"},{"floor":46.0,"key":"Bag of Preparation"},{"floor":46.0,"key":"infinitespire:FocusingShard"},{"floor":54.0,"key":"BreadOfAWashokuLover"},{"floor":54.0,"key":"Akabeko"},{"floor":54.0,"key":"hubris:DeckOfHolding"}],"event_choices":[{"damage_healed":0.0,"max_hp_gain":0.0,"max_hp_loss":0.0,"gold_gain":100.0,"event_name":"Wheel of Change","player_choice":"Gold","floor":10.0,"gold_loss":0.0,"damage_taken":0.0},{"damage_healed":0.0,"max_hp_gain":0.0,"max_hp_loss":0.0,"gold_gain":0.0,"event_name":"Wheel of Change","player_choice":"Cursed","floor":36.0,"gold_loss":0.0,"damage_taken":0.0,"cards_obtained":["Decay"]},{"damage_healed":0.0,"max_hp_gain":0.0,"max_hp_loss":0.0,"gold_gain":0.0,"event_name":"Accursed Blacksmith","player_choice":"Forge","floor":38.0,"gold_loss":0.0,"damage_taken":0.0,"cards_upgraded":["TreasureHunter"]},{"damage_healed":0.0,"max_hp_gain":0.0,"max_hp_loss":0.0,"gold_gain":0.0,"event_name":"Winding Halls","player_choice":"Embrace Madness","floor":47.0,"gold_loss":0.0,"damage_taken":0.0,"cards_obtained":["Madness","Madness"]}],"is_beta":false,"boss_relics":[{"not_picked":["Philosopher\u0027s Stone","ExperimentalFamiliar"],"picked":"SlaversCollar"},{"not_picked":["Velvet Choker","hubris:HollowSoul"],"picked":"Black Star"}],"items_purged_floors":[0,20,25,25,44],"is_endless":false,"potions_floor_spawned":[5,6,13,19,23,30,31,35,37],"ascension_level":9}}