{"host":"p9t7qd83igtcp2bh","time":1610608340,"event":{"mods":["2.2 Compatiblity","AchievementEnabler","BaseMod","Colored Map","Colored Powertips","Custom Start","DeckTracker","Keyboard Shortcuts","Minty Spire (QoL Compilation)","Permanent Neow","StSLib","SuperFastMode","everything is the same but u backflip on backflip"],"gold_per_floor":[113,113,131,147,147,147,160,6,30,57,57,76,76,76,76,76,76],"floor_reached":16,"language":"KOR","playtime":297,"items_purged":[],"score":195,"play_id":"8f00d435-b4f5-4584-940f-264c00744e52","local_time":"20210114161220","is_ascension_mode":true,"campfire_choices":[{"data":"Rebound","floor":6,"key":"SMITH"},{"data":"Ball Lightning","floor":11,"key":"SMITH"},{"floor":13,"key":"REST"},{"data":"Gash","floor":15,"key":"SMITH"}],"circlet_count":0,"master_deck":["AscendersBane","Strike_B","Strike_B","Strike_B","Strike_B","Defend_B","Defend_B","Defend_B","Defend_B","Zap","Dualcast","Rebound+1","Cold Snap","Compile Driver","Gash+1","Gash","Finesse","Ball Lightning+1","Hyperbeam+1"],"relics":["Cracked Core","Akabeko","Gremlin Horn","Art of War","Toy Ornithopter","Bronze Scales"],"acts_visited":["Exordium"],"potions_floor_usage":[10,16],"damage_taken":[{"damage":4,"enemies":"Jaw Worm","floor":1,"turns":3},{"damage":0,"enemies":"2 Louse","floor":3,"turns":2},{"damage":0,"enemies":"Cultist","floor":4,"turns":3},{"damage":4,"enemies":"2 Fungi Beasts","floor":7,"turns":2},{"damage":24,"enemies":"3 Sentries","floor":10,"turns":6},{"damage":10,"enemies":"Exordium Wildlife","floor":12,"turns":2},{"damage":38,"enemies":"Hexaghost","floor":16,"turns":8}],"seed_played":"-5330437273120233163","potions_obtained":[{"floor":1,"key":"SkillPotion"},{"floor":7,"key":"SkillPotion"},{"floor":12,"key":"AttackPotion"}],"is_trial":false,"path_per_floor":["M","?","M","M","T","R","M","$","T","E","R","M","R","?","R","B"],"character_chosen":"DEFECT","items_purchased":["Gash","Finesse"],"campfire_rested":1,"item_purchase_floors":[8,8],"current_hp_per_floor":[60,42,42,42,42,42,38,38,38,19,19,9,30,30,30,0,0],"gold":76,"neow_bonus":"RANDOM_COMMON_RELIC","is_daily":false,"chose_seed":false,"campfire_upgraded":3,"win_rate":0.0,"timestamp":1610608340,"path_taken":["M","?","M","M","?","R","M","$","T","E","R","M","R","?","R","BOSS"],"items_purchased_type":["Card","Card"],"build_version":"2020-12-22","purchased_purges":0,"victory":false,"max_hp_per_floor":[71,71,71,71,71,71,71,71,71,71,71,71,71,71,71,71,71],"card_choices":[{"not_picked":["Chaos","Turbo"],"picked":"Rebound","floor":1},{"not_picked":["Compile Driver","Steam"],"picked":"Cold Snap","floor":3},{"not_picked":["Steam","Reprogram"],"picked":"Compile Driver","floor":4},{"not_picked":["Hologram","Compile Driver"],"picked":"Gash","floor":7},{"not_picked":["Double Energy","Loop"],"picked":"Ball Lightning","floor":10},{"not_picked":["Hologram","Auto Shields"],"picked":"Hyperbeam","floor":12}],"player_experience":638150,"relics_obtained":[{"floor":5,"key":"Art of War"},{"floor":9,"key":"Toy Ornithopter"},{"floor":10,"key":"Bronze Scales"}],"event_choices":[{"damage_healed":0,"gold_gain":0,"player_choice":"Success","damage_taken":18,"relics_obtained":["Gremlin Horn"],"max_hp_gain":0,"max_hp_loss":0,"event_name":"Scrap Ooze","floor":2,"gold_loss":0},{"damage_healed":0,"gold_gain":0,"player_choice":"Grow","damage_taken":0,"max_hp_gain":0,"max_hp_loss":0,"event_name":"Living Wall","floor":14,"gold_loss":0,"cards_upgraded":["Hyperbeam"]}],"is_beta":false,"boss_relics":[],"items_purged_floors":[],"is_endless":false,"potions_floor_spawned":[1,7,12],"killed_by":"Hexaghost","ascension_level":19}}