{"host":"j9ki0s1dicmcfq9y","time":1610621344,"event":{"mods":["BaseMod","Minty Spire (QoL Compilation)","Prisma Mod","StSLib"],"gold_per_floor":[110,185,185,197,197,197,217,217,265,19,34,34,48,62,62,160,160,175,175,175,31,31,31,59,73,73,88,88,100,110,126,126,230,230,247,247,266,49,49,77,89,89,89,124,134,145,177,189,189,189,189,189,77,103,103],"floor_reached":56,"language":"ENG","playtime":6328,"items_purged":[],"score":1326,"play_id":"251b9f45-a7a6-433b-b387-23a2b318a703","local_time":"20210114054904","is_ascension_mode":false,"campfire_choices":[{"data":"PrismaMod:MiyuUncommonDexBuff","floor":6,"key":"SMITH"},{"data":"PrismaMod:MiyuUncommonDexBuff","floor":8,"key":"SMITH"},{"data":"PrismaMod:MiyuCarnivalAttack","floor":15,"key":"SMITH"},{"data":"PrismaMod:MiyuUncommonPlate","floor":23,"key":"SMITH"},{"data":"PrismaMod:MiyuCheapChannelDefend","floor":28,"key":"SMITH"},{"floor":32,"key":"RECALL"},{"floor":42,"key":"REST"},{"data":"PrismaMod:MiyuUncommonStrBuff","floor":49,"key":"SMITH"},{"data":"PrismaMod:MiyuCommonAOEAttack","floor":52,"key":"SMITH"}],"circlet_count":0,"master_deck":["PrismaMod:MiyuCommonDefend","PrismaMod:MiyuCommonDefend+1","PrismaMod:MiyuCommonDefend+1","PrismaMod:MiyuCommonDefend","PrismaMod:MiyuCommonDefend","PrismaMod:MiyuCommonAttack+1","PrismaMod:MiyuCommonAttack+1","PrismaMod:MiyuCheapChannelDefend+1","PrismaMod:MiyuUncommonDexBuff+1","PrismaMod:MiyuUncommonDexBuff+1","PrismaMod:MiyuCarnivalAttack+1","PrismaMod:MiyuUncommonPlate+1","PrismaMod:MiyuUberAttack+1","PrismaMod:MiyuCommonAOEAttack+1","PrismaMod:MiyuUberAOEAttack+1","PrismaMod:MiyuUncommonAttack+1","PrismaMod:MiyuUncommonStrBuff+1","PrismaMod:MiyuCommonAOEAttack+1","PrismaMod:MiyuCheapDefend2+1","PrismaMod:MiyuOrbIncreasePerm+1","PrismaMod:MiyuEvokeCheapDefend+1","PrismaMod:MiyuUncommonAttack+1","PrismaMod:MiyuUncommonDefend+1","PrismaMod:MiyuUncommonPlate+1","PrismaMod:MiyuChristmas+1","PrismaMod:MiyuCheapChannelAttack+1","PrismaMod:MiyuCheapPlate+1","PrismaMod:MiyuUncommonDefend+1","PrismaMod:MiyuCheapPlate+1"],"relics":["PrismaMod:PrismaSapphire","Strawberry","Sling","SlaversCollar","Nilry\u0027s Codex","Omamori","Toxic Egg 2","Singing Bowl","Toy Ornithopter","Astrolabe","Whetstone","Frozen Egg 2","Nunchaku","InkBottle","War Paint","Anchor"],"acts_visited":["Exordium","TheCity","TheBeyond","TheEnding"],"potions_floor_usage":[18,18,24,37,37,41,54,55,55],"damage_taken":[{"damage":3,"enemies":"Small Slimes","floor":1,"turns":5},{"damage":0,"enemies":"Jaw Worm","floor":4,"turns":5},{"damage":0,"enemies":"Cultist","floor":7,"turns":4},{"damage":0,"enemies":"3 Louse","floor":11,"turns":5},{"damage":0,"enemies":"Exordium Thugs","floor":13,"turns":5},{"damage":0,"enemies":"Large Slime","floor":14,"turns":4},{"damage":0,"enemies":"The Guardian","floor":16,"turns":13},{"damage":5,"enemies":"2 Thieves","floor":18,"turns":4},{"damage":0,"enemies":"Book of Stabbing","floor":24,"turns":6},{"damage":2,"enemies":"Chosen","floor":25,"turns":4},{"damage":0,"enemies":"3 Cultists","floor":27,"turns":6},{"damage":20,"enemies":"Centurion and Healer","floor":29,"turns":7},{"damage":6,"enemies":"Chosen and Byrds","floor":30,"turns":5},{"damage":1,"enemies":"Snake Plant","floor":31,"turns":5},{"damage":24,"enemies":"Collector","floor":33,"turns":14},{"damage":0,"enemies":"3 Shapes","floor":35,"turns":3},{"damage":56,"enemies":"3 Darklings","floor":37,"turns":5},{"damage":15,"enemies":"Reptomancer","floor":40,"turns":8},{"damage":8,"enemies":"4 Shapes","floor":41,"turns":7},{"damage":0,"enemies":"Giant Head","floor":44,"turns":11},{"damage":17,"enemies":"Sphere and 2 Shapes","floor":45,"turns":12},{"damage":8,"enemies":"Spire Growth","floor":46,"turns":10},{"damage":8,"enemies":"Nemesis","floor":47,"turns":9},{"damage":0,"enemies":"Maw","floor":48,"turns":12},{"damage":29,"enemies":"Awakened One","floor":50,"turns":12},{"damage":42,"enemies":"Shield and Spear","floor":54,"turns":8},{"damage":64,"enemies":"The Heart","floor":55,"turns":12}],"seed_played":"-3073767366227878468","potions_obtained":[{"floor":7,"key":"GamblersBrew"},{"floor":13,"key":"Explosive Potion"},{"floor":14,"key":"GamblersBrew"},{"floor":24,"key":"LiquidMemories"},{"floor":27,"key":"AttackPotion"},{"floor":30,"key":"SpeedPotion"},{"floor":40,"key":"SteroidPotion"},{"floor":44,"key":"Block Potion"},{"floor":46,"key":"SteroidPotion"},{"floor":48,"key":"Energy Potion"},{"floor":54,"key":"Dexterity Potion"}],"is_trial":false,"path_per_floor":["M","?","?","M","?","R","M","R","T","$","M","?","M","M","R","B",null,"M","?","?","$","?","R","E","M","T","M","R","M","M","M","R","B",null,"M","?","M","$","?","E","M","R","T","E","M","M","E","M","R","B",null,"R","$","E","B",null],"character_chosen":"MIYU","items_purchased":["Sling","PrismaMod:MiyuCarnivalAttack","PrismaMod:MiyuUncommonPlate","Omamori","Whetstone","PrismaMod:MiyuUncommonDefend+1","PrismaMod:MiyuCheapPlate+1","PrismaMod:MiyuUncommonDefend+1"],"campfire_rested":1,"item_purchase_floors":[10,10,10,21,38,38,53,53],"current_hp_per_floor":[79,68,68,68,73,73,73,73,73,73,73,57,61,65,65,69,82,77,77,61,61,61,61,67,71,71,71,71,53,53,60,60,40,90,92,92,42,42,38,29,30,60,60,68,57,60,56,62,62,37,108,108,108,75,25],"gold":103,"neow_bonus":"RANDOM_COMMON_RELIC","is_daily":false,"chose_seed":false,"campfire_upgraded":7,"win_rate":0.0,"timestamp":1610621344,"path_taken":["M","?","?","?","?","R","M","R","T","?","?","?","M","M","R","BOSS","M","?","?","$","?","R","E","?","T","M","R","M","M","M","R","BOSS","M","?","M","$","?","E","M","R","T","E","M","M","E","M","R","BOSS","R","$","E","BOSS"],"items_purchased_type":["Relic","Card","Card","Relic","Relic","Card","Card","Card"],"build_version":"2020-12-22","purchased_purges":0,"victory":true,"max_hp_per_floor":[82,82,82,82,82,82,82,82,82,82,82,82,82,82,82,82,82,82,82,82,82,82,82,84,86,86,86,86,88,90,90,90,90,90,92,92,94,94,100,102,102,102,102,102,104,106,106,108,108,108,108,108,108,108,108],"card_choices":[{"not_picked":["PrismaMod:MiyuUberAttack","PrismaMod:MiyuCheapChannelRandom"],"picked":"PrismaMod:MiyuUncommonDexBuff","floor":1},{"not_picked":["PrismaMod:MiyuOrbIncreasePerm","PrismaMod:MiyuEvokeBuffStr"],"picked":"PrismaMod:MiyuUncommonDexBuff","floor":4},{"not_picked":["PrismaMod:MiyuEvokeCheapDefend","PrismaMod:MiyuMaid","PrismaMod:MiyuDefenseRemoval"],"picked":"SKIP","floor":7},{"not_picked":["PrismaMod:MiyuUncommonPlate","PrismaMod:MiyuCheapEvoke"],"picked":"PrismaMod:MiyuUberAttack","floor":11},{"not_picked":["PrismaMod:MiyuCarnivalAttack","PrismaMod:MiyuMaid"],"picked":"PrismaMod:MiyuCommonAOEAttack","floor":13},{"not_picked":["PrismaMod:MiyuDefendChannelDefend","PrismaMod:MiyuCheapStrBuff","PrismaMod:MiyuEvokeAll"],"picked":"SKIP","floor":14},{"not_picked":["PrismaMod:MiyuDefenseExplosion","PrismaMod:MiyuUberAttack"],"picked":"PrismaMod:MiyuUberAOEAttack+1","floor":18},{"not_picked":["PrismaMod:MiyuDefenseAbsorbMinor+1","PrismaMod:MiyuEvokeBuffDex+1","PrismaMod:MiyuUncommonAttack"],"picked":"Singing Bowl","floor":24},{"not_picked":["PrismaMod:MiyuUberAOEAttack","PrismaMod:MiyuCheapDexBuff+1","PrismaMod:MiyuUncommonPlate+1"],"picked":"Singing Bowl","floor":25},{"not_picked":["PrismaMod:MiyuCarnivalAttack","PrismaMod:MiyuUberAttack"],"picked":"PrismaMod:MiyuUncommonStrBuff","floor":27},{"not_picked":["PrismaMod:MiyuDefenseExplosion+1","PrismaMod:MiyuMaid+1","PrismaMod:MiyuCheapEvoke+1"],"picked":"Singing Bowl","floor":29},{"not_picked":["PrismaMod:MiyuCheapChannelHeal+1","PrismaMod:MiyuCheapChannelAttack+1","PrismaMod:MiyuCheapAttack1"],"picked":"Singing Bowl","floor":30},{"not_picked":["PrismaMod:MiyuEvokeCheapAttack","PrismaMod:MiyuCheapChannelWeak+1"],"picked":"PrismaMod:MiyuCommonAOEAttack+1","floor":31},{"not_picked":["PrismaMod:MiyuEvokeAllAttack","PrismaMod:MiyuBride+1"],"picked":"PrismaMod:MiyuCheapDefend2+1","floor":33},{"not_picked":["PrismaMod:MiyuCommonAOEAttack+1","PrismaMod:MiyuCheapChannelAttack+1","PrismaMod:MiyuAttackChannelVul+1"],"picked":"Singing Bowl","floor":35},{"not_picked":["PrismaMod:MiyuCarnivalAttack+1","PrismaMod:MiyuDevil","PrismaMod:MiyuCheapAttack2"],"picked":"Singing Bowl","floor":37},{"not_picked":["Violence+1","Dark Shackles+1","Thinking Ahead+1"],"picked":"Singing Bowl","floor":39},{"not_picked":["Panacea+1","Mind Blast","Forethought+1"],"picked":"Singing Bowl","floor":39},{"not_picked":["Jack Of All Trades+1","Forethought+1","Panacea+1"],"picked":"Singing Bowl","floor":39},{"not_picked":["PrismaMod:MiyuEvokeBuffDex+1","PrismaMod:MiyuUberAOEAttack+1","PrismaMod:MiyuAttackChannelVul+1"],"picked":"Singing Bowl","floor":40},{"not_picked":["PrismaMod:MiyuCheapAttack2","PrismaMod:MiyuCheapChannelWeak+1"],"picked":"PrismaMod:MiyuUncommonPlate+1","floor":41},{"not_picked":["PrismaMod:MiyuUberAOEAttack+1","PrismaMod:MiyuUberAttack"],"picked":"PrismaMod:MiyuChristmas+1","floor":44},{"not_picked":["PrismaMod:MiyuCheapChannelWeak+1","PrismaMod:MiyuCheapDefend1+1","PrismaMod:MiyuChannelDefendEvoke+1"],"picked":"Singing Bowl","floor":45},{"not_picked":["PrismaMod:MiyuCheapAttack2","PrismaMod:MiyuEvokeBuffStr+1","PrismaMod:MiyuEvokeBuffDex+1"],"picked":"Singing Bowl","floor":46},{"not_picked":["PrismaMod:MiyuOrbIncreasePerm+1","PrismaMod:MiyuUncommonAttack+1"],"picked":"PrismaMod:MiyuCheapChannelAttack+1","floor":47},{"not_picked":["PrismaMod:MiyuEvokeCheapDefend+1","PrismaMod:MiyuCommonAOEAttack","PrismaMod:MiyuCheapEvoke+1"],"picked":"Singing Bowl","floor":48},{"not_picked":["PrismaMod:MiyuCheapEvoke+1","PrismaMod:MiyuUberAttack+1"],"picked":"PrismaMod:MiyuCheapPlate+1","floor":54}],"player_experience":657808,"relics_obtained":[{"floor":20,"key":"Nilry\u0027s Codex"},{"floor":24,"key":"Singing Bowl"},{"floor":26,"key":"Toy Ornithopter"},{"floor":40,"key":"Frozen Egg 2"},{"floor":43,"key":"Nunchaku"},{"floor":44,"key":"InkBottle"},{"floor":47,"key":"War Paint"},{"floor":54,"key":"Anchor"}],"event_choices":[{"damage_healed":0,"gold_gain":75,"player_choice":"Gather Gold","damage_taken":11,"max_hp_gain":0,"max_hp_loss":0,"event_name":"World of Goop","floor":2,"gold_loss":0},{"damage_healed":0,"gold_gain":0,"cards_transformed":["PrismaMod:MiyuCheapChannelAttack"],"player_choice":"Transformed","damage_taken":0,"max_hp_gain":0,"max_hp_loss":0,"event_name":"Transmorgrifier","floor":3,"gold_loss":0,"cards_obtained":["PrismaMod:MiyuCheapChannelVul"]},{"cards_removed":["PrismaMod:MiyuCheapChannelVul"],"damage_healed":5,"gold_gain":0,"player_choice":"Offered Common","damage_taken":0,"max_hp_gain":0,"max_hp_loss":0,"event_name":"Bonfire Elementals","floor":5,"gold_loss":0},{"cards_removed":["PrismaMod:MiyuCheapChannelVul"],"damage_healed":5,"gold_gain":0,"player_choice":"Offered Special","damage_taken":0,"max_hp_gain":0,"max_hp_loss":0,"event_name":"Bonfire Elementals","floor":5,"gold_loss":0},{"damage_healed":0,"gold_gain":0,"player_choice":"Entered Light","damage_taken":16,"max_hp_gain":0,"max_hp_loss":0,"event_name":"Shining Light","floor":12,"gold_loss":0,"cards_upgraded":["PrismaMod:MiyuCommonAttack","PrismaMod:MiyuCommonAttack"]},{"damage_healed":0,"gold_gain":0,"player_choice":"Read","damage_taken":0,"max_hp_gain":0,"max_hp_loss":0,"event_name":"The Library","floor":19,"gold_loss":0,"cards_obtained":["PrismaMod:MiyuUncommonAttack"]},{"damage_healed":0,"gold_gain":0,"player_choice":"Obtained Book","damage_taken":16,"max_hp_gain":0,"max_hp_loss":0,"event_name":"Cursed Tome","floor":20,"gold_loss":0},{"damage_healed":0,"gold_gain":0,"player_choice":"Opened","damage_taken":0,"relics_obtained":["Toxic Egg 2"],"max_hp_gain":0,"max_hp_loss":0,"event_name":"The Mausoleum","floor":22,"gold_loss":0},{"damage_healed":0,"gold_gain":0,"player_choice":"Ignored","damage_taken":0,"max_hp_gain":0,"max_hp_loss":0,"event_name":"Tomb of Lord Red Mask","floor":36,"gold_loss":0},{"damage_healed":0,"gold_gain":0,"player_choice":"Memory 3","damage_taken":10,"max_hp_gain":0,"max_hp_loss":0,"event_name":"SensoryStone","floor":39,"gold_loss":0}],"is_beta":false,"boss_relics":[{"not_picked":["Sozu","Snecko Eye"],"picked":"SlaversCollar"},{"not_picked":["Velvet Choker","Fusion Hammer"],"picked":"Astrolabe"}],"items_purged_floors":[],"is_endless":false,"potions_floor_spawned":[7,13,14,24,27,30,40,44,46,48,54],"ascension_level":0}}