{"host":"81vb4cbob60wa1na","time":1610645780,"event":{"mods":["BaseMod","Downfall","GifTheSpireLib","Hermit","Highlight Path","Minty Spire (QoL Compilation)","StSLib","The Cursed","The Disciple"],"gold_per_floor":[99,113,126,140,157,157,181,181,181,16,40,40,50,35,47,47,47,47],"floor_reached":16,"language":"ENG","playtime":596,"items_purged":[],"score":92,"play_id":"0f11dfb4-5a9e-45f5-8be4-11c671ba5d2b","local_time":"20210114123620","is_ascension_mode":false,"campfire_choices":[{"data":"hexamod:Sear","floor":1,"key":"SMITH"},{"data":"hexamod:FastForward","floor":6,"key":"SMITH"},{"data":"hexamod:NightmareGuise","floor":8,"key":"SMITH"}],"circlet_count":0,"master_deck":["hexamod:Strike","hexamod:Strike","hexamod:Strike","hexamod:Strike","hexamod:Defend","hexamod:Defend","hexamod:Defend","hexamod:Defend","hexamod:Sear+1","hexamod:Float","hexamod:GhostLash+1","hexamod:NightmareGuise+1","hexamod:FastForward+1","hexamod:GhostLash","hexamod:ParanormalForm","hexamod:SpectersWail","hexamod:EtherealExpedition","hexamod:NightmareGuise"],"relics":["hexamod:SpiritBrand","Dream Catcher","PreservedInsect","Odd Mushroom","Boot"],"acts_visited":["Exordium"],"potions_floor_usage":[10,13,14],"damage_taken":[{"damage":6,"enemies":"Jaw Worm","floor":2,"turns":3},{"damage":3,"enemies":"2 Louse","floor":3,"turns":3},{"damage":0,"enemies":"Small Slimes","floor":4,"turns":3},{"damage":2,"enemies":"Blue Slaver","floor":5,"turns":3},{"damage":0,"enemies":"downfall:FleeingMerchant","floor":10,"turns":4},{"damage":33,"enemies":"The Mushroom Lair","floor":11,"turns":5},{"damage":0,"enemies":"2 Fungi Beasts","floor":13,"turns":3},{"damage":4,"enemies":"downfall:FleeingMerchant","floor":14,"turns":4},{"damage":0,"enemies":"Large Slime","floor":15,"turns":4},{"damage":38,"enemies":"downfall:Defect","floor":16,"turns":5}],"seed_played":"8915405346591601918","potions_obtained":[{"floor":0,"key":"champ:CounterPotion"},{"floor":0,"key":"hexamod:EctoCoolerPotion"},{"floor":0,"key":"FairyPotion"},{"floor":13,"key":"SkillPotion"}],"is_trial":false,"path_per_floor":["R","M","M","M","M","R","T","R","?","$","?","?","M","$","M","B"],"character_chosen":"THE_SPIRIT","items_purchased":["PreservedInsect"],"campfire_rested":0,"item_purchase_floors":[10],"current_hp_per_floor":[70,64,61,61,59,59,59,59,59,59,26,19,19,15,15,0,0,0],"gold":47,"neow_bonus":"THREE_SMALL_POTIONS","is_daily":false,"chose_seed":false,"campfire_upgraded":3,"win_rate":0.0,"timestamp":1610645780,"path_taken":["R","M","M","M","M","R","T","R","?","$","?","?","M","?","M","BOSS"],"items_purchased_type":["Relic"],"build_version":"2020-12-22","purchased_purges":0,"victory":false,"max_hp_per_floor":[70,70,70,70,70,70,70,70,70,70,70,70,70,70,70,70,70,70],"card_choices":[{"not_picked":["hexamod:ShieldOfDarkness","hexamod:Hexaguard"],"picked":"hexamod:GhostLash","floor":2},{"not_picked":["hexamod:GhostShield","hexamod:BurningTouch"],"picked":"hexamod:NightmareGuise","floor":3},{"not_picked":["hexamod:BacktrackSmack","hexamod:SpectralSpark","hexamod:HexaLevel"],"picked":"SKIP","floor":4},{"not_picked":["hexamod:HeatCrush","hexamod:PhantomFireball"],"picked":"hexamod:FastForward","floor":5},{"not_picked":["hexamod:HauntingEcho","hexamod:ShieldOfDarkness"],"picked":"hexamod:GhostLash","floor":10},{"not_picked":["hexamod:Hexaguard","hexamod:NightmareGuise"],"picked":"hexamod:ParanormalForm","floor":11},{"not_picked":["hexamod:NightmareGuise","hexamod:FlamesFromBeyond"],"picked":"hexamod:SpectersWail","floor":13},{"not_picked":["hexamod:Firestarter","hexamod:AdvancingGuard"],"picked":"hexamod:EtherealExpedition","floor":14},{"not_picked":["hexamod:Firestarter","hexamod:RadiantFlame"],"picked":"hexamod:NightmareGuise","floor":15}],"player_experience":239312,"relics_obtained":[{"floor":7,"key":"Dream Catcher"},{"floor":11,"key":"Odd Mushroom"}],"event_choices":[{"damage_healed":0,"gold_gain":0,"player_choice":"Grow","damage_taken":0,"max_hp_gain":0,"max_hp_loss":0,"event_name":"Living Wall","floor":9,"gold_loss":0,"cards_upgraded":["hexamod:GhostLash"]},{"damage_healed":0,"gold_gain":0,"player_choice":"Fought Mushrooms","damage_taken":0,"max_hp_gain":0,"max_hp_loss":0,"event_name":"Mushrooms","floor":11,"gold_loss":0},{"damage_healed":0,"gold_gain":0,"player_choice":"Success","damage_taken":7,"relics_obtained":["Boot"],"max_hp_gain":0,"max_hp_loss":0,"event_name":"Scrap Ooze","floor":12,"gold_loss":0}],"is_beta":false,"boss_relics":[],"items_purged_floors":[],"is_endless":false,"potions_floor_spawned":[3,5,13],"killed_by":"downfall:Defect","ascension_level":0}}