{"host":"1q1wpq6df472foxy","time":1610597337,"event":{"mods":["BaseMod","DeckTracker","Highlight Path","Minty Spire (QoL Compilation)","Quick Restart","StSLib","SuperFastMode"],"gold_per_floor":[118,118,42,42,42,70,86,86,86,96,21,21,52,66,66,164,164,180,80,80,80,95,95,95,95,95,95,95,95],"floor_reached":28,"language":"KOR","playtime":674,"items_purged":["Strike_R","Demon Form"],"score":294,"play_id":"e943f824-3e53-4d86-8a73-53c74ccb7fc7","local_time":"20210114130857","is_ascension_mode":true,"campfire_choices":[{"floor":8,"key":"RECALL"},{"data":"Bash","floor":12,"key":"SMITH"},{"floor":15,"key":"REST"},{"floor":25,"key":"REST"},{"floor":27,"key":"REST"}],"circlet_count":0,"master_deck":["Strike_R","Strike_R","Strike_R","Strike_R","Defend_R","Defend_R","Defend_R","Defend_R","Bash+1","Dual Wield+1","Juggernaut"],"relics":["Burning Blood","NeowsBlessing","Darkstone Periapt","Ancient Tea Set","Art of War","Blue Candle","Runic Dome","Bottled Tornado","Sundial"],"acts_visited":["Exordium","TheCity"],"potions_floor_usage":[2,13,16,24],"damage_taken":[{"damage":0,"enemies":"2 Louse","floor":1,"turns":1},{"damage":0,"enemies":"3 Sentries","floor":6,"turns":1},{"damage":0,"enemies":"Cultist","floor":7,"turns":1},{"damage":9,"enemies":"Jaw Worm","floor":10,"turns":3},{"damage":36,"enemies":"Lagavulin","floor":13,"turns":8},{"damage":12,"enemies":"Looter","floor":14,"turns":3},{"damage":67,"enemies":"The Guardian","floor":16,"turns":11},{"damage":51,"enemies":"Shell Parasite","floor":18,"turns":9},{"damage":37,"enemies":"3 Byrds","floor":22,"turns":9},{"damage":0,"enemies":"Gremlin Leader","floor":24,"turns":1},{"damage":56,"enemies":"3 Cultists","floor":28,"turns":5}],"seed_played":"6433254392153068389","potions_obtained":[{"floor":2,"key":"Fruit Juice"},{"floor":2,"key":"LiquidBronze"},{"floor":2,"key":"DistilledChaos"},{"floor":6,"key":"SmokeBomb"},{"floor":14,"key":"AttackPotion"},{"floor":16,"key":"SneckoOil"}],"is_trial":false,"path_per_floor":["M","?","$","T","?","E","M","R","T","M","$","R","E","M","R","B",null,"M","$","T","?","M","$","E","R","T","R","M"],"character_chosen":"IRONCLAD","items_purchased":["Dual Wield"],"campfire_rested":3,"item_purchase_floors":[3],"current_hp_per_floor":[80,85,85,85,85,85,85,85,85,82,82,82,52,46,71,10,85,40,40,40,40,9,9,15,40,40,65,9,9],"gold":95,"neow_bonus":"THREE_ENEMY_KILL","is_daily":false,"chose_seed":false,"campfire_upgraded":1,"win_rate":0.0,"timestamp":1610597337,"path_taken":["M","?","?","?","?","E","M","R","T","M","$","R","E","?","R","BOSS","M","$","?","?","M","?","E","R","T","R","M"],"items_purchased_type":["Card"],"build_version":"2020-12-22","purchased_purges":2,"victory":false,"max_hp_per_floor":[80,85,85,85,85,85,85,85,85,85,85,85,85,85,85,85,85,85,85,85,85,85,85,85,85,85,85,85,85],"card_choices":[{"not_picked":["Headbutt","Havoc","True Grit"],"picked":"SKIP","floor":1},{"not_picked":["Shrug It Off","True Grit","Fire Breathing"],"picked":"SKIP","floor":6},{"not_picked":["Rupture","Thunderclap","Sword Boomerang"],"picked":"SKIP","floor":7},{"not_picked":["Combust","Rage","Perfected Strike"],"picked":"SKIP","floor":10},{"not_picked":["Sword Boomerang","Bludgeon"],"picked":"Demon Form","floor":13},{"not_picked":["Intimidate","Sentinel","Rampage"],"picked":"SKIP","floor":14},{"not_picked":["Exhume","Bludgeon"],"picked":"Juggernaut","floor":16},{"not_picked":["Warcry","Sever Soul","Combust+1"],"picked":"SKIP","floor":18},{"not_picked":["Pommel Strike","Headbutt","Heavy Blade+1"],"picked":"SKIP","floor":22}],"player_experience":182360,"relics_obtained":[{"floor":4,"key":"Darkstone Periapt"},{"floor":6,"key":"Ancient Tea Set"},{"floor":9,"key":"Art of War"},{"floor":13,"key":"Blue Candle"},{"floor":20,"key":"Bottled Tornado"},{"floor":26,"key":"Sundial"}],"event_choices":[{"damage_healed":0,"gold_gain":0,"player_choice":"Got Potions","damage_taken":0,"max_hp_gain":0,"max_hp_loss":0,"event_name":"Lab","floor":2,"gold_loss":0},{"damage_healed":0,"gold_gain":0,"player_choice":"Grow","damage_taken":0,"max_hp_gain":0,"max_hp_loss":0,"event_name":"Living Wall","floor":5,"gold_loss":0,"cards_upgraded":["Dual Wield"]},{"damage_healed":0,"gold_gain":0,"player_choice":"Ignored","damage_taken":0,"max_hp_gain":0,"max_hp_loss":0,"event_name":"Ghosts","floor":21,"gold_loss":0}],"is_beta":false,"boss_relics":[{"not_picked":["Pandora\u0027s Box","Philosopher\u0027s Stone"],"picked":"Runic Dome"}],"items_purged_floors":[11,19],"is_endless":false,"potions_floor_spawned":[6,14,16,18],"killed_by":"3 Cultists","ascension_level":2}}