{"host":"Oniwa","time":1610622306,"event":{"mods":["BaseMod","Colored Map","Colored Powertips","Minty Spire (QoL Compilation)","Relic Stats","Slay the Relics Exporter","SpireBot","StSLib","ojb\u0027s Better Paths Mod","ojb\u0027s Info Mod"],"gold_per_floor":[117,133,20,20,35,35,62,80,105,118,118,147,159,178,178,252,252,263,273,273,188,58,58,58],"floor_reached":23,"language":"JPN","playtime":1527,"items_purged":["Strike_B"],"score":406,"play_id":"7c393da2-969a-4a97-adc9-531dd1844893","local_time":"20210114200506","is_ascension_mode":true,"campfire_choices":[{"data":"Sunder","floor":6,"key":"SMITH"},{"data":"Beam Cell","floor":15,"key":"SMITH"}],"circlet_count":0,"master_deck":["AscendersBane","Strike_B","Strike_B","Strike_B","Defend_B","Defend_B","Defend_B","Defend_B","Zap","Dualcast","Compile Driver","Sunder+1","Electrodynamics","Chill","Beam Cell+1","Steam","Darkness","Seek","Aggregate","Self Repair","Ghostly","Ghostly","Ghostly"],"relics":["Nuclear Battery","Bag of Preparation","Happy Flower","Cursed Key","WingedGreaves"],"acts_visited":["Exordium","TheCity"],"potions_floor_usage":[7,12,16,19,23,23],"damage_taken":[{"damage":6,"enemies":"Small Slimes","floor":1,"turns":5},{"damage":0,"enemies":"Cultist","floor":2,"turns":3},{"damage":7,"enemies":"Jaw Worm","floor":5,"turns":2},{"damage":8,"enemies":"Lagavulin","floor":7,"turns":7},{"damage":4,"enemies":"Red Slaver","floor":8,"turns":2},{"damage":0,"enemies":"Large Slime","floor":10,"turns":3},{"damage":8,"enemies":"Gremlin Nob","floor":12,"turns":3},{"damage":0,"enemies":"Looter","floor":13,"turns":1},{"damage":2,"enemies":"Exordium Wildlife","floor":14,"turns":2},{"damage":30,"enemies":"The Guardian","floor":16,"turns":8},{"damage":15,"enemies":"Shell Parasite","floor":18,"turns":4},{"damage":0,"enemies":"Spheric Guardian","floor":19,"turns":3},{"damage":35,"enemies":"Gremlin Leader","floor":23,"turns":6}],"seed_played":"-5511122819370604560","potions_obtained":[{"floor":7,"key":"PowerPotion"},{"floor":13,"key":"Swift Potion"},{"floor":19,"key":"Weak Potion"}],"is_trial":false,"path_per_floor":["M","M","$","?","M","R","E","M","T","M","?","E","M","M","R","B",null,"M","M","?","?","$","E"],"character_chosen":"DEFECT","items_purchased":["Strength Potion","Block Potion","PowerPotion"],"campfire_rested":0,"item_purchase_floors":[3,3,22],"current_hp_per_floor":[58,58,58,71,64,64,56,52,52,52,52,44,44,42,42,12,56,41,41,35,35,35,0,0],"gold":58,"neow_bonus":"BOSS_RELIC","is_daily":false,"chose_seed":false,"campfire_upgraded":2,"win_rate":0.0,"timestamp":1610622306,"path_taken":["M","M","$","?","?","R","E","M","T","M","?","E","?","M","R","BOSS","M","M","?","?","$","E"],"items_purchased_type":["Potion","Potion","Potion"],"build_version":"2020-12-18","purchased_purges":1,"victory":false,"max_hp_per_floor":[71,71,71,71,71,71,71,71,71,71,71,71,71,71,71,71,71,71,71,35,35,35,35,35],"relic_stats":{"Happy Flower":[8],"counters":[13,49],"Bag of Preparation":[18],"Cursed Key":0,"obtain_stats":[{"Happy Flower":12,"WingedGreaves":21,"Bag of Preparation":7,"Cracked Core":0,"Cursed Key":17,"Nuclear Battery":0},{"Happy Flower":7,"WingedGreaves":12,"Bag of Preparation":4,"Cracked Core":0,"Cursed Key":10,"Nuclear Battery":0},{"Happy Flower":25,"WingedGreaves":43,"Bag of Preparation":17,"Cracked Core":0,"Cursed Key":36,"Nuclear Battery":0}]},"card_choices":[{"not_picked":["Coolheaded","Beam Cell"],"picked":"Compile Driver","floor":1},{"not_picked":["Sweeping Beam","Barrage"],"picked":"Sunder","floor":2},{"not_picked":["Tempest","Conserve Battery"],"picked":"Electrodynamics","floor":5},{"not_picked":["Barrage","Fusion"],"picked":"Chill","floor":7},{"not_picked":["Static Discharge","Force Field"],"picked":"Beam Cell","floor":8},{"not_picked":["Steam Power","Streamline","Blizzard"],"picked":"SKIP","floor":10},{"not_picked":["Blizzard","Beam Cell"],"picked":"Steam","floor":12},{"not_picked":["Recycle","Skim"],"picked":"Darkness","floor":13},{"not_picked":["Streamline","Amplify","Reprogram"],"picked":"SKIP","floor":14},{"not_picked":["Creative AI","Electrodynamics"],"picked":"Seek","floor":16},{"not_picked":["Streamline","Beam Cell"],"picked":"Aggregate","floor":18},{"not_picked":["Stack","Hologram"],"picked":"Self Repair","floor":19}],"player_experience":2548569,"relics_obtained":[{"floor":7,"key":"Bag of Preparation"},{"floor":12,"key":"Happy Flower"}],"event_choices":[{"damage_healed":13,"gold_gain":0,"player_choice":"Full Heal","damage_taken":0,"max_hp_gain":0,"max_hp_loss":0,"event_name":"Wheel of Change","floor":4,"gold_loss":0},{"damage_healed":0,"gold_gain":0,"player_choice":"Got Potions","damage_taken":0,"max_hp_gain":0,"max_hp_loss":0,"event_name":"Lab","floor":11,"gold_loss":0},{"damage_healed":0,"gold_gain":0,"player_choice":"Became a Ghost","damage_taken":0,"max_hp_gain":0,"max_hp_loss":36,"event_name":"Ghosts","floor":20,"gold_loss":0,"cards_obtained":["Ghostly","Ghostly","Ghostly"]},{"damage_healed":0,"gold_gain":0,"player_choice":"Obtained Relic","damage_taken":0,"relics_obtained":["WingedGreaves"],"max_hp_gain":0,"max_hp_loss":0,"event_name":"Addict","floor":21,"gold_loss":85}],"is_beta":true,"boss_relics":[{"not_picked":["Empty Cage","SacredBark"],"picked":"Cursed Key"}],"items_purged_floors":[22],"is_endless":false,"potions_floor_spawned":[5,7,13,19],"killed_by":"Gremlin Leader","ascension_level":20}}