{"host":"fuszjwm6fqgjjp4d","time":1610596033,"event":{"mods":["BaseMod","Bestiary","Colored Map","DeckTracker","Minty Spire (QoL Compilation)","Permanent Neow","Relic Sorter","Relic Stats","StSLib"],"gold_per_floor":[113,113,388,4,24,24,34,34,34,34,54,84,161,194,194,268,268,281,295,43,43,55,55,55,55,82,98,109,128,139,165,165,239,239,252,172,172,185,185,216,216,241,241,241,241,35,35,50,50,50,50],"floor_reached":52,"language":"ENG","playtime":1904,"items_purged":["Regret","Strike_R","Strike_R"],"score":1826,"play_id":"6a2ae324-1c55-4010-89ee-a82a14e7b897","local_time":"20210113214713","is_ascension_mode":true,"campfire_choices":[{"data":"Demon Form","floor":6.0,"key":"SMITH"},{"data":"Bash","floor":8.0,"key":"SMITH"},{"data":"True Grit","floor":15.0,"key":"SMITH"},{"data":"Double Tap","floor":23.0,"key":"SMITH"},{"data":"Shockwave","floor":25.0,"key":"SMITH"},{"data":"Sword Boomerang","floor":32.0,"key":"SMITH"},{"data":"Shrug It Off","floor":41,"key":"SMITH"},{"data":"Whirlwind","floor":44,"key":"SMITH"},{"data":"Shrug It Off","floor":45,"key":"SMITH"},{"data":"Rage","floor":47,"key":"SMITH"},{"data":"Pommel Strike","floor":49,"key":"SMITH"}],"circlet_count":0,"master_deck":["AscendersBane","Defend_R","Defend_R","Defend_R","Defend_R","Bash+1","Demon Form+1","Warcry+1","Finesse","True Grit+1","Whirlwind+1","Reaper","Sword Boomerang+1","Double Tap+1","Headbutt","Reaper","Shrug It Off+1","Blood for Blood","Rage+1","Shrug It Off+1","Pommel Strike+1","Headbutt+1"],"relics":["Burning Blood","Gremlin Horn","Lantern","Mummified Hand","The Courier","Coffee Dripper","CaptainsWheel","FaceOfCleric","Bag of Marbles","WingedGreaves","Snecko Eye","Red Skull","Centennial Puzzle","StoneCalendar"],"acts_visited":["Exordium","TheCity","TheBeyond"],"potions_floor_usage":[50,51],"damage_taken":[{"damage":18.0,"enemies":"Jaw Worm","floor":1.0,"turns":6.0},{"damage":0.0,"enemies":"Cultist","floor":5.0,"turns":4.0},{"damage":3.0,"enemies":"Small Slimes","floor":7.0,"turns":7.0},{"damage":4.0,"enemies":"Exordium Wildlife","floor":11.0,"turns":2.0},{"damage":40.0,"enemies":"3 Sentries","floor":12.0,"turns":7.0},{"damage":32.0,"enemies":"Gremlin Nob","floor":14.0,"turns":4.0},{"damage":28.0,"enemies":"Hexaghost","floor":16.0,"turns":7.0},{"damage":0.0,"enemies":"Chosen","floor":18.0,"turns":3.0},{"damage":12.0,"enemies":"Shell Parasite","floor":19.0,"turns":5.0},{"damage":45.0,"enemies":"Snake Plant","floor":22.0,"turns":6.0},{"damage":41.0,"enemies":"Shelled Parasite and Fungi","floor":27.0,"turns":5.0},{"damage":13.0,"enemies":"Chosen and Byrds","floor":28.0,"turns":5.0},{"damage":18.0,"enemies":"Snake Plant","floor":29.0,"turns":5.0},{"damage":29.0,"enemies":"Shelled Parasite and Fungi","floor":30.0,"turns":7.0},{"damage":24.0,"enemies":"Book of Stabbing","floor":31.0,"turns":5.0},{"damage":41.0,"enemies":"Champ","floor":33.0,"turns":9.0},{"damage":42,"enemies":"3 Shapes","floor":35,"turns":2},{"damage":18,"enemies":"Orb Walker","floor":38,"turns":4},{"damage":74,"enemies":"Giant Head","floor":40,"turns":6},{"damage":34,"enemies":"Reptomancer","floor":42,"turns":6},{"damage":6,"enemies":"Sphere and 2 Shapes","floor":48,"turns":5},{"damage":79,"enemies":"Donu and Deca","floor":50,"turns":9},{"damage":62,"enemies":"Time Eater","floor":51,"turns":6}],"seed_played":"1847913422472631370","potions_obtained":[{"floor":5.0,"key":"Energy Potion"},{"floor":11.0,"key":"LiquidBronze"},{"floor":14.0,"key":"SkillPotion"},{"floor":16.0,"key":"HeartOfIron"},{"floor":19.0,"key":"Swift Potion"},{"floor":27.0,"key":"Swift Potion"},{"floor":30.0,"key":"Regen Potion"},{"floor":31.0,"key":"SkillPotion"},{"floor":33.0,"key":"Dexterity Potion"},{"floor":40,"key":"SpeedPotion"}],"is_trial":false,"path_per_floor":["M","?","?","$","M","R","M","R","T","?","M","E","T","E","R","B",null,"M","M","$","?","M","R","?","R","T","M","M","M","M","E","R","B",null,"M","$","?","M","?","E","R","E","T","R","R","$","R","M","R","B","B",null],"character_chosen":"IRONCLAD","items_purchased":["Finesse","True Grit","Fruit Juice","Block Potion","CaptainsWheel","CultistPotion","Pommel Strike"],"campfire_rested":0,"item_purchase_floors":[4,4,4,4,20,46,46],"current_hp_per_floor":[56,56,56,56,67,67,70,70,70,70,72,80,80,62,62,40,70,80,80,80,80,64,64,64,64,64,47,59,54,44,60,60,86,86,51,51,51,46,46,16,16,40,40,40,40,40,40,87,87,47,20],"gold":50,"neow_bonus":"ONE_RANDOM_RARE_CARD","is_daily":false,"chose_seed":false,"campfire_upgraded":11,"win_rate":0.0,"timestamp":1610596033,"path_taken":["M","?","?","$","?","R","M","R","T","?","?","E","?","E","R","BOSS","M","M","$","?","M","R","?","R","T","M","M","?","M","E","R","BOSS","M","$","?","M","?","E","R","E","T","R","R","$","R","M","R","BOSS","BOSS"],"items_purchased_type":["Card","Card","Potion","Potion","Relic","Potion","Card"],"build_version":"2020-12-22","purchased_purges":3,"victory":true,"max_hp_per_floor":[75,75,75,75,80,80,80,80,80,80,80,80,80,80,80,80,80,80,80,80,80,80,80,80,80,80,81,82,83,84,85,85,86,86,87,87,87,88,84,85,85,86,86,86,86,86,86,87,87,88,89],"relic_stats":{"Centennial Puzzle":[9],"Gremlin Horn":[19,19],"FaceOfCleric":13,"counters":[23,125],"Mummified Hand":[22],"Snecko Eye":[73,75,65,63],"StoneCalendar":[52],"obtain_stats":[{"Lantern":12,"Gremlin Horn":9,"StoneCalendar":43,"The Courier":14,"Burning Blood":0,"CaptainsWheel":20,"Centennial Puzzle":42,"FaceOfCleric":24,"Mummified Hand":13,"Snecko Eye":34,"WingedGreaves":31,"Coffee Dripper":17,"Bag of Marbles":26,"Red Skull":40},{"Lantern":5,"Gremlin Horn":3,"StoneCalendar":20,"The Courier":6,"Burning Blood":0,"CaptainsWheel":9,"Centennial Puzzle":20,"FaceOfCleric":10,"Mummified Hand":5,"Snecko Eye":16,"WingedGreaves":15,"Coffee Dripper":7,"Bag of Marbles":10,"Red Skull":19},{"Lantern":26,"Gremlin Horn":17,"StoneCalendar":105,"The Courier":30,"Burning Blood":0,"CaptainsWheel":45,"Centennial Puzzle":105,"FaceOfCleric":51,"Mummified Hand":26,"Snecko Eye":87,"WingedGreaves":78,"Coffee Dripper":37,"Bag of Marbles":51,"Red Skull":99}],"Burning Blood":115},"card_choices":[{"not_picked":["Cleave","Body Slam"],"picked":"Warcry","floor":1.0},{"not_picked":["Perfected Strike","Inflame"],"picked":"Whirlwind","floor":5.0},{"not_picked":["Feel No Pain","Iron Wave"],"picked":"Reaper","floor":7.0},{"not_picked":["Perfected Strike","Heavy Blade"],"picked":"Sword Boomerang","floor":11.0},{"not_picked":["Juggernaut","Warcry"],"picked":"Double Tap","floor":12.0},{"not_picked":["True Grit","Cleave"],"picked":"Headbutt","floor":14.0},{"not_picked":["Immolate","Double Tap"],"picked":"Reaper","floor":16.0},{"not_picked":["Shrug It Off","Perfected Strike+1","Pommel Strike"],"picked":"SKIP","floor":18.0},{"not_picked":["Perfected Strike+1","Pommel Strike"],"picked":"Shrug It Off","floor":18.0},{"not_picked":["Anger","Uppercut","Twin Strike"],"picked":"SKIP","floor":19.0},{"not_picked":["Bloodletting","Clothesline"],"picked":"Shockwave","floor":22.0},{"not_picked":["Body Slam","Thunderclap","Warcry"],"picked":"SKIP","floor":27.0},{"not_picked":["Sword Boomerang","Ghostly Armor","Dual Wield"],"picked":"SKIP","floor":28.0},{"not_picked":["Reckless Charge+1","Anger","Headbutt"],"picked":"SKIP","floor":29.0},{"not_picked":["Metallicize","Heavy Blade","Armaments"],"picked":"SKIP","floor":30.0},{"not_picked":["Whirlwind","Thunderclap","Dropkick"],"picked":"SKIP","floor":31.0},{"not_picked":["Inflame","Sever Soul+1","Battle Trance"],"picked":"SKIP","floor":35},{"not_picked":["Carnage+1","Thunderclap","Pummel"],"picked":"SKIP","floor":38},{"not_picked":["Disarm","Warcry"],"picked":"Shrug It Off","floor":40},{"not_picked":["Searing Blow","Thunderclap","Shockwave"],"picked":"SKIP","floor":42},{"not_picked":["Second Wind+1","Evolve"],"picked":"Headbutt+1","floor":48}],"player_experience":1290096,"relics_obtained":[{"floor":9.0,"key":"Gremlin Horn"},{"floor":12.0,"key":"Lantern"},{"floor":13.0,"key":"Mummified Hand"},{"floor":14.0,"key":"The Courier"},{"floor":26.0,"key":"Bag of Marbles"},{"floor":31.0,"key":"WingedGreaves"},{"floor":40,"key":"Red Skull"},{"floor":42,"key":"Centennial Puzzle"},{"floor":43,"key":"StoneCalendar"}],"event_choices":[{"damage_healed":0.0,"max_hp_gain":0.0,"max_hp_loss":0.0,"gold_gain":0.0,"event_name":"Living Wall","player_choice":"Grow","floor":2.0,"gold_loss":0.0,"damage_taken":0.0,"cards_upgraded":["Warcry"]},{"damage_healed":0.0,"max_hp_gain":0.0,"max_hp_loss":0.0,"gold_gain":275.0,"event_name":"Golden Shrine","player_choice":"Desecrate","floor":3.0,"gold_loss":0.0,"damage_taken":0.0,"cards_obtained":["Regret"]},{"cards_removed":["Strike_R"],"damage_healed":0.0,"max_hp_gain":0.0,"max_hp_loss":0.0,"gold_gain":0.0,"event_name":"Purifier","player_choice":"Purged","floor":10.0,"gold_loss":0.0,"damage_taken":0.0},{"damage_healed":0.0,"max_hp_gain":0.0,"max_hp_loss":0.0,"gold_gain":0.0,"cards_transformed":["Strike_R","Strike_R"],"event_name":"Drug Dealer","player_choice":"Became Test Subject","floor":21.0,"gold_loss":0.0,"damage_taken":0.0,"cards_obtained":["Blood for Blood","Rage"]},{"damage_healed":0.0,"max_hp_gain":0.0,"max_hp_loss":0.0,"gold_gain":0.0,"event_name":"FaceTrader","player_choice":"Trade","floor":24.0,"gold_loss":0.0,"damage_taken":0.0,"relics_obtained":["FaceOfCleric"]},{"cards_removed":["Shockwave"],"damage_healed":0,"gold_gain":0,"player_choice":"Removed Skill","damage_taken":0,"max_hp_gain":0,"max_hp_loss":0,"event_name":"Falling","floor":37,"gold_loss":0},{"damage_healed":0,"gold_gain":0,"player_choice":"Max HP","damage_taken":0,"max_hp_gain":0,"max_hp_loss":4,"event_name":"Winding Halls","floor":39,"gold_loss":0}],"is_beta":false,"boss_relics":[{"not_picked":["Velvet Choker","Astrolabe"],"picked":"Coffee Dripper"},{"not_picked":["Runic Pyramid","Busted Crown"],"picked":"Snecko Eye"}],"items_purged_floors":[4,36,46],"is_endless":false,"potions_floor_spawned":[5,7,11,14,16,19,27,30,31,33,40,48],"ascension_level":20}}