{"host":"40gggw0x72bpm5se","time":1610592981,"event":{"mods":["ATMod(°¢èªMod)","Act Like it!","Aspiration","BaseMod","Better Vampires","Colored Map","Conspire","Downfall","Energized Spire","Friendly Minions","Gensokyo","GungeonMod","Infinite Spire","Koishi","Library of Ruina","Library of Ruina Extra","Lobotomy","LobotomyExtend","Minty Spire (QoL Compilation)","Quarter Circle Forward PUNCH!","Quick Restart","Reimu£¨²©ÀöÁéÃÎ£©","Relic Stats","Replay The Spire","RumiaBox-Â¶Ã×æ«µÄÉñÃØºÐ×Ó","Shop Mod","Spicy Shops","StSLib","The Alterego","UnlockEverythingMod","Waifu the Spire","Youmu£¨»êÆÇÑýÃÎ£©","vexMod","¡¾¹¦ÄÜMod¡¿»ìãçÖ®»·ÐÞ¸´²¹¶¡","¡¾ÒÅÎï¿¨ÅÆ¡¿REMEMod"],"gold_per_floor":[70,70,13,32,52,52,84,84,136,136,171,186,186,199,199,301,401,412,412,412,412,412,441,441,469,469,502,366,396,396,356,356,458,458,469,469,122,137,150,178,178,235,260,343,408,408,436,470,470,504],"floor_reached":51,"language":"ZHS","playtime":3446,"items_purged":["alterego_mod:Strike","alterego_mod:Strike"],"score":1053,"play_id":"0abdc1aa-c2f9-4308-8f85-2ef2aaf4ada0","local_time":"20210114105621","is_ascension_mode":true,"campfire_choices":[{"floor":6.0,"key":"RECALL"},{"data":"alterego_mod:GachaTicket","floor":8.0,"key":"SMITH"},{"data":"alterego_mod:Impale","floor":10.0,"key":"SMITH"},{"data":"alterego_mod:Stockings","floor":13.0,"key":"SMITH"},{"data":"alterego_mod:SakuraLabyrinth","floor":15.0,"key":"SMITH"},{"data":"alterego_mod:IndependentAction","floor":30.0,"key":"SMITH"},{"floor":32.0,"key":"DIG"},{"data":"alterego_mod:IdEs","floor":41,"key":"SMITH"}],"circlet_count":0,"master_deck":["alterego_mod:Strike","alterego_mod:Strike","alterego_mod:Defend","alterego_mod:Defend","alterego_mod:Impale+1","alterego_mod:BigMeatyClaws","alterego_mod:BrynhildrsRune+1","alterego_mod:Strike","expansioncontent:SlimeTackle","AT_DarkMatter","alterego_mod:SakuraFive","alterego_mod:GachaTicket+1","alterego_mod:Birthday","alterego_mod:Bounce","alterego_mod:Undulate","alterego_mod:Stockings+1","alterego_mod:SakuraLabyrinth+1","alterego_mod:TrickOrTreatment+1","alterego_mod:Cooking+1","alterego_mod:DiscoLights+1","alterego_mod:Undulate+1","alterego_mod:IndependentAction+1","alterego_mod:IdEs+1","alterego_mod:TrashNCrash+1","alterego_mod:HighServant+1","alterego_mod:BiFurious+1","alterego_mod:DeftHands+1","Clash","alterego_mod:Birthday"],"relics":["Onion Ring","DemoMod:PinkGuonStone","Blue Doll","Koishi:ImaginaryFriend","downfall:RedIOUUpgrade","aspiration:HiddenCompartment","DemoMod:WhiteGuonStone","vexMod:GhostlyGear","Frozen Egg 2","Replay:M_SmolderingBlood","infinitespire:Chaos","ChewingGum","HonorFeather","Heaven_r","MagicBullet_r","DemoMod:JetPack","LetterFromLob","qcfpunch:Red_Gi","REME_LimitBreaker","aspiration:AnachronicSnailShell","OrangePellets","RuthlessExorcism:ReiMu","AT_DeathDance","vexMod:TanglingVine","AT_BellDemon","AT_ArcaneBoots","PageOfPinocchio","PageOfPorccubus","Replay:Bandana","Nunchaku","ReplayTheSpireMod:Ninjato","qcfpunch:Red_Headband","Mastiff:ReiMu","GodSword4","Centennial Puzzle","MealTicket","AT_ArchangelStaff","Art of War"],"acts_visited":["Gensokyo:Gensokyo","Gensokyo:Gensokyoer","Gensokyo:Gensokyoest"],"potions_floor_usage":[47,50,50,51,51],"damage_taken":[{"damage":0.0,"enemies":"Gensokyo:3_Fairies","floor":1.0,"turns":2.0},{"damage":1.0,"enemies":"Gensokyo:2_Kodama","floor":4.0,"turns":3.0},{"damage":7.0,"enemies":"Gensokyo:Python","floor":5.0,"turns":3.0},{"damage":0.0,"enemies":"Gensokyo:Cirno","floor":7.0,"turns":4.0},{"damage":11.0,"enemies":"Gensokyo:Aya","floor":11.0,"turns":6.0},{"damage":12.0,"enemies":"Gensokyo:CorruptedTreant","floor":12.0,"turns":3.0},{"damage":21.0,"enemies":"Gensokyo:3_Kodama","floor":14.0,"turns":5.0},{"damage":30.0,"enemies":"Gensokyo:Yukari","floor":16.0,"turns":6.0},{"damage":20.0,"enemies":"Gensokyo:3_Dogs","floor":18.0,"turns":5.0},{"damage":55.0,"enemies":"Gensokyo:3_Dogs","floor":22.0,"turns":2.0},{"damage":28.0,"enemies":"Gensokyo:3_Dogs","floor":22.0,"turns":3.0},{"damage":13.0,"enemies":"Gensokyo:Reisen","floor":23.0,"turns":4.0},{"damage":3.0,"enemies":"Gensokyo:Koishi","floor":25.0,"turns":5.0},{"damage":22.0,"enemies":"Gensokyo:Reisen","floor":27.0,"turns":5.0},{"damage":8.0,"enemies":"Gensokyo:Tenshi","floor":29.0,"turns":5.0},{"damage":9.0,"enemies":"Gensokyo:Eiki","floor":33.0,"turns":5.0},{"damage":1.0,"enemies":"Gensokyo:3_Bats","floor":35.0,"turns":2.0},{"damage":22.0,"enemies":"Gensokyo:3_Boulders","floor":38.0,"turns":4.0},{"damage":2.0,"enemies":"Gensokyo:AtlasGolem","floor":39.0,"turns":3.0},{"damage":0,"enemies":"Gensokyo:Kasen","floor":40,"turns":5},{"damage":21,"enemies":"Gensokyo:Doremy","floor":42,"turns":3},{"damage":10,"enemies":"Gensokyo:Kasen","floor":44,"turns":3},{"damage":0,"enemies":"Gensokyo:Rafflesia","floor":45,"turns":3},{"damage":4,"enemies":"Gensokyo:4_Bats","floor":47,"turns":2},{"damage":20,"enemies":"Gensokyo:SeedOfUnknown","floor":48,"turns":1},{"damage":6,"enemies":"Gensokyo:Yuyuko","floor":50,"turns":3},{"damage":6,"enemies":"Malkuth","floor":51,"turns":3},{"damage":0,"enemies":"Netzach","floor":51,"turns":3},{"damage":38,"enemies":"Tiphereth","floor":51,"turns":8},{"damage":12,"enemies":"Binah","floor":51,"turns":11},{"damage":22,"enemies":"Angela","floor":51,"turns":3}],"seed_played":"4637396548416147598","potions_obtained":[{"floor":4.0,"key":"Reflective Coating"},{"floor":11.0,"key":"GamblersBrew"},{"floor":12.0,"key":"Reflective Coating"},{"floor":16.0,"key":"Elixir"},{"floor":18.0,"key":"LiquidMemories"},{"floor":25.0,"key":"Fire Potion"},{"floor":44,"key":"Cursed Concoction"},{"floor":47,"key":"AttackPotion"}],"is_trial":false,"path_per_floor":["M","?","$","M","M","R","E","R","T","R","E","M","R","M","R","B",null,"M","?","AVR","?","?","E","?","E","T","E","COS","E","R","?","R_BF","B",null,"M","?","$","M","M","E","R","E","T","E","M","?","M","M","R","B",null],"character_chosen":"The_Alterego","items_purchased":["DemoMod:GnawedKey","AT_BellDemon","AT_SpeedBoots","alterego_mod:HighServant+1"],"campfire_rested":0,"item_purchase_floors":[3,37,37,37],"current_hp_per_floor":[65,60,60,73,73,73,75,75,75,75,73,63,63,58,58,37,105,92,103,110,110,75,95,95,104,104,99,99,108,112,112,112,105,112,111,111,111,103,101,112,112,109,109,105,112,112,108,90,112,112],"gold":964,"neow_bonus":"BOSS_RELIC","is_daily":false,"chose_seed":false,"campfire_upgraded":6,"win_rate":0.0,"timestamp":1610592981,"path_taken":["M","?","?","?","M","R","E","R","T","R","E","M","R","M","R","BOSS","M","?","AVR","?","?","E","?","E","T","E","COS","E","R","?","R_BF","BOSS","M","?","?","M","M","E","R","E","T","E","M","?","M","?","R","BOSS"],"items_purchased_type":["Relic","Relic","Relic","Card"],"build_version":"2020-12-22","purchased_purges":2,"victory":true,"max_hp_per_floor":[65,75,75,105,105,105,105,105,105,105,105,105,105,105,105,105,105,105,105,112,112,112,112,112,112,112,112,112,112,112,112,112,112,112,112,112,112,112,112,112,112,112,112,112,112,112,112,112,112,112],"relic_stats":{"OrangePellets":[23],"Nunchaku":[34],"Centennial Puzzle":[21],"counters":[31,123],"MealTicket":0,"Art of War":[0],"obtain_stats":[{"HonorFeather":22,"AT_ATBox":0,"DemoMod:GlassGuonStoneRelic":4,"AT_ArcaneBoots":51,"vexMod:TanglingVine":34,"AT_ArchangelStaff":47,"Replay:Wanted Poster":17,"Centennial Puzzle":44,"Mastiff:ReiMu":43,"qcfpunch:Red_Gi":25,"MealTicket":45,"alterego_mod:MasochisticConstitution":0,"Pear":2,"MagicBullet_r":22,"Oddly Smooth Stone":11,"REME_LimitBreaker":26,"aspiration:HiddenCompartment":20,"vexMod:GhostlyGear":20,"Heaven_r":22,"OrangePellets":28,"AT_SpeedBoots":37,"Onion Ring":20,"AT_DeathDance":32,"GodSword4":44,"AT_BellDemon":37,"downfall:RedIOUUpgrade":20,"Blue Doll":20,"Replay:Mystery Machine":7,"DemoMod:WhiteGuonStone":20,"Frozen Eye":25,"Replay:Bandana":40,"Nunchaku":40,"Replay:M_SmolderingBlood":20,"aspiration:AnachronicSnailShell":27,"energizedSpire:HugeHouse":0,"DemoMod:GnawedKey":3,"PageOfPinocchio":38,"infinitespire:Chaos":20,"DemoMod:JetPack":23,"ReplayTheSpireMod:Ninjato":42,"infinitespire:EmptyRelic":20,"DemoMod:PinkGuonStone":20,"Baka":1,"Frozen Egg 2":20,"ChewingGum":20,"LetterFromLob":1,"qcfpunch:Red_Headband":42,"Art of War":48,"PageOfPorccubus":39,"REME_ComplimentaryCards":0,"Koishi:ImaginaryFriend":20,"RuthlessExorcism:ReiMu":29},{"HonorFeather":10,"AT_ATBox":0,"DemoMod:GlassGuonStoneRelic":2,"AT_ArcaneBoots":30,"vexMod:TanglingVine":16,"AT_ArchangelStaff":24,"Replay:Wanted Poster":8,"Centennial Puzzle":22,"Mastiff:ReiMu":21,"qcfpunch:Red_Gi":13,"MealTicket":23,"alterego_mod:MasochisticConstitution":0,"Pear":1,"MagicBullet_r":11,"Oddly Smooth Stone":5,"REME_LimitBreaker":13,"aspiration:HiddenCompartment":9,"vexMod:GhostlyGear":9,"Heaven_r":11,"OrangePellets":14,"AT_SpeedBoots":17,"Onion Ring":9,"AT_DeathDance":15,"GodSword4":22,"AT_BellDemon":17,"downfall:RedIOUUpgrade":9,"Blue Doll":9,"Replay:Mystery Machine":4,"DemoMod:WhiteGuonStone":9,"Frozen Eye":12,"Replay:Bandana":20,"Nunchaku":20,"Replay:M_SmolderingBlood":9,"aspiration:AnachronicSnailShell":14,"energizedSpire:HugeHouse":0,"DemoMod:GnawedKey":1,"PageOfPinocchio":18,"infinitespire:Chaos":9,"DemoMod:JetPack":12,"ReplayTheSpireMod:Ninjato":21,"infinitespire:EmptyRelic":9,"DemoMod:PinkGuonStone":9,"Baka":1,"Frozen Egg 2":9,"ChewingGum":9,"LetterFromLob":1,"qcfpunch:Red_Headband":21,"Art of War":25,"PageOfPorccubus":19,"REME_ComplimentaryCards":0,"Koishi:ImaginaryFriend":9,"RuthlessExorcism:ReiMu":15},{"HonorFeather":39,"AT_ATBox":0,"DemoMod:GlassGuonStoneRelic":5,"AT_ArcaneBoots":111,"vexMod:TanglingVine":66,"AT_ArchangelStaff":91,"Replay:Wanted Poster":32,"Centennial Puzzle":86,"Mastiff:ReiMu":83,"qcfpunch:Red_Gi":51,"MealTicket":89,"alterego_mod:MasochisticConstitution":0,"Pear":2,"MagicBullet_r":42,"Oddly Smooth Stone":18,"REME_LimitBreaker":51,"aspiration:HiddenCompartment":37,"vexMod:GhostlyGear":37,"Heaven_r":42,"OrangePellets":56,"AT_SpeedBoots":68,"Onion Ring":37,"AT_DeathDance":61,"GodSword4":86,"AT_BellDemon":68,"downfall:RedIOUUpgrade":37,"Blue Doll":37,"Replay:Mystery Machine":12,"DemoMod:WhiteGuonStone":37,"Frozen Eye":46,"Replay:Bandana":80,"Nunchaku":80,"Replay:M_SmolderingBlood":37,"aspiration:AnachronicSnailShell":56,"energizedSpire:HugeHouse":0,"DemoMod:GnawedKey":2,"PageOfPinocchio":72,"infinitespire:Chaos":37,"DemoMod:JetPack":46,"ReplayTheSpireMod:Ninjato":83,"infinitespire:EmptyRelic":37,"DemoMod:PinkGuonStone":37,"Baka":2,"Frozen Egg 2":37,"ChewingGum":37,"LetterFromLob":2,"qcfpunch:Red_Headband":83,"Art of War":92,"PageOfPorccubus":75,"REME_ComplimentaryCards":0,"Koishi:ImaginaryFriend":37,"RuthlessExorcism:ReiMu":61}]},"card_choices":[{"not_picked":["alterego_mod:HighServant","alterego_mod:SuperDuperMasochism"],"picked":"alterego_mod:SakuraFive","floor":1.0},{"not_picked":["alterego_mod:Punishment","alterego_mod:BreastValley"],"picked":"alterego_mod:GachaTicket","floor":4.0},{"not_picked":["alterego_mod:Undulate","alterego_mod:Exercise"],"picked":"alterego_mod:Birthday","floor":5.0},{"not_picked":["alterego_mod:Swimsuit","alterego_mod:Crossover"],"picked":"alterego_mod:Bounce","floor":7.0},{"not_picked":["alterego_mod:Cycle","alterego_mod:Bunnysuit"],"picked":"alterego_mod:Undulate","floor":11.0},{"not_picked":["alterego_mod:HighServant","alterego_mod:Punishment"],"picked":"alterego_mod:Stockings","floor":12.0},{"not_picked":["alterego_mod:Rip","alterego_mod:Complex"],"picked":"alterego_mod:SakuraLabyrinth","floor":14.0},{"not_picked":["alterego_mod:Lift","alterego_mod:Alter"],"picked":"alterego_mod:TrickOrTreatment","floor":16.0},{"not_picked":["alterego_mod:DiscoLights","alterego_mod:Skirt+1"],"picked":"alterego_mod:Cooking+1","floor":18.0},{"not_picked":["alterego_mod:Smother+1","FollowUp"],"picked":"alterego_mod:DiscoLights+1","floor":23.0},{"not_picked":["CrushJoints","Ragnarok"],"picked":"alterego_mod:Undulate+1","floor":25.0},{"not_picked":["alterego_mod:MaintainEyeContact+1","alterego_mod:RingBreak+1"],"picked":"alterego_mod:IndependentAction","floor":27.0},{"not_picked":["EmptyFist","alterego_mod:Maid+1","alterego_mod:Weigh"],"picked":"SKIP","floor":29.0},{"not_picked":["alterego_mod:STier","alterego_mod:AlterEgo+1"],"picked":"alterego_mod:IdEs","floor":33.0},{"not_picked":["alterego_mod:Complex","alterego_mod:Undulate+1"],"picked":"alterego_mod:TrashNCrash+1","floor":35.0},{"not_picked":["CrushJoints","alterego_mod:Cycle+1"],"picked":"alterego_mod:BiFurious+1","floor":38.0},{"not_picked":["alterego_mod:Cycle","alterego_mod:GoddessCore"],"picked":"alterego_mod:DeftHands+1","floor":39.0},{"not_picked":["Carnage+1","alterego_mod:DestructionOfProperty","alterego_mod:MagicResistance"],"picked":"SKIP","floor":40},{"not_picked":["alterego_mod:Lift+1","Tantrum"],"picked":"Clash","floor":42},{"not_picked":["Reaper","alterego_mod:Clones"],"picked":"alterego_mod:Birthday","floor":44},{"not_picked":["alterego_mod:Skirt","alterego_mod:GachaTicket+1"],"picked":"alterego_mod:DustData+1","floor":45},{"not_picked":["alterego_mod:PurpleHair","alterego_mod:Complex","alterego_mod:Clap"],"picked":"SKIP","floor":47},{"not_picked":["alterego_mod:GoddessCore","alterego_mod:Cycle","alterego_mod:Smother+1"],"picked":"SKIP","floor":48}],"player_experience":61087,"relics_obtained":[{"floor":1.0,"key":"Baka"},{"floor":1.0,"key":"LetterFromLob"},{"floor":7.0,"key":"Replay:Mystery Machine"},{"floor":11.0,"key":"Oddly Smooth Stone"},{"floor":23.0,"key":"DemoMod:JetPack"},{"floor":23.0,"key":"LetterFromLob"},{"floor":25.0,"key":"qcfpunch:Red_Gi"},{"floor":26.0,"key":"REME_LimitBreaker"},{"floor":27.0,"key":"aspiration:AnachronicSnailShell"},{"floor":29.0,"key":"RuthlessExorcism:ReiMu"},{"floor":32.0,"key":"AT_DeathDance"},{"floor":38.0,"key":"PageOfPinocchio"},{"floor":39.0,"key":"PageOfPorccubus"},{"floor":40,"key":"Replay:Bandana"},{"floor":40,"key":"Nunchaku"},{"floor":42,"key":"ReplayTheSpireMod:Ninjato"},{"floor":42,"key":"qcfpunch:Red_Headband"},{"floor":43,"key":"Mastiff:ReiMu"},{"floor":44,"key":"GodSword4"},{"floor":44,"key":"Centennial Puzzle"},{"floor":45,"key":"MealTicket"},{"floor":47,"key":"AT_ArchangelStaff"},{"floor":48,"key":"Art of War"}],"event_choices":[{"damage_healed":0.0,"max_hp_gain":0.0,"max_hp_loss":0.0,"gold_gain":0.0,"event_name":"conspire:Investor","player_choice":"Leave","floor":24.0,"gold_loss":0.0,"damage_taken":0.0}],"is_beta":false,"boss_relics":[{"not_picked":["REME_ChargedStone","Replay:Drink Me"],"picked":"Replay:Wanted Poster"},{"not_picked":["Abe\u0027s Treasure","aspiration:IroncladSkillbook"],"picked":"vexMod:TanglingVine"}],"items_purged_floors":[20,37],"is_endless":false,"potions_floor_spawned":[4,11,12,16,18,25,33,39,42,44,47,48],"ascension_level":1}}