{"host":"52lujqhsyicpcskq","time":1610607144,"event":{"mods":["BaseMod","Colored Map","DeckTracker","Minty Spire (QoL Compilation)","Permanent Neow","StSLib","SuperFastMode","everything is the same but u backflip on backflip"],"gold_per_floor":[113,63,82,99,119,146,146,161,161,2,27,27,87,116,116,215,215,226,31,43,43,60,60,89,100,100,100,132,132,132,144,144,144,144],"floor_reached":33,"language":"KOR","playtime":2163,"items_purged":[],"score":488,"play_id":"6d351024-844e-4b94-ba0b-c875008de73d","local_time":"20210114155224","is_ascension_mode":true,"campfire_choices":[{"data":"Neutralize","floor":7,"key":"SMITH"},{"data":"Venomology","floor":12,"key":"SMITH"},{"floor":15,"key":"REST"},{"data":"Adrenaline","floor":23,"key":"SMITH"},{"floor":27,"key":"REST"},{"floor":29,"key":"REST"},{"data":"Night Terror","floor":32,"key":"SMITH"}],"circlet_count":0,"master_deck":["AscendersBane","Strike_G","Strike_G","Strike_G","Strike_G","Defend_G","Defend_G","Defend_G","Defend_G","Survivor","Neutralize+1","Poisoned Stab","Slice","Dagger Spray","Malaise","PiercingWail","Dagger Throw","Venomology+1","Bouncing Flask","Adrenaline+1","Cloak And Dagger","Endless Agony","Footwork","Night Terror+1","Deadly Poison","Blade Dance","Finisher","Choke+1","Blur","Deflect","Leg Sweep","Accuracy+1"],"relics":["Ring of the Snake","Meat on the Bone","Darkstone Periapt","Bag of Preparation","Shuriken","Pantograph","Empty Cage","Juzu Bracelet","Potion Belt","Ninja Scroll","Frozen Egg 2","MutagenicStrength"],"acts_visited":["Exordium","TheCity"],"potions_floor_usage":[6,11,13,14,16,18,18,20,24,24,28,28,28,31],"damage_taken":[{"damage":2,"enemies":"Jaw Worm","floor":1,"turns":4},{"damage":1,"enemies":"2 Louse","floor":3,"turns":3},{"damage":7,"enemies":"Small Slimes","floor":4,"turns":2},{"damage":10,"enemies":"Looter","floor":5,"turns":4},{"damage":13,"enemies":"3 Sentries","floor":6,"turns":7},{"damage":13,"enemies":"3 Louse","floor":8,"turns":3},{"damage":20,"enemies":"Gremlin Nob","floor":11,"turns":4},{"damage":15,"enemies":"3 Sentries","floor":13,"turns":5},{"damage":11,"enemies":"3 Sentries","floor":14,"turns":6},{"damage":28,"enemies":"Slime Boss","floor":16,"turns":9},{"damage":0,"enemies":"3 Byrds","floor":18,"turns":5},{"damage":10,"enemies":"Shell Parasite","floor":20,"turns":6},{"damage":21,"enemies":"Cultist and Chosen","floor":22,"turns":7},{"damage":47,"enemies":"Book of Stabbing","floor":24,"turns":7},{"damage":7,"enemies":"3 Cultists","floor":25,"turns":6},{"damage":44,"enemies":"Slavers","floor":28,"turns":7},{"damage":14,"enemies":"Snecko","floor":31,"turns":6},{"damage":80,"enemies":"Automaton","floor":33,"turns":6}],"seed_played":"5214887616390858055","potions_obtained":[{"floor":4,"key":"EssenceOfSteel"},{"floor":6,"key":"Energy Potion"},{"floor":8,"key":"FairyPotion"},{"floor":14,"key":"LiquidBronze"},{"floor":18,"key":"Ancient Potion"},{"floor":25,"key":"SpeedPotion"}],"is_trial":false,"path_per_floor":["M","$","M","M","M","E","R","M","T","$","E","R","?","E","R","B",null,"M","$","M","?","M","R","E","M","T","R","E","R","?","M","R","B"],"character_chosen":"THE_SILENT","items_purchased":["Dagger Spray","Adrenaline","Blade Dance","Juzu Bracelet"],"campfire_rested":3,"item_purchase_floors":[2,10,19,19],"current_hp_per_floor":[61,61,60,53,43,30,30,29,29,29,21,21,18,19,40,37,62,62,62,52,52,43,43,33,38,38,59,27,48,48,46,46,0,0],"gold":144,"neow_bonus":"THREE_CARDS","is_daily":false,"chose_seed":false,"campfire_upgraded":4,"win_rate":0.0,"timestamp":1610607144,"path_taken":["M","$","M","M","M","E","R","M","T","$","E","R","?","E","R","BOSS","M","$","M","?","M","R","E","M","T","R","E","R","?","M","R","BOSS"],"items_purchased_type":["Card","Card","Card","Relic"],"build_version":"2020-12-22","purchased_purges":0,"victory":false,"max_hp_per_floor":[70,70,70,70,70,70,70,70,70,70,70,70,70,70,70,70,70,70,70,70,70,70,70,70,70,70,70,70,70,70,70,70,70,70],"card_choices":[{"not_picked":["Flying Knee","PiercingWail"],"picked":"Poisoned Stab","floor":0},{"not_picked":["Bane","Blade Dance"],"picked":"Slice","floor":1},{"not_picked":["Deflect","Choke"],"picked":"Malaise","floor":3},{"not_picked":["Dodge and Roll","Deadly Poison"],"picked":"PiercingWail","floor":4},{"not_picked":["Eviscerate","Distraction"],"picked":"Dagger Throw","floor":5},{"not_picked":["Riddle With Holes","Dodge and Roll"],"picked":"Venomology","floor":6},{"not_picked":["Dodge and Roll","Deadly Poison"],"picked":"Bouncing Flask","floor":8},{"not_picked":["Predator","Tools of the Trade"],"picked":"Cloak And Dagger","floor":11},{"not_picked":["Predator","Infinite Blades"],"picked":"Endless Agony","floor":13},{"not_picked":["Cloak And Dagger","Flechettes"],"picked":"Footwork","floor":14},{"not_picked":["Venomology","Grand Finale"],"picked":"Night Terror","floor":16},{"not_picked":["Calculated Gamble","Outmaneuver"],"picked":"Deadly Poison","floor":18},{"not_picked":["Expertise","Deadly Poison"],"picked":"Finisher","floor":20},{"not_picked":["Dagger Spray","Flying Knee"],"picked":"Choke+1","floor":22},{"not_picked":["Riddle With Holes","Slice"],"picked":"Blur","floor":24},{"not_picked":["Expertise","Quick Slash"],"picked":"Deflect","floor":25},{"not_picked":["Bullet Time","Catalyst+1"],"picked":"Leg Sweep","floor":28},{"not_picked":["Dodge and Roll+1","Prepared"],"picked":"Accuracy+1","floor":31}],"player_experience":711754,"relics_obtained":[{"floor":6,"key":"Meat on the Bone"},{"floor":9,"key":"Darkstone Periapt"},{"floor":11,"key":"Bag of Preparation"},{"floor":14,"key":"Pantograph"},{"floor":24,"key":"Potion Belt"},{"floor":26,"key":"Ninja Scroll"},{"floor":28,"key":"Frozen Egg 2"}],"event_choices":[{"damage_healed":0,"gold_gain":30,"player_choice":"Searched \u00273\u0027 times","damage_taken":0,"relics_obtained":["Shuriken"],"max_hp_gain":0,"max_hp_loss":0,"event_name":"Dead Adventurer","floor":13,"gold_loss":0},{"damage_healed":0,"gold_gain":0,"player_choice":"Ignored","damage_taken":0,"max_hp_gain":0,"max_hp_loss":0,"event_name":"Vampires","floor":21,"gold_loss":0},{"damage_healed":0,"gold_gain":0,"player_choice":"Inject Mutagens","damage_taken":0,"relics_obtained":["MutagenicStrength"],"max_hp_gain":0,"max_hp_loss":0,"event_name":"Drug Dealer","floor":30,"gold_loss":0}],"is_beta":false,"boss_relics":[{"not_picked":["Runic Dome","Busted Crown"],"picked":"Empty Cage"}],"items_purged_floors":[],"is_endless":false,"potions_floor_spawned":[4,6,8,14,18,25],"killed_by":"Automaton","ascension_level":12}}