{"host":"eny0bxnatoru6fum","time":1610582864,"event":{"mods":["A Magickal Journey","AchievementEnabler","AlwaysNeverKeys","Aspiration","BaseMod","Beaked The Cultist","BetterRewards","Colored Map","Colored Powertips","Conspire","DeckTracker","Duelist Mod","Energized Spire","Glutton Mod","Halation","Hubris","Infinite Spire","Jedi Mod","Lobotomy","LobotomyExtend","Minty Spire (QoL Compilation)","Relic Sorter","Replay The Spire","Shop Mod","Spicy Shops","Spikes Relics","StSLib","Synergy Search","The Animator","The Blue Laboratory","The Bug Knight","The Cursed","The Hierophant","The Jungle","The Problem Sleuth","The Runesmith","The Sage","The Servant 0.9.4","The Spell Scribe","vexMod"],"gold_per_floor":[116,116,91,107,107,117,129,171,171,183,195,195,221,234,234,329,329,344,99,99,114,4,4,34,34,60,60,105,56,76,99,99,206,206,236,102,137,237,262,262,298,19,19,24,24,43,79,99,99,99],"floor_reached":51,"language":"ENG","playtime":4671,"items_purged":["Parasite"],"score":971,"play_id":"3fbe487e-a360-4ac8-8cb4-6ac601b9c1ef","local_time":"20210113180744","is_ascension_mode":false,"campfire_choices":[{"floor":12.0,"key":"REST"},{"floor":15.0,"key":"REST"},{"data":"animator:Lu","floor":23.0,"key":"SMITH"},{"floor":25.0,"key":"REST"},{"data":"animator:Lu","floor":32.0,"key":"SMITH"},{"floor":40.0,"key":"REST"},{"data":"animator:AcuraAkari","floor":45.0,"key":"SMITH"},{"data":"animator:AcuraTooru","floor":49,"key":"SMITH"}],"circlet_count":0,"master_deck":["animator:Strike_Overlord","animator:Defend_Overlord","animator:Strike+1","animator:Defend","animator:Defend","animator:Cocytus","animator:Demiurge","animator:Shichika","animator:Lu+1","animator:Ciel","animator:Cocytus","animator:AcuraTooru","animator:ZankiKiguchi","animator:MetalKnight+1","animator:Ainz","animator:Kaijin","animator:Ainz","ReplayTheSpireMod:Echo Chamber+1","animator:AcuraTooru","animator:Envy","animator:GazelDwargon","Injury","Pot Of Greed","Pot Of Greed","animator:Raven","animator:Lu+1","Pot Of Greed","animator:IzunaHatsuse+1","animator:Emonzaemon+1","animator:Gillette","animator:HigakiRinne","animator:Illya","animator:AcuraTooru+1","animator:AcuraAkari+1","animator:EmiyaShirou+1","animator:Viivi+1","animator:Biyorigo","animator:Shizu","animator:Rena","animator:Ciel+1","animator:Rena"],"relics":["animator:LivingPicture","Lee\u0027s Waffle","animator:TheMissingPiece","animator:PurgingStone","LetterFromLob","halation:EternalFortune","animator:OldCoffin","beaked:SacredDeck","Pantograph","ReplayFunnel","halation:AfternoonTea","Moonlight_r","hubris:GlazedTorus","infinitespire:EvilPickle","vexMod:DeviousBotling","Ring of Chaos","MerchantsRug","Vajra","Thread and Needle","SuspiciousGoo"],"acts_visited":["Exordium","TheCity","TheBeyond"],"potions_floor_usage":[47,47,50],"damage_taken":[{"damage":0.0,"enemies":"2 Louse","floor":1.0,"turns":2.0},{"damage":3.0,"enemies":"Jaw Worm","floor":4.0,"turns":3.0},{"damage":14.0,"enemies":"Small Slimes","floor":6.0,"turns":3.0},{"damage":8.0,"enemies":"2 Fungi Beasts","floor":7.0,"turns":3.0},{"damage":9.0,"enemies":"Gremlin Nob","floor":8.0,"turns":3.0},{"damage":7.0,"enemies":"Exordium Thugs","floor":10.0,"turns":4.0},{"damage":0.0,"enemies":"Large Slime","floor":11.0,"turns":3.0},{"damage":9.0,"enemies":"Blue Slaver","floor":13.0,"turns":3.0},{"damage":0.0,"enemies":"Exordium Thugs","floor":14.0,"turns":4.0},{"damage":8.0,"enemies":"Slime Boss","floor":16.0,"turns":6.0},{"damage":6.0,"enemies":"Spheric Guardian","floor":18.0,"turns":3.0},{"damage":16.0,"enemies":"Shell Parasite","floor":21.0,"turns":5.0},{"damage":33.0,"enemies":"HollowMod:Nosk","floor":24.0,"turns":6.0},{"damage":13.0,"enemies":"animator:HornedBat","floor":28.0,"turns":6.0},{"damage":0.0,"enemies":"Snake Plant","floor":30.0,"turns":3.0},{"damage":9.0,"enemies":"Pondfish","floor":33.0,"turns":6.0},{"damage":40.0,"enemies":"3 Darklings","floor":35.0,"turns":5.0},{"damage":17.0,"enemies":"3 Shapes","floor":37.0,"turns":4.0},{"damage":0.0,"enemies":"Writhing Mass","floor":39.0,"turns":5.0},{"damage":30.0,"enemies":"Transient","floor":41.0,"turns":5.0},{"damage":4.0,"enemies":"Maw","floor":44.0,"turns":6.0},{"damage":9,"enemies":"4 Shapes","floor":46,"turns":5},{"damage":20,"enemies":"Nemesis","floor":47,"turns":7},{"damage":1,"enemies":"Transient","floor":48,"turns":5},{"damage":5,"enemies":"hubris:GrandSnecko","floor":50,"turns":6}],"seed_played":"-5057817395562911397","potions_obtained":[{"floor":1.0,"key":"blueLaboratory:SavagePotion"},{"floor":7.0,"key":"SkillPotion"},{"floor":10.0,"key":"PowerPotion"},{"floor":14.0,"key":"Elixir"},{"floor":16.0,"key":"blueLaboratory:ImpenetrablePotion"},{"floor":18.0,"key":"PowerPotion"},{"floor":24.0,"key":"Reflective Coating"},{"floor":33.0,"key":"blueLaboratory:BottledHope"},{"floor":39.0,"key":"FearPotion"},{"floor":44.0,"key":"blueLaboratory:ImpenetrablePotion"},{"floor":48,"key":"blueLaboratory:FrostheartPotion"}],"is_trial":false,"path_per_floor":["M","?","?","M","?","M","M","E","T","M","M","R","M","M","R","B",null,"M","$","?","M","$","R","E","R","T","M","E","$","M","T","R","B",null,"M","$","M","?","M","R","M","$","T","M","R","M","E","M","R","B",null],"character_chosen":"THE_ANIMATOR","items_purchased":["Pantograph","Grinning Jar","animator:Raven","animator:Emonzaemon+1","MerchantsRug","Vajra","animator:AcuraTooru","animator:Biyorigo","Lee\u0027s Waffle"],"campfire_rested":4,"item_purchase_floors":[19,22,22,29,36,36,36,42,42],"current_hp_per_floor":[60,53,53,50,53,39,31,22,22,15,15,39,30,30,54,46,81,78,78,78,62,62,62,29,54,54,22,9,9,16,23,23,39,92,52,52,35,35,35,62,48,97,97,96,96,90,70,69,69,89],"gold":99,"neow_bonus":"TWENTY_PERCENT_HP_BONUS","is_daily":false,"chose_seed":false,"campfire_upgraded":4,"win_rate":0.0,"timestamp":1610582864,"path_taken":["M","?","?","?","?","M","M","E","T","M","M","R","M","M","R","BOSS","M","$","?","M","?","R","E","R","T","M","E","?","M","?","R","BOSS","M","$","M","?","?","R","M","$","T","M","R","M","E","M","R","BOSS"],"items_purchased_type":["Relic","Relic","Card","Card","Relic","Relic","Card","Card","Relic"],"build_version":"2020-12-22","purchased_purges":1,"victory":true,"max_hp_per_floor":[78,78,78,78,81,81,81,81,81,81,81,81,81,81,81,81,81,84,84,84,84,84,84,84,84,84,84,84,84,85,92,92,92,92,92,92,92,92,92,92,93,97,97,100,100,103,103,103,103,103],"card_choices":[{"not_picked":["animator:IzunaHatsuse","animator:Hitei"],"picked":"animator:Shichika","floor":1.0},{"not_picked":["animator:DolaRiku","animator:Nanami"],"picked":"animator:Lu","floor":4.0},{"not_picked":["animator:Illya","animator:Shuna"],"picked":"animator:Ciel","floor":6.0},{"not_picked":["animator:Evileye","animator:Sebas"],"picked":"animator:Cocytus","floor":7.0},{"not_picked":["animator:Laby","animator:Sebas"],"picked":"animator:AcuraTooru","floor":8.0},{"not_picked":["animator:Cocytus","animator:ElricAlphonse"],"picked":"animator:ZankiKiguchi","floor":10.0},{"not_picked":["animator:PandorasActor","animator:Add"],"picked":"animator:MetalKnight","floor":11.0},{"not_picked":["animator:Sebas","animator:Demiurge"],"picked":"animator:Ainz","floor":13.0},{"not_picked":["animator:EmiyaShirou","animator:Shuna"],"picked":"animator:Kaijin","floor":14.0},{"not_picked":["animator:Eve","animator:ChaikaTrabant"],"picked":"animator:Ainz","floor":16.0},{"not_picked":["animator:Shalltear","animator:Shion"],"picked":"animator:AcuraTooru","floor":18.0},{"not_picked":["animator:DolaSchwi","animator:RoyMustang","animator:Caster"],"picked":"SKIP","floor":21.0},{"not_picked":["animator:Laby","animator:Chung"],"picked":"animator:Lu","floor":24.0},{"not_picked":["animator:Demiurge","animator:ElricAlphonse+1"],"picked":"animator:IzunaHatsuse+1","floor":28.0},{"not_picked":["animator:Raven","animator:DolaRiku+1"],"picked":"animator:Gillette","floor":30.0},{"not_picked":["animator:AcuraShin","animator:Eve"],"picked":"animator:HigakiRinne","floor":33.0},{"not_picked":["animator:Sebas","animator:Raven+1"],"picked":"animator:Illya","floor":35.0},{"not_picked":["animator:ChaikaBohdan","animator:AcuraTooru"],"picked":"animator:AcuraAkari","floor":37.0},{"not_picked":["animator:Viivi+1","animator:Togame"],"picked":"animator:EmiyaShirou+1","floor":39.0},{"not_picked":["animator:DolaCouronne","animator:Illya+1"],"picked":"animator:Viivi+1","floor":41.0},{"not_picked":["animator:Fredrika","animator:Sonic"],"picked":"animator:Shizu","floor":44.0},{"not_picked":["animator:Add","animator:Ara"],"picked":"animator:Rena","floor":46},{"not_picked":["animator:FielNirvalen","animator:Ara"],"picked":"animator:Ciel+1","floor":47},{"not_picked":["animator:Gillette+1","animator:Cocytus+1"],"picked":"animator:Rena","floor":48}],"player_experience":471422,"relics_obtained":[{"floor":1.0,"key":"LetterFromLob"},{"floor":8.0,"key":"jedi:crownofsimplicity"},{"floor":9.0,"key":"animator:OldCoffin"},{"floor":18.0,"key":"halation:EternalFortune"},{"floor":24.0,"key":"ReplayFunnel"},{"floor":26.0,"key":"halation:AfternoonTea"},{"floor":28.0,"key":"hubris:GlazedTorus"},{"floor":31.0,"key":"Strawberry"},{"floor":43.0,"key":"Thread and Needle"},{"floor":44.0,"key":"halation:EternalFortune"},{"floor":46,"key":"halation:EternalFortune"},{"floor":47,"key":"SuspiciousGoo"}],"event_choices":[{"cards_removed":["animator:Strike"],"damage_healed":0.0,"max_hp_gain":0.0,"max_hp_loss":0.0,"gold_gain":0.0,"event_name":"Golden Wing","player_choice":"Card Removal","floor":2.0,"gold_loss":0.0,"damage_taken":7.0},{"damage_healed":0.0,"max_hp_gain":0.0,"max_hp_loss":0.0,"gold_gain":0.0,"cards_transformed":["animator:Strike","animator:Defend"],"event_name":"Drug Dealer","player_choice":"Became Test Subject","floor":20.0,"gold_loss":0.0,"damage_taken":0.0,"cards_obtained":["animator:Envy","animator:GazelDwargon"]},{"damage_healed":0.0,"max_hp_gain":0.0,"max_hp_loss":0.0,"gold_gain":100.0,"event_name":"Golden Shrine","player_choice":"Pray","floor":38.0,"gold_loss":0.0,"damage_taken":0.0}],"is_beta":false,"boss_relics":[{"not_picked":["hubris:Stopwatch","Velvet Choker"],"picked":"beaked:SacredDeck"},{"not_picked":["animator:HolyGrailRelic","energizedSpire:StickyHand"],"picked":"Replay:Grab Bag"},{"not_picked":["infinitespire:Cupcake","Sozu"],"picked":"vexMod:DeviousBotling"},{"not_picked":["vexMod:EndlessSickness","hubris:CrackedHourglass"],"picked":"energizedSpire:SpiderWeb"},{"not_picked":["halation:MonkeysPaw","hubris:BlackHole"],"picked":"Ring of Chaos"}],"items_purged_floors":[42],"is_endless":false,"potions_floor_spawned":[1,7,10,14,16,18,24,33,39,44,48],"ascension_level":0}}