{"host":"yvb207ks1sg3cxef","time":1610645535,"event":{"mods":["2.2 Compatiblity","BaseMod","Bestiary","Colored Powertips","Minty Spire (QoL Compilation)","Permanent Neow","Quick Restart","Relic Stats","StSLib"],"gold_per_floor":[364,314,314,333,35,35,51,51,51,51,61,96,96,96,96],"floor_reached":14,"language":"ENG","playtime":320,"items_purged":[],"score":106,"play_id":"bfb0f70d-305a-4e06-aa17-7c91e1192a16","local_time":"20210114230215","is_ascension_mode":true,"campfire_choices":[{"data":"Creative AI","floor":6.0,"key":"SMITH"},{"data":"Defragment","floor":8.0,"key":"SMITH"},{"data":"Zap","floor":10.0,"key":"SMITH"}],"circlet_count":0,"master_deck":["Strike_B","Strike_B","Defend_B","Defend_B","Defend_B","Defend_B","Zap+1","Dualcast","Ball Lightning","Defragment+1","Creative AI+1","Force Field","Genetic Algorithm","Fusion"],"relics":["Cracked Core","Runic Capacitor","Molten Egg 2","Boot"],"acts_visited":["Exordium"],"potions_floor_usage":[14],"damage_taken":[{"damage":2.0,"enemies":"Jaw Worm","floor":1.0,"turns":3.0},{"damage":9.0,"enemies":"2 Louse","floor":4.0,"turns":2.0},{"damage":1.0,"enemies":"Cultist","floor":7.0,"turns":4.0},{"damage":6.0,"enemies":"Looter","floor":11.0,"turns":4.0},{"damage":8,"enemies":"Lagavulin","floor":12,"turns":7},{"damage":43,"enemies":"Gremlin Nob","floor":14,"turns":4}],"seed_played":"-8129397449786488241","potions_obtained":[{"floor":1.0,"key":"SteroidPotion"},{"floor":12,"key":"PotionOfCapacity"}],"is_trial":false,"path_per_floor":["M","?","?","M","$","R","M","R","T","R","M","E","?","E"],"character_chosen":"DEFECT","items_purchased":["Creative AI","Runic Capacitor"],"campfire_rested":0,"item_purchase_floors":[5,5],"current_hp_per_floor":[66,66,59,50,50,50,49,49,49,49,43,35,35,0,0],"gold":96,"neow_bonus":"TWO_FIFTY_GOLD","is_daily":false,"chose_seed":false,"campfire_upgraded":3,"win_rate":0.0,"timestamp":1610645535,"path_taken":["M","?","?","M","$","R","M","R","T","R","M","E","?","E"],"items_purchased_type":["Card","Relic"],"build_version":"2020-12-22","purchased_purges":0,"victory":false,"max_hp_per_floor":[68,68,68,68,68,68,68,68,68,68,68,68,68,68,68],"relic_stats":{"counters":[6,24],"Boot":[0],"obtain_stats":[{"Molten Egg 2":9,"Runic Capacitor":5,"Cracked Core":0,"Boot":12},{"Molten Egg 2":3,"Runic Capacitor":2,"Cracked Core":0,"Boot":5},{"Molten Egg 2":9,"Runic Capacitor":5,"Cracked Core":0,"Boot":20}]},"card_choices":[{"not_picked":["Storm","Turbo"],"picked":"Ball Lightning","floor":1.0},{"not_picked":["Redo","Rebound"],"picked":"Defragment","floor":4.0},{"not_picked":["Double Energy","Hello World"],"picked":"Force Field","floor":7.0},{"not_picked":["Recycle","Compile Driver+1"],"picked":"Genetic Algorithm","floor":11.0},{"not_picked":["Rainbow","Hologram"],"picked":"Fusion","floor":12}],"player_experience":339080,"relics_obtained":[{"floor":9.0,"key":"Molten Egg 2"},{"floor":12,"key":"Boot"}],"event_choices":[{"cards_removed":["Strike_B"],"damage_healed":0.0,"max_hp_gain":0.0,"max_hp_loss":0.0,"gold_gain":0.0,"event_name":"The Cleric","player_choice":"Card Removal","floor":2.0,"gold_loss":50.0,"damage_taken":0.0},{"cards_removed":["Strike_B"],"damage_healed":0.0,"max_hp_gain":0.0,"max_hp_loss":0.0,"gold_gain":0.0,"event_name":"Golden Wing","player_choice":"Card Removal","floor":3.0,"gold_loss":0.0,"damage_taken":7.0},{"damage_healed":0,"gold_gain":0,"player_choice":"Fled","damage_taken":0,"max_hp_gain":0,"max_hp_loss":0,"event_name":"Scrap Ooze","floor":13,"gold_loss":0}],"is_beta":false,"boss_relics":[],"items_purged_floors":[],"is_endless":false,"potions_floor_spawned":[1,12],"killed_by":"Gremlin Nob","ascension_level":4}}