{"host":"vyjryxuuuxkt43k4","time":1610638686,"event":{"mods":["BaseMod","Colored Map","DeckTracker","Minty Spire (QoL Compilation)","Permanent Neow","Quick Restart","StSLib","SuperFastMode","everything is the same but u backflip on backflip"],"gold_per_floor":[117,117,136,136,236,271,287,304,330,330,344,3,32,49,49,144,144,161,176,188,202,302,330,347,175,243,254,284,284,315,329,329,428,428,439,439,97,114,124,124,138,138,138,154,170,170,181,181,181,181,181,181,55,83,83,83],"floor_reached":55,"language":"KOR","playtime":3470,"items_purged":["Strike_G"],"score":867,"play_id":"1cc60ce8-565f-45b4-891e-a918f26de261","local_time":"20210115003806","is_ascension_mode":true,"campfire_choices":[{"data":"After Image","floor":10,"key":"SMITH"},{"data":"Leg Sweep","floor":15,"key":"SMITH"},{"floor":29,"key":"REST"},{"data":"Neutralize","floor":32,"key":"SMITH"},{"floor":40,"key":"REST"},{"floor":46,"key":"REST"},{"floor":49,"key":"RECALL"},{"data":"Blade Dance","floor":52,"key":"SMITH"}],"circlet_count":0,"master_deck":["Strike_G","Strike_G","Strike_G","Defend_G","Defend_G","Defend_G","Survivor","Neutralize+1","Noxious Fumes+1","After Image+1","Leg Sweep+1","Flying Knee","Quick Slash","Dagger Spray","Cloak And Dagger","After Image","Dodge and Roll","Backflip","Blade Dance+1","Endless Agony","Purity","Backstab","Tactician+1","PiercingWail","Venomology","Reflex+1","Heel Hook+1","Escape Plan+1","Calculated Gamble+1","Acrobatics+1","Crippling Poison","Footwork+1","Choke+1","Parasite","Outmaneuver+1"],"relics":["Ring of the Snake","NeowsBlessing","Blood Vial","Vajra","Bronze Scales","Dead Branch","Letter Opener","Snecko Eye","Mercury Hourglass","Gremlin Horn","Pen Nib","Pear","Astrolabe","Calipers","Bird Faced Urn"],"acts_visited":["Exordium","TheCity","TheBeyond","TheEnding"],"potions_floor_usage":[16,18,19,19,23,23,31,33,38,38,39,41,41,44,50,50,50,54,54,55],"damage_taken":[{"damage":0,"enemies":"2 Louse","floor":1,"turns":1},{"damage":0,"enemies":"Small Slimes","floor":3,"turns":1},{"damage":0,"enemies":"3 Sentries","floor":6,"turns":1},{"damage":0,"enemies":"Cultist","floor":7,"turns":5},{"damage":0,"enemies":"Large Slime","floor":8,"turns":8},{"damage":0,"enemies":"Red Slaver","floor":11,"turns":4},{"damage":11,"enemies":"Gremlin Nob","floor":13,"turns":4},{"damage":6,"enemies":"Blue Slaver","floor":14,"turns":4},{"damage":22,"enemies":"Slime Boss","floor":16,"turns":10},{"damage":3,"enemies":"2 Thieves","floor":18,"turns":4},{"damage":17,"enemies":"3 Byrds","floor":19,"turns":3},{"damage":0,"enemies":"Centurion and Healer","floor":20,"turns":8},{"damage":11,"enemies":"Snecko","floor":21,"turns":6},{"damage":8,"enemies":"Slavers","floor":23,"turns":3},{"damage":6,"enemies":"Snake Plant","floor":24,"turns":4},{"damage":7,"enemies":"Sentry and Sphere","floor":27,"turns":6},{"damage":8,"enemies":"Gremlin Leader","floor":28,"turns":5},{"damage":9,"enemies":"Slavers","floor":30,"turns":4},{"damage":18,"enemies":"Shelled Parasite and Fungi","floor":31,"turns":4},{"damage":33,"enemies":"Champ","floor":33,"turns":13},{"damage":49,"enemies":"3 Darklings","floor":35,"turns":3},{"damage":4,"enemies":"3 Shapes","floor":38,"turns":4},{"damage":19,"enemies":"3 Darklings","floor":39,"turns":4},{"damage":29,"enemies":"Maw","floor":41,"turns":7},{"damage":0,"enemies":"Jaw Worm Horde","floor":44,"turns":3},{"damage":0,"enemies":"Spire Growth","floor":45,"turns":4},{"damage":0,"enemies":"Writhing Mass","floor":47,"turns":7},{"damage":51,"enemies":"Donu and Deca","floor":50,"turns":11},{"damage":26,"enemies":"Shield and Spear","floor":54,"turns":6},{"damage":71,"enemies":"The Heart","floor":55,"turns":3}],"seed_played":"-1291280701000941023","potions_obtained":[{"floor":3,"key":"DuplicationPotion"},{"floor":6,"key":"Fire Potion"},{"floor":8,"key":"Energy Potion"},{"floor":13,"key":"PowerPotion"},{"floor":16,"key":"PowerPotion"},{"floor":19,"key":"FairyPotion"},{"floor":20,"key":"SkillPotion"},{"floor":21,"key":"LiquidBronze"},{"floor":28,"key":"CunningPotion"},{"floor":31,"key":"Poison Potion"},{"floor":35,"key":"ColorlessPotion"},{"floor":38,"key":"Fruit Juice"},{"floor":41,"key":"Energy Potion"},{"floor":54,"key":"EssenceOfSteel"}],"is_trial":false,"path_per_floor":["M","?","M","?","?","E","M","M","T","R","M","$","E","M","R","B",null,"M","M","M","M","?","E","M","$","T","M","E","R","E","M","R","B",null,"M","?","$","M","M","R","M","?","T","M","M","R","M","?","R","B",null,"R","$","E","B"],"character_chosen":"THE_SILENT","items_purchased":["Dead Branch","Dagger Spray","Purity","Calipers","Calculated Gamble","DistilledChaos","Block Potion"],"campfire_rested":3,"item_purchase_floors":[12,12,25,37,37,53,53],"current_hp_per_floor":[70,63,65,65,65,67,69,70,70,70,70,70,59,55,55,35,70,67,52,54,45,45,39,35,35,35,30,24,45,48,32,32,1,80,31,31,31,34,17,42,15,15,15,17,19,44,46,46,46,24,85,85,85,59,0,0],"gold":83,"neow_bonus":"THREE_ENEMY_KILL","is_daily":false,"chose_seed":false,"campfire_upgraded":4,"win_rate":0.0,"timestamp":1610638686,"path_taken":["M","?","M","?","?","E","M","M","T","R","?","$","E","M","R","BOSS","M","M","M","M","?","E","?","$","T","M","E","R","E","M","R","BOSS","M","?","$","M","M","R","M","?","T","M","M","R","M","?","R","BOSS","R","$","E","BOSS"],"items_purchased_type":["Relic","Card","Card","Relic","Card","Potion","Potion"],"build_version":"2020-12-22","purchased_purges":1,"victory":false,"max_hp_per_floor":[70,70,70,70,70,70,70,70,70,70,70,70,70,70,70,70,70,70,70,70,70,70,70,70,70,70,70,70,70,80,80,80,80,80,80,80,80,85,85,85,85,85,85,85,85,85,85,85,85,85,85,85,85,85,85,85],"card_choices":[{"not_picked":["Cloak And Dagger","Bane","Setup"],"picked":"SKIP","floor":1},{"not_picked":["Flying Knee","Dodge and Roll"],"picked":"Noxious Fumes","floor":3},{"not_picked":["Choke","Expertise"],"picked":"After Image","floor":6},{"not_picked":["Sucker Punch","Caltrops"],"picked":"Leg Sweep","floor":7},{"not_picked":["Bouncing Flask","Infinite Blades"],"picked":"Flying Knee","floor":8},{"not_picked":["Leg Sweep","Deadly Poison"],"picked":"Quick Slash","floor":11},{"not_picked":["Finisher","Dagger Throw"],"picked":"Cloak And Dagger","floor":13},{"not_picked":["Sucker Punch","Prepared","Bane"],"picked":"SKIP","floor":14},{"not_picked":["Phantasmal Killer","Envenom"],"picked":"After Image","floor":16},{"not_picked":["Backstab","Quick Slash+1"],"picked":"Dodge and Roll","floor":18},{"not_picked":["Dagger Spray","Cloak And Dagger"],"picked":"Backflip","floor":19},{"not_picked":["Endless Agony+1","Accuracy+1"],"picked":"Blade Dance","floor":20},{"not_picked":["Dodge and Roll","Tactician","Quick Slash"],"picked":"SKIP","floor":21},{"not_picked":["PiercingWail","Slice"],"picked":"Endless Agony","floor":23},{"not_picked":["Noxious Fumes","Tactician","Dagger Throw"],"picked":"SKIP","floor":24},{"not_picked":["Setup","Envenom"],"picked":"Backstab","floor":27},{"not_picked":["Underhanded Strike","Choke"],"picked":"Tactician+1","floor":28},{"not_picked":["Sucker Punch","Poisoned Stab"],"picked":"PiercingWail","floor":30},{"not_picked":["Deadly Poison","Flying Knee","Poisoned Stab"],"picked":"SKIP","floor":31},{"not_picked":["Grand Finale","Wraith Form v2"],"picked":"Venomology","floor":33},{"not_picked":["Cloak And Dagger","Underhanded Strike"],"picked":"Escape Plan+1","floor":35},{"not_picked":["Dodge and Roll+1","Dagger Throw"],"picked":"Acrobatics+1","floor":38},{"not_picked":["Catalyst","Underhanded Strike"],"picked":"Crippling Poison","floor":39},{"not_picked":["Caltrops","Deflect","Eviscerate+1"],"picked":"SKIP","floor":41},{"not_picked":["Underhanded Strike+1","Dodge and Roll+1"],"picked":"Footwork+1","floor":44},{"not_picked":["Poisoned Stab+1","Dash"],"picked":"Choke+1","floor":45},{"not_picked":["Dodge and Roll+1","Dagger Throw"],"picked":"Outmaneuver+1","floor":47},{"not_picked":["Venomology","Backflip","Tactician"],"picked":"SKIP","floor":54}],"player_experience":302506,"relics_obtained":[{"floor":6,"key":"Vajra"},{"floor":9,"key":"Bronze Scales"},{"floor":13,"key":"Letter Opener"},{"floor":23,"key":"Mercury Hourglass"},{"floor":26,"key":"Gremlin Horn"},{"floor":28,"key":"Pen Nib"},{"floor":30,"key":"Pear"},{"floor":54,"key":"Bird Faced Urn"}],"event_choices":[{"damage_healed":0,"gold_gain":0,"player_choice":"Success","damage_taken":7,"relics_obtained":["Blood Vial"],"max_hp_gain":0,"max_hp_loss":0,"event_name":"Scrap Ooze","floor":2,"gold_loss":0},{"damage_healed":0,"gold_gain":0,"player_choice":"Grow","damage_taken":0,"max_hp_gain":0,"max_hp_loss":0,"event_name":"Living Wall","floor":4,"gold_loss":0,"cards_upgraded":["Noxious Fumes"]},{"damage_healed":0,"gold_gain":100,"player_choice":"Pray","damage_taken":0,"max_hp_gain":0,"max_hp_loss":0,"event_name":"Golden Shrine","floor":5,"gold_loss":0},{"damage_healed":0,"gold_gain":100,"player_choice":"Pray","damage_taken":0,"max_hp_gain":0,"max_hp_loss":0,"event_name":"Golden Shrine","floor":22,"gold_loss":0},{"damage_healed":0,"gold_gain":0,"player_choice":"Ignored","damage_taken":0,"max_hp_gain":0,"max_hp_loss":0,"event_name":"Tomb of Lord Red Mask","floor":36,"gold_loss":0},{"cards_removed":["Skewer"],"damage_healed":0,"gold_gain":0,"player_choice":"Removed Attack","damage_taken":0,"max_hp_gain":0,"max_hp_loss":0,"event_name":"Falling","floor":42,"gold_loss":0},{"damage_healed":0,"gold_gain":0,"player_choice":"Forge","damage_taken":0,"max_hp_gain":0,"max_hp_loss":0,"event_name":"Accursed Blacksmith","floor":48,"gold_loss":0,"cards_upgraded":["Calculated Gamble"]}],"is_beta":false,"boss_relics":[{"not_picked":["Calling Bell","HoveringKite"],"picked":"Snecko Eye"},{"not_picked":["Velvet Choker","WristBlade"],"picked":"Astrolabe"}],"items_purged_floors":[25],"is_endless":false,"potions_floor_spawned":[3,6,8,13,16,19,20,21,28,31,35,38,41,47,54],"killed_by":"The Heart","ascension_level":2}}