{"host":"2qpilcmj89x3pncz","time":1610592768,"event":{"mods":["100% Spire Juice","2.2 Compatiblity","Act Like it!","Aspiration","BaseMod","Beaked The Cultist","BetterRewards","Colored Map","Colored Powertips","Conjunction","Conspire","Dota2Spire","Downfall","Faster Ascension Climbing","GifTheSpireLib","Grow up Mod","Halation","Hubris","Infinite Spire","Jedi Mod","Marisa????????","Mimic Mod","Minty Spire (QoL Compilation)","Pale of the Ancients","Poem Panic","Quick Restart","Shop Mod","Small Relic Pack","Spicy Shops","Spikes Relics","StSLib","Stuff the Spire","SuperFastMode","Synergy Search","The Servant 0.9.4","Wandering Minibosses","vexMod"],"gold_per_floor":[99,111,15,39,39,39,39,59,79,104,142,170,70,91,117,204,204,104,128,128,148,166,166,166,187,187,97,123,149,161,193,204,280,280,280,297,297,312,332,342,342,10,26,26,40,40,40,40,51,51],"floor_reached":51,"language":"ENG","playtime":3183,"items_purged":["hexamod:Strike"],"score":1444,"play_id":"9bf22bce-6ba9-48e5-962a-90ba24b91beb","local_time":"20210114025248","is_ascension_mode":true,"campfire_choices":[{"data":"hexamod:Float","floor":1.0,"key":"SMITH"},{"data":"hexamod:SkipABeat","floor":6.0,"key":"SMITH"},{"floor":13.0,"key":"RECALL"},{"data":"hexamod:Firestarter","floor":18.0,"key":"SMITH"},{"data":"wanderingMiniBosses:FinaleOfPromise","floor":23.0,"key":"SMITH"},{"data":"hexamod:FastForward","floor":26.0,"key":"SMITH"},{"data":"hexamod:HexaLevel","floor":35.0,"key":"SMITH"},{"data":"hexamod:WildfireWeapon","floor":44.0,"key":"SMITH"},{"floor":46.0,"key":"REST"}],"circlet_count":0,"master_deck":["AscendersBane","hexamod:Strike","hexamod:Strike","hexamod:Strike","hexamod:Defend","hexamod:Defend","hexamod:Defend+1","hexamod:Defend","hexamod:Sear","hexamod:Float+1","hexamod:FastForward+1","hexamod:SkipABeat+1","hexamod:InspiringFlames","hexamod:TimeOfNeed","hexamod:FastForward+1","hexamod:InspiringFlames","hexamod:Hexaguard","hexamod:Firestarter+1","CurseOfTheBell","wanderingMiniBosses:FinaleOfPromise+1","hexamod:Firestarter","hexamod:HauntingEcho","hexamod:HexaLevel+1","hexamod:WildfireWeapon+1","hexamod:HauntingEcho","hexamod:ExtraCrispy","hexamod:GhostOfSpireFuture","expansioncontent:StudyTheSpire","hexamod:RadiantFlame","hexamod:RadiantFlame"],"relics":["Philosopher\u0027s Stone","vexMod:InvisibilityCloak","BrokenLever","downfall:HeartBlessingGreen","Calling Bell","jedi:crownofsimplicity","aspiration:StickyExplosives","halation:OrihimeAndHikoboshiSamaAndTears","downfall:HeartBlessingRed","wanderingMiniBosses:Blackblade","hexamod:TheBrokenSeal","Ancient Tea Set","Anchor","jedi:bottledfury","hexamod:IceCube","hubris:Towel","Dota2Spire:AghanimScepter","halation:LettersToHer","PreservedInsect"],"acts_visited":["Exordium","TheCity","TheBeyond"],"potions_floor_usage":[],"damage_taken":[{"damage":0.0,"enemies":"Cultist","floor":2.0,"turns":3.0},{"damage":5.0,"enemies":"downfall:FleeingMerchant","floor":3.0,"turns":4.0},{"damage":14.0,"enemies":"infinitespire:Voidling","floor":4.0,"turns":4.0},{"damage":23.0,"enemies":"conspire:RoseBush","floor":8.0,"turns":7.0},{"damage":9.0,"enemies":"Red Slaver","floor":9.0,"turns":4.0},{"damage":5.0,"enemies":"Large Slime","floor":10.0,"turns":6.0},{"damage":70.0,"enemies":"3 Sentries","floor":11.0,"turns":10.0},{"damage":14.0,"enemies":"Exordium Wildlife","floor":12.0,"turns":5.0},{"damage":30.0,"enemies":"conspire:2 RoseBushes","floor":14.0,"turns":10.0},{"damage":5.0,"enemies":"Blue Slaver","floor":15.0,"turns":3.0},{"damage":30.0,"enemies":"downfall:Silent","floor":16.0,"turns":11.0},{"damage":28.0,"enemies":"conspire:FuzzyDice","floor":19.0,"turns":5.0},{"damage":69.0,"enemies":"3 Cultists","floor":21.0,"turns":8.0},{"damage":14.0,"enemies":"Chosen and Byrds","floor":22.0,"turns":4.0},{"damage":22.0,"enemies":"Sentry and Sphere","floor":25.0,"turns":6.0},{"damage":0.0,"enemies":"downfall:FleeingMerchant","floor":27.0,"turns":4.0},{"damage":4.0,"enemies":"Book of Stabbing","floor":29.0,"turns":5.0},{"damage":32.0,"enemies":"Snecko","floor":30.0,"turns":6.0},{"damage":21.0,"enemies":"Nightmare","floor":31.0,"turns":6.0},{"damage":0.0,"enemies":"Centurion and Healer","floor":32.0,"turns":9.0},{"damage":36.0,"enemies":"ArchetypeAct2MushroomsNewAge","floor":33.0,"turns":7.0},{"damage":0.0,"enemies":"Orb Walker","floor":36.0,"turns":4.0},{"damage":44.0,"enemies":"3 Shapes","floor":38.0,"turns":3.0},{"damage":44.0,"enemies":"Transient","floor":39.0,"turns":6.0},{"damage":47.0,"enemies":"Spire Growth","floor":40.0,"turns":4.0},{"damage":2.0,"enemies":"downfall:FleeingMerchant","floor":42.0,"turns":3.0},{"damage":37.0,"enemies":"3 Darklings","floor":43.0,"turns":4.0},{"damage":16.0,"enemies":"Sphere and 2 Shapes","floor":45.0,"turns":4.0},{"damage":32.0,"enemies":"Spire Growth","floor":49.0,"turns":4.0},{"damage":9,"enemies":"downfall:Watcher","floor":50,"turns":9}],"seed_played":"4505650559623054696","potions_obtained":[{"floor":11.0,"key":"Energy Potion"},{"floor":12.0,"key":"hexamod:EctoCoolerPotion"},{"floor":14.0,"key":"DuplicationPotion"},{"floor":15.0,"key":"hexamod:EctoCoolerPotion"},{"floor":19.0,"key":"LiquidMemories"},{"floor":21.0,"key":"Dota2Spire:Clarity"}],"is_trial":false,"path_per_floor":["R","M","$","M","?","R","T","M","M","M","E","M","R","M","M","B",null,"R","M","?","M","M","R","T","M","R","$","T","E","M","NM","M","B",null,"R","M","?","M","M","M","T","$","M","R","M","R","?","HB","M","B",null],"character_chosen":"THE_SPIRIT","items_purchased":["hexamod:FirstSeal","expansioncontent:StudyTheSpire","hexamod:RadiantFlame","halation:LettersToHer","PreservedInsect"],"campfire_rested":1,"item_purchase_floors":[3,42,42,42,42],"current_hp_per_floor":[77,87,92,104,114,124,134,128,136,148,95,98,108,95,107,94,208,218,207,217,165,168,178,188,333,343,353,363,369,347,336,346,320,400,410,420,430,396,362,325,335,343,316,326,320,489,499,287,265,266],"gold":51,"neow_bonus":"BOSS_RELIC","is_daily":false,"chose_seed":false,"campfire_upgraded":7,"win_rate":0.0,"timestamp":1610592768,"path_taken":["R","M","$","M","?","R","T","M","M","M","E","M","R","?","M","BOSS","R","M","?","?","?","R","T","M","R","$","?","E","M","NM","M","BOSS","R","M","?","M","M","M","T","$","M","R","M","R","?","HB","M","BOSS"],"items_purchased_type":["Card","Card","Card","Relic","Relic"],"build_version":"2020-12-22","purchased_purges":1,"victory":true,"max_hp_per_floor":[83,93,103,113,123,133,143,153,163,173,183,193,203,213,223,233,243,253,263,273,283,293,303,313,333,343,353,363,373,383,393,403,413,423,433,443,453,463,473,483,493,503,513,523,533,543,553,287,297,307],"card_choices":[{"not_picked":["hexamod:ShieldOfDarkness","hexamod:SwordOfDarkness"],"picked":"hexamod:FastForward","floor":2.0},{"not_picked":["hexamod:SpectersWail","hexamod:NightmareGuise"],"picked":"hexamod:SecondSeal","floor":3.0},{"not_picked":["hexamod:FirstSeal","hexamod:SpectersWail"],"picked":"hexamod:SkipABeat","floor":4.0},{"not_picked":["hexamod:BacktrackSmack","hexamod:SpectersWail"],"picked":"hexamod:InspiringFlames","floor":8.0},{"not_picked":["hexamod:ExtraCrispy","hexamod:SuperheatedStrike"],"picked":"hexamod:TimeOfNeed","floor":9.0},{"not_picked":["hexamod:SpectralSpark","hexamod:FlamesFromBeyond"],"picked":"hexamod:FastForward","floor":10.0},{"not_picked":["hexamod:HeatMetal","hexamod:SpectersWail"],"picked":"hexamod:InspiringFlames","floor":11.0},{"not_picked":["hexamod:GhostLash","hexamod:SpectralSpark"],"picked":"hexamod:Hexaguard","floor":12.0},{"not_picked":["hexamod:StepThrough","hexamod:AdvancingGuard"],"picked":"hexamod:Firestarter","floor":14.0},{"not_picked":["hexamod:GhostShield","hexamod:Rewind"],"picked":"hexamod:FourthSeal","floor":15.0},{"not_picked":["hexamod:EmpoweringStance","hexamod:ParanormalForm"],"picked":"hexamod:FifthSeal","floor":16.0},{"not_picked":[],"picked":"wanderingMiniBosses:FinaleOfPromise","floor":19.0},{"not_picked":["hexamod:SecondSeal","hexamod:ThirdSeal"],"picked":"hexamod:SixthSeal","floor":19.0},{"not_picked":["hexamod:SpectersWail","hexamod:AdvancingGuard+1","hexamod:HeatCrush"],"picked":"SKIP","floor":19.0},{"not_picked":["hexamod:SecondSeal","hexamod:FirstSeal","hexamod:FourthSeal"],"picked":"SKIP","floor":21.0},{"not_picked":["hexamod:InspiringFlames","hexamod:ShieldOfDarkness","hexamod:Hexaguard"],"picked":"SKIP","floor":21.0},{"not_picked":["hexamod:FourthSeal","hexamod:SixthSeal"],"picked":"hexamod:ThirdSeal","floor":22.0},{"not_picked":["hexamod:HauntingEcho","hexamod:PhantomFireball+1"],"picked":"hexamod:Firestarter","floor":22.0},{"not_picked":["hexamod:ThermalTransfer","hexamod:BurningTouch","hexamod:InspiringFlames"],"picked":"SKIP","floor":25.0},{"not_picked":["hexamod:FastForward","hexamod:EtherealExpedition","hexamod:BacktrackSmack"],"picked":"SKIP","floor":27.0},{"not_picked":["hexamod:PhantomFireball","hexamod:AdvancingGuard"],"picked":"hexamod:HauntingEcho","floor":29.0},{"not_picked":["hexamod:DynamicBlow","hexamod:BurningTouch+1"],"picked":"hexamod:HexaLevel","floor":30.0},{"not_picked":["hexamod:SwordOfDarkness","hexamod:Hexaguard","hexamod:HeatShield"],"picked":"SKIP","floor":31.0},{"not_picked":["hexamod:FlamesFromBeyond","hexamod:SpectersWail","hexamod:BacktrackSmack"],"picked":"SKIP","floor":32.0},{"not_picked":["hexamod:ApocalypseNow","hexamod:VolcanoVisage"],"picked":"hexamod:WildfireWeapon","floor":33.0},{"not_picked":["hexamod:SwordOfDarkness","hexamod:HeatMetal"],"picked":"hexamod:HauntingEcho","floor":36.0},{"not_picked":["hexamod:InspiringFlames","hexamod:SwordOfDarkness+1","hexamod:SpectralAdrenaline"],"picked":"SKIP","floor":38.0},{"not_picked":["hexamod:FlamesFromBeyond","hexamod:GhostOfSpireFuture+1"],"picked":"hexamod:ExtraCrispy","floor":39.0},{"not_picked":["hexamod:ThermalTransfer","hexamod:GhostflameInferno"],"picked":"hexamod:GhostOfSpireFuture","floor":40.0},{"not_picked":["hexamod:BacktrackSmack+1","hexamod:HeatCrush","hexamod:ShieldOfDarkness"],"picked":"SKIP","floor":42.0},{"not_picked":["hexamod:HauntingEcho","hexamod:FastForward+1","hexamod:HeatShield"],"picked":"SKIP","floor":43.0},{"not_picked":["hexamod:AdvancingGuard","hexamod:GhostOfSpireFuture","hexamod:RainOfEmbers"],"picked":"SKIP","floor":45.0},{"not_picked":["hexamod:PowerFromBeyond","hexamod:NightmareStrike"],"picked":"hexamod:RadiantFlame","floor":49.0}],"player_experience":272704,"relics_obtained":[{"floor":7.0,"key":"vexMod:InvisibilityCloak"},{"floor":11.0,"key":"BrokenLever"},{"floor":17.0,"key":"jedi:crownofsimplicity"},{"floor":17.0,"key":"aspiration:StickyExplosives"},{"floor":17.0,"key":"halation:OrihimeAndHikoboshiSamaAndTears"},{"floor":19.0,"key":"wanderingMiniBosses:Blackblade"},{"floor":28.0,"key":"Ancient Tea Set"},{"floor":29.0,"key":"Anchor"},{"floor":31.0,"key":"jedi:bottledfury"},{"floor":41.0,"key":"Dota2Spire:AghanimScepter"}],"event_choices":[],"is_beta":false,"boss_relics":[{"not_picked":["aspiration:PoetsPen","conspire:SeveredTorchhead"],"picked":"Calling Bell"},{"not_picked":["Astrolabe","hubris:Stopwatch"],"picked":"hexamod:IceCube"}],"items_purged_floors":[27],"is_endless":false,"potions_floor_spawned":[11,12,14,15,19,21,25,29,38,39,43],"ascension_level":20}}