{"host":"y193d0agu1dp5x1y","time":1610652374,"event":{"mods":["AchievementEnabler","BaseMod","Googly Eyes","Minty Spire (QoL Compilation)"],"gold_per_floor":[114,64,80,80,92,92,104,179,179,209,225,400,76,86,86,182,182,197,197,197,197,214,214,214,11,37,37,48,78,78,3,3,100,100,120,170,0,0,15,15,15,28,74,101,113,80,93,93,93,93,93],"floor_reached":50,"language":"ENG","playtime":1837,"items_purged":["Doubt","Compile Driver"],"score":473,"play_id":"a17ae2a7-1cfe-4c57-9c26-d39435f22af9","local_time":"20210114132614","is_ascension_mode":false,"campfire_choices":[{"data":"Conserve Battery","floor":6,"key":"SMITH"},{"data":"Electrodynamics","floor":15,"key":"SMITH"},{"data":"Ball Lightning","floor":23,"key":"SMITH"},{"floor":30,"key":"REST"},{"data":"Loop","floor":32,"key":"SMITH"},{"data":"Creative AI","floor":40,"key":"SMITH"},{"data":"Steam","floor":41,"key":"SMITH"},{"floor":49,"key":"REST"}],"circlet_count":0,"master_deck":["Zap+1","Sweeping Beam","Sweeping Beam","Conserve Battery+1","Electrodynamics+1","Go for the Eyes","Ball Lightning+1","Seek","BootSequence","Ball Lightning","Reboot","Steam+1","Loop+1","White Noise+1","Creative AI+1","Capacitor+1","Storm+1","Gash"],"relics":["Cracked Core","Unceasing Top","Bottled Tornado","Pandora\u0027s Box","HornCleat","Enchiridion","Orichalcum","WingedGreaves","Nuclear Battery","Turnip","Red Mask","MawBank"],"acts_visited":["Exordium","TheCity","TheBeyond"],"potions_floor_usage":[5,16,50],"damage_taken":[{"damage":2,"enemies":"2 Louse","floor":1,"turns":4},{"damage":7,"enemies":"Small Slimes","floor":3,"turns":3},{"damage":1,"enemies":"Jaw Worm","floor":5,"turns":3},{"damage":0,"enemies":"Looter","floor":7,"turns":4},{"damage":0,"enemies":"Exordium Wildlife","floor":11,"turns":2},{"damage":0,"enemies":"2 Fungi Beasts","floor":14,"turns":2},{"damage":29,"enemies":"Hexaghost","floor":16,"turns":10},{"damage":0,"enemies":"Shell Parasite","floor":18,"turns":3},{"damage":0,"enemies":"3 Byrds","floor":22,"turns":2},{"damage":0,"enemies":"Sentry and Sphere","floor":28,"turns":3},{"damage":7,"enemies":"Slavers","floor":29,"turns":2},{"damage":19,"enemies":"Champ","floor":33,"turns":11},{"damage":0,"enemies":"3 Darklings","floor":35,"turns":3},{"damage":50,"enemies":"2 Orb Walkers","floor":36,"turns":4},{"damage":0,"enemies":"3 Shapes","floor":39,"turns":1},{"damage":0,"enemies":"Transient","floor":42,"turns":5},{"damage":6,"enemies":"4 Shapes","floor":44,"turns":1},{"damage":37,"enemies":"Spire Growth","floor":47,"turns":4},{"damage":77,"enemies":"Time Eater","floor":50,"turns":9}],"seed_played":"3783406410408786355","potions_obtained":[{"floor":3,"key":"SpeedPotion"},{"floor":7,"key":"EssenceOfSteel"},{"floor":16,"key":"Swift Potion"},{"floor":18,"key":"SpeedPotion"},{"floor":22,"key":"FairyPotion"}],"is_trial":false,"path_per_floor":["M","?","M","?","M","R","M","?","T","?","M","?","$","M","R","B",null,"M","?","T","?","M","R","?","$","T","?","M","E","R","?","R","B",null,"M","?","?","?","M","R","R","M","T","M","?","$","M","$","R","B"],"character_chosen":"DEFECT","items_purchased":["Bottled Tornado","Steam","Fire Potion","Gash"],"campfire_rested":2,"item_purchase_floors":[13,25,25,46],"current_hp_per_floor":[73,73,66,66,65,65,65,54,54,54,54,54,54,54,54,25,75,75,75,75,75,75,75,59,59,59,59,59,52,74,74,74,55,75,75,25,25,66,66,66,66,66,66,60,60,60,23,23,41,0,0],"gold":93,"neow_bonus":"REMOVE_CARD","is_daily":false,"chose_seed":false,"campfire_upgraded":6,"win_rate":0.0,"timestamp":1610652374,"path_taken":["M","?","M","?","M","R","M","?","T","?","M","?","$","?","R","BOSS","M","?","?","?","?","R","?","$","T","?","M","E","R","?","R","BOSS","M","?","?","?","M","R","R","M","T","M","?","$","?","?","R","BOSS"],"items_purchased_type":["Relic","Card","Potion","Card"],"build_version":"2020-12-22","purchased_purges":2,"victory":false,"max_hp_per_floor":[75,75,75,75,75,75,75,75,75,75,75,75,75,75,75,75,75,75,75,75,75,75,75,75,75,75,75,75,75,75,75,75,75,75,75,75,75,66,66,66,66,66,66,66,63,63,63,63,63,63,63],"card_choices":[{"not_picked":["Glacier","Coolheaded"],"picked":"Sweeping Beam","floor":1},{"not_picked":["Double Energy","Turbo"],"picked":"Sweeping Beam","floor":3},{"not_picked":["White Noise","Barrage"],"picked":"Conserve Battery","floor":5},{"not_picked":["Streamline","Rebound"],"picked":"Electrodynamics","floor":7},{"not_picked":["Doom and Gloom","Undo"],"picked":"Go for the Eyes","floor":11},{"not_picked":["Doom and Gloom","Steam"],"picked":"Ball Lightning","floor":14},{"not_picked":["Hologram","Barrage+1","Rebound"],"picked":"SKIP","floor":18},{"not_picked":["Barrage","Stack","Heatsinks"],"picked":"SKIP","floor":22},{"not_picked":["Streamline","Coolheaded","Leap"],"picked":"SKIP","floor":28},{"not_picked":["Leap","Amplify"],"picked":"White Noise+1","floor":29},{"not_picked":["Buffer","Multi-Cast"],"picked":"Creative AI","floor":33},{"not_picked":["Compile Driver","Ball Lightning+1","Barrage+1"],"picked":"SKIP","floor":35},{"not_picked":["Compile Driver","Reinforced Body+1"],"picked":"Capacitor+1","floor":36},{"not_picked":["Turbo+1","Cold Snap"],"picked":"Storm+1","floor":39},{"not_picked":["Aggregate","Rebound","Hologram"],"picked":"SKIP","floor":42},{"not_picked":["Barrage+1","Rebound+1","Streamline"],"picked":"SKIP","floor":44},{"not_picked":["Reprogram","Barrage","Heatsinks"],"picked":"SKIP","floor":47}],"player_experience":85667,"relics_obtained":[{"floor":9,"key":"Unceasing Top"},{"floor":20,"key":"HornCleat"},{"floor":24,"key":"Enchiridion"},{"floor":26,"key":"Orichalcum"},{"floor":29,"key":"WingedGreaves"},{"floor":36,"key":"Turnip"},{"floor":43,"key":"MawBank"}],"event_choices":[{"cards_removed":["Strike_B"],"damage_healed":0,"gold_gain":0,"player_choice":"Card Removal","damage_taken":0,"max_hp_gain":0,"max_hp_loss":0,"event_name":"The Cleric","floor":2,"gold_loss":50},{"damage_healed":0,"gold_gain":0,"player_choice":"Grow","damage_taken":0,"max_hp_gain":0,"max_hp_loss":0,"event_name":"Living Wall","floor":4,"gold_loss":0,"cards_upgraded":["Zap"]},{"damage_healed":0,"gold_gain":75,"player_choice":"Gather Gold","damage_taken":11,"max_hp_gain":0,"max_hp_loss":0,"event_name":"World of Goop","floor":8,"gold_loss":0},{"damage_healed":0,"gold_gain":30,"player_choice":"Searched \u00271\u0027 times","damage_taken":0,"max_hp_gain":0,"max_hp_loss":0,"event_name":"Dead Adventurer","floor":10,"gold_loss":0},{"damage_healed":0,"gold_gain":175,"player_choice":"AGREE","damage_taken":0,"max_hp_gain":0,"max_hp_loss":0,"event_name":"Liars Game","floor":12,"gold_loss":0,"cards_obtained":["Doubt"]},{"cards_removed":["Compile Driver"],"damage_healed":0,"gold_gain":0,"player_choice":"Elegance","damage_taken":0,"max_hp_gain":0,"max_hp_loss":0,"event_name":"Back to Basics","floor":19,"gold_loss":0},{"damage_healed":0,"gold_gain":0,"player_choice":"Ignored","damage_taken":0,"max_hp_gain":0,"max_hp_loss":0,"event_name":"Ghosts","floor":21,"gold_loss":0},{"damage_healed":0,"gold_gain":0,"player_choice":"Obtained Book","damage_taken":16,"max_hp_gain":0,"max_hp_loss":0,"event_name":"Cursed Tome","floor":24,"gold_loss":0},{"damage_healed":0,"gold_gain":0,"player_choice":"Read","damage_taken":0,"max_hp_gain":0,"max_hp_loss":0,"event_name":"The Library","floor":27,"gold_loss":0,"cards_obtained":["Loop"]},{"cards_removed":["Streamline"],"damage_healed":0,"gold_gain":0,"player_choice":"Gave Gold","damage_taken":0,"max_hp_gain":0,"max_hp_loss":0,"event_name":"Beggar","floor":31,"gold_loss":75},{"damage_healed":0,"gold_gain":0,"player_choice":"Fight","damage_taken":0,"max_hp_gain":0,"max_hp_loss":0,"event_name":"Mysterious Sphere","floor":36,"gold_loss":0},{"damage_healed":0,"gold_gain":0,"player_choice":"Paid","damage_taken":0,"relics_obtained":["Red Mask"],"max_hp_gain":0,"max_hp_loss":0,"event_name":"Tomb of Lord Red Mask","floor":37,"gold_loss":170},{"damage_healed":66,"gold_gain":0,"player_choice":"Heal","damage_taken":0,"max_hp_gain":0,"max_hp_loss":9,"event_name":"The Moai Head","floor":38,"gold_loss":0},{"damage_healed":0,"gold_gain":0,"player_choice":"Max HP","damage_taken":0,"max_hp_gain":0,"max_hp_loss":3,"event_name":"Winding Halls","floor":45,"gold_loss":0}],"is_beta":false,"boss_relics":[{"not_picked":["Coffee Dripper","Snecko Eye"],"picked":"Pandora\u0027s Box"},{"not_picked":["FrozenCore","Busted Crown"],"picked":"Nuclear Battery"}],"items_purged_floors":[13,25],"is_endless":false,"potions_floor_spawned":[3,7,16,18,22,33,36],"killed_by":"Time Eater","ascension_level":0}}