{"host":"fdn1l3zxrtmz275b","time":1610637503,"event":{"mods":["BaseMod","DeckTracker","GifTheSpireLib","Marisa????????","Minty Spire (QoL Compilation)","Replay The Spire","StSLib","The Cursed"],"gold_per_floor":[209,209,209,65,76,106,106,134,134,147,166,166,166,196,196,296,296,316,71,85,97,113,113,144,144,144,164,164,164,193,212,212,212,212],"floor_reached":33,"language":"RUS","playtime":1783,"items_purged":[],"score":347,"play_id":"70ad1566-0c93-4af1-a68d-388f4a897bed","local_time":"20210114181823","is_ascension_mode":true,"campfire_choices":[{"data":"Bash","floor":12,"key":"SMITH"},{"data":"Flame Barrier","floor":15,"key":"SMITH"},{"data":"Heavy Blade","floor":23,"key":"SMITH"},{"data":"Demonic Infusion","floor":25,"key":"SMITH"},{"floor":32,"key":"REST"}],"circlet_count":0,"master_deck":["Strike_R","Strike_R","Strike_R","Strike_R","Strike_R","Defend_R","Defend_R","Defend_R","Bash+1","Pommel Strike+1","Clothesline","Disarm","Replay:Undeath\u0027s Touch","Berserk","Inflame","Flame Barrier+1","Whirlwind+1","Spot Weakness","Demonic Infusion+1","Anger+1","Bandage Up","Heavy Blade+1","Pommel Strike","Uppercut+1"],"relics":["Burning Blood","CaptainsWheel","Tiny Chest","PreservedInsect","Chameleon Ring","Divine Protection","Replay:Bottled Steam","Ring of Chaos","Strawberry","Orichalcum","The Courier","Matryoshka","Replay:Ringing Soul","Replay:Wax Seal"],"acts_visited":["Exordium","TheCity"],"potions_floor_usage":[6,18,22,24,30],"damage_taken":[{"damage":1,"enemies":"Jaw Worm","floor":1,"turns":3},{"damage":3,"enemies":"Small Slimes","floor":5,"turns":3},{"damage":18,"enemies":"Lagavulin","floor":6,"turns":6},{"damage":10,"enemies":"Replay:BlueRogue","floor":8,"turns":3},{"damage":0,"enemies":"Cultist","floor":10,"turns":4},{"damage":3,"enemies":"Blue Slaver","floor":11,"turns":4},{"damage":1,"enemies":"Gremlin Nob","floor":14,"turns":4},{"damage":24,"enemies":"Fading Forest","floor":16,"turns":11},{"damage":16,"enemies":"2 Thieves","floor":18,"turns":4},{"damage":4,"enemies":"Spheric Guardian","floor":20,"turns":5},{"damage":13,"enemies":"Snake Plant","floor":21,"turns":3},{"damage":25,"enemies":"Cultist and Chosen","floor":22,"turns":6},{"damage":0,"enemies":"Replay:Snechameleon","floor":24,"turns":4},{"damage":5,"enemies":"Snecko","floor":27,"turns":4},{"damage":27,"enemies":"Slavers","floor":30,"turns":4},{"damage":0,"enemies":"Centurion and Healer","floor":31,"turns":5},{"damage":105,"enemies":"Automaton","floor":33,"turns":10}],"seed_played":"-8220681142109690586","potions_obtained":[{"floor":5,"key":"DistilledChaos"},{"floor":10,"key":"Strength Potion"},{"floor":11,"key":"BlessingOfTheForge"},{"floor":14,"key":"Dexterity Potion"},{"floor":20,"key":"Toxic Potion"},{"floor":21,"key":"HeartOfIron"},{"floor":22,"key":"Swift Potion"}],"is_trial":false,"path_per_floor":["M","?","?","$","M","E","?","E","T","M","M","R","?","E","R","B",null,"M","$","M","M","M","R","E","R","T","M","T","?","E","M","R","B"],"character_chosen":"IRONCLAD","items_purchased":["Tiny Chest","Bandage Up","Strawberry"],"campfire_rested":1,"item_purchase_floors":[4,19,19],"current_hp_per_floor":[80,68,68,68,71,59,59,55,55,61,64,64,64,69,69,69,80,70,77,83,76,67,67,77,77,77,78,78,78,57,63,87,0,0],"gold":212,"neow_bonus":"HUNDRED_GOLD","is_daily":false,"chose_seed":false,"campfire_upgraded":4,"win_rate":0.0,"timestamp":1610637503,"path_taken":["M","?","?","$","M","E","?","E","T","?","M","R","?","E","R","BOSS","M","$","M","M","M","R","E","R","T","M","?","?","E","M","R","BOSS"],"items_purchased_type":["Relic","Card","Relic"],"build_version":"2020-12-22","purchased_purges":0,"victory":false,"max_hp_per_floor":[80,80,80,80,80,80,80,80,80,80,80,80,80,80,80,80,80,80,87,87,87,87,87,87,87,87,87,87,87,87,87,87,87,87],"card_choices":[{"not_picked":["Twin Strike","Carnage"],"picked":"Pommel Strike","floor":1},{"not_picked":["Power Through","Heavy Blade"],"picked":"Clothesline","floor":5},{"not_picked":["Hemokinesis","Perfected Strike"],"picked":"Disarm","floor":6},{"not_picked":["Hemokinesis","Rampage"],"picked":"Flame Barrier","floor":8},{"not_picked":["Sword Boomerang","Warcry","Replay:Undeath\u0027s Touch"],"picked":"SKIP","floor":10},{"not_picked":["Wild Strike","ReplayTheSpireMod:Limb From Limb","ReplayTheSpireMod:Strike From Hell"],"picked":"SKIP","floor":11},{"not_picked":["Whirlwind","Uppercut","Spot Weakness"],"picked":"SKIP","floor":14},{"not_picked":["Whirlwind","Uppercut"],"picked":"Spot Weakness","floor":14},{"not_picked":["Brutality","Berserk"],"picked":"Demonic Infusion","floor":16},{"not_picked":["True Grit+1","Shrug It Off"],"picked":"Anger+1","floor":18},{"not_picked":["Iron Wave","Anger"],"picked":"Heavy Blade","floor":20},{"not_picked":["Dual Wield","Sentinel+1"],"picked":"Pommel Strike","floor":21},{"not_picked":["Clash","Headbutt","Body Slam+1"],"picked":"SKIP","floor":22},{"not_picked":["Abandon+1","Flex"],"picked":"Uppercut+1","floor":24},{"not_picked":["Perfected Strike","Blood for Blood","ReplayTheSpireMod:Strike From Hell"],"picked":"SKIP","floor":27},{"not_picked":["Headbutt","Power Through","Twin Strike"],"picked":"SKIP","floor":30},{"not_picked":["Run Through","Cleave+1","True Grit"],"picked":"SKIP","floor":31}],"player_experience":123269,"relics_obtained":[{"floor":6,"key":"PreservedInsect"},{"floor":8,"key":"Chameleon Ring"},{"floor":9,"key":"Divine Protection"},{"floor":14,"key":"Replay:Bottled Steam"},{"floor":24,"key":"Orichalcum"},{"floor":26,"key":"The Courier"},{"floor":28,"key":"Matryoshka"},{"floor":30,"key":"Replay:Wax Seal"}],"event_choices":[{"damage_healed":0,"gold_gain":0,"player_choice":"Success","damage_taken":12,"relics_obtained":["CaptainsWheel"],"max_hp_gain":0,"max_hp_loss":0,"event_name":"Scrap Ooze","floor":2,"gold_loss":0},{"damage_healed":0,"gold_gain":0,"player_choice":"Grow","damage_taken":0,"max_hp_gain":0,"max_hp_loss":0,"event_name":"Living Wall","floor":3,"gold_loss":0,"cards_upgraded":["Pommel Strike"]},{"damage_healed":0,"gold_gain":0,"player_choice":"3 cards matched","damage_taken":0,"max_hp_gain":0,"max_hp_loss":0,"event_name":"Match and Keep!","floor":7,"gold_loss":0,"cards_obtained":["Replay:Undeath\u0027s Touch","Berserk","Inflame"]},{"damage_healed":0,"gold_gain":0,"player_choice":"Gave Potion","damage_taken":0,"relics_obtained":["Replay:Ringing Soul"],"max_hp_gain":0,"max_hp_loss":0,"event_name":"WeMeetAgain","floor":29,"gold_loss":0}],"is_beta":false,"boss_relics":[{"not_picked":["Runic Cube","Replay:Ancient Bell"],"picked":"Ring of Chaos"}],"items_purged_floors":[],"is_endless":false,"potions_floor_spawned":[5,10,11,14,20,21,22],"killed_by":"Automaton","ascension_level":1}}