{"host":"1kq2ingo3j45gyyp","time":1610597535,"event":{"mods":["BaseMod","Better Note","Better Third Choice","Downfall","Minty Spire (QoL Compilation)","StSLib"],"gold_per_floor":[199,219,319,319,66,84,84,84,9,20,36,36,49,49,66,66,66,66],"floor_reached":16,"language":"ENG","playtime":596,"items_purged":[],"score":117,"play_id":"6b291225-833e-4124-a87c-f6ac7864b081","local_time":"20210113231215","is_ascension_mode":false,"campfire_choices":[{"floor":1,"key":"RECALL"},{"data":"Slimebound:Split","floor":9,"key":"SMITH"}],"circlet_count":0,"master_deck":["Slimebound:Strike_Slimebound","Slimebound:Strike_Slimebound","Slimebound:Strike_Slimebound","Slimebound:Tackle","Slimebound:Defend_Slimebound","Slimebound:Defend_Slimebound","Slimebound:Defend_Slimebound","Slimebound:Defend_Slimebound","Slimebound:Split+1","Slimebound:CorrosiveSpit","Slimebound:RollThrough","Slimebound:PressTheAttack","Slimebound:SplitLeeching+1","Slimebound:ForwardTackle","Slimebound:Repurpose+1","Slimebound:SplitLeeching+1"],"relics":["Slimebound:AbsorbEndCombat","Toxic Egg 2","Matryoshka","downfall:HeartBlessingBlue","Slimebound:GreedOozeRelic"],"acts_visited":["Exordium"],"potions_floor_usage":[],"damage_taken":[{"damage":4,"enemies":"Small Slimes","floor":2,"turns":4},{"damage":9,"enemies":"downfall:FleeingMerchant","floor":5,"turns":4},{"damage":2,"enemies":"2 Louse","floor":6,"turns":2},{"damage":12,"enemies":"Jaw Worm","floor":10,"turns":3},{"damage":29,"enemies":"Large Slime","floor":11,"turns":4},{"damage":12,"enemies":"Blue Slaver","floor":13,"turns":4},{"damage":13,"enemies":"2 Fungi Beasts","floor":15,"turns":2},{"damage":71,"enemies":"downfall:Defect","floor":16,"turns":5}],"seed_played":"2826527247297671407","potions_obtained":[{"floor":6,"key":"Fire Potion"},{"floor":11,"key":"Ancient Potion"}],"is_trial":false,"path_per_floor":["R","M","?","?","$","M","T","?","R","M","M","?","M","?","M","B"],"character_chosen":"SLIMEBOUND","items_purchased":["Toxic Egg 2"],"campfire_rested":0,"item_purchase_floors":[5],"current_hp_per_floor":[60,60,60,65,62,60,60,42,52,56,43,43,47,47,50,0,0,0],"gold":66,"neow_bonus":"HUNDRED_GOLD","is_daily":false,"chose_seed":false,"campfire_upgraded":1,"win_rate":0.0,"timestamp":1610597535,"path_taken":["R","M","?","?","?","M","T","?","R","?","M","?","M","?","M","BOSS"],"items_purchased_type":["Relic"],"build_version":"2020-12-22","purchased_purges":0,"victory":false,"max_hp_per_floor":[60,60,60,65,65,65,65,65,75,75,75,75,75,75,75,75,75,75],"card_choices":[{"not_picked":["Slimebound:ServeAndProtect","Slimebound:SamplingLick"],"picked":"Slimebound:RollThrough","floor":2},{"not_picked":["Slimebound:ServeAndProtect","Slimebound:LeechingTouch"],"picked":"Slimebound:PressTheAttack","floor":5},{"not_picked":["Slimebound:LeechingTouch","Slimebound:GrowthPunch"],"picked":"Slimebound:SplitLeeching+1","floor":6},{"not_picked":["Slimebound:GrowthPunch","Slimebound:PressTheAttack"],"picked":"Slimebound:ForwardTackle","floor":10},{"not_picked":["Slimebound:FinishingTackle","Slimebound:ViciousTackle","Slimebound:GrowthPunch"],"picked":"SKIP","floor":11},{"not_picked":["Slimebound:Dissolve+1","Slimebound:Chomp"],"picked":"Slimebound:Repurpose+1","floor":13},{"not_picked":["Slimebound:Grow","Slimebound:GoopTackle"],"picked":"Slimebound:SplitLeeching+1","floor":15}],"player_experience":857297,"relics_obtained":[],"event_choices":[{"damage_healed":0,"gold_gain":0,"player_choice":"Donut","damage_taken":0,"max_hp_gain":5,"max_hp_loss":0,"event_name":"Big Fish","floor":4,"gold_loss":0},{"damage_healed":0,"gold_gain":0,"player_choice":"Success","damage_taken":18,"relics_obtained":["Matryoshka"],"max_hp_gain":0,"max_hp_loss":0,"event_name":"Scrap Ooze","floor":8,"gold_loss":0}],"is_beta":false,"boss_relics":[],"items_purged_floors":[],"is_endless":false,"potions_floor_spawned":[6,11],"killed_by":"downfall:Defect","ascension_level":0}}