{"host":"1ekl8hlbnopmdapi","time":1610592507,"event":{"mods":["AchievementEnabler","BaseMod","Colored Map","Colored Powertips","DeckTracker","Googly Eyes","Highlight Path","Minty Spire (QoL Compilation)","Relic Sorter","StSLib","Synergy Search"],"gold_per_floor":[115,115,115,80,80,80,92,124,124,136,148,148,148,164,164,260,310,323,323,343,357,456,456,491,511,557,380,380,380,393,393,393,393,393],"floor_reached":33,"language":"ENG","playtime":651,"items_purged":[],"score":383,"play_id":"51862ba6-e1c7-42ca-a298-c54cc80683b0","local_time":"20210113214827","is_ascension_mode":true,"campfire_choices":[{"floor":6,"key":"RECALL"},{"floor":12,"key":"REST"},{"floor":15,"key":"REST"},{"floor":23,"key":"REST"},{"floor":32,"key":"REST"}],"circlet_count":0,"master_deck":["Strike_B","Strike_B","Strike_B","Defend_B","Defend_B","Defend_B","Defend_B","Zap+1","Dualcast","Gash","Gash","Gash","Ball Lightning","Gash","Gash+1","Leap","Hologram+1","Loop","Steam+1","Gash","Decay"],"relics":["Cracked Core","PreservedInsect","Boot","Cables","Tiny House","Bag of Preparation","Lantern","Toy Ornithopter"],"acts_visited":["Exordium","TheCity"],"potions_floor_usage":[20,21,21,24,33],"damage_taken":[{"damage":0,"enemies":"2 Louse","floor":1,"turns":2},{"damage":2,"enemies":"Jaw Worm","floor":7,"turns":3},{"damage":25,"enemies":"Lagavulin","floor":8,"turns":6},{"damage":0,"enemies":"Small Slimes","floor":10,"turns":2},{"damage":20,"enemies":"Exordium Wildlife","floor":11,"turns":4},{"damage":4,"enemies":"2 Fungi Beasts","floor":14,"turns":3},{"damage":49,"enemies":"The Guardian","floor":16,"turns":7},{"damage":14,"enemies":"Shell Parasite","floor":18,"turns":5},{"damage":22,"enemies":"2 Thieves","floor":20,"turns":4},{"damage":15,"enemies":"Snecko","floor":21,"turns":4},{"damage":22,"enemies":"Slavers","floor":24,"turns":3},{"damage":20,"enemies":"Snake Plant","floor":25,"turns":4},{"damage":13,"enemies":"Sentry and Sphere","floor":30,"turns":4},{"damage":71,"enemies":"Automaton","floor":33,"turns":6}],"seed_played":"8347961516326089335","potions_obtained":[{"floor":8,"key":"Weak Potion"},{"floor":11,"key":"DistilledChaos"},{"floor":14,"key":"SteroidPotion"},{"floor":17,"key":"LiquidBronze"},{"floor":20,"key":"Explosive Potion"},{"floor":21,"key":"EssenceOfDarkness"},{"floor":24,"key":"LiquidBronze"}],"is_trial":false,"path_per_floor":["M","?","?","?","$","R","M","E","T","M","M","R","?","M","R","B",null,"M","?","M","M","?","R","E","M","T","$","?","?","M","?","R","B"],"character_chosen":"DEFECT","items_purchased":["Gash","Toy Ornithopter"],"campfire_rested":4,"item_purchase_floors":[27,27],"current_hp_per_floor":[68,50,55,75,75,75,73,48,48,48,28,52,45,41,65,16,69,55,55,33,18,18,43,21,1,1,1,29,29,16,16,41,0,0],"gold":393,"neow_bonus":"UPGRADE_CARD","is_daily":false,"chose_seed":false,"campfire_upgraded":0,"win_rate":0.0,"timestamp":1610592507,"path_taken":["M","?","?","?","$","R","M","E","T","M","?","R","?","M","R","BOSS","M","?","M","?","?","R","E","M","T","?","?","?","?","?","R","BOSS"],"items_purchased_type":["Card","Relic"],"build_version":"2020-12-22","purchased_purges":0,"victory":false,"max_hp_per_floor":[75,75,80,80,80,80,80,80,80,80,80,80,80,80,80,80,85,85,85,85,85,85,85,85,85,85,85,85,85,85,85,85,85,85],"card_choices":[{"not_picked":["Coolheaded","Cold Snap"],"picked":"Gash","floor":1},{"not_picked":["Darkness","Conserve Battery"],"picked":"Gash","floor":7},{"not_picked":["Meteor Strike","Double Energy"],"picked":"Gash","floor":8},{"not_picked":["Tempest","Compile Driver"],"picked":"Ball Lightning","floor":10},{"not_picked":["Undo","Cold Snap"],"picked":"Gash","floor":11},{"not_picked":["Conserve Battery","Sunder"],"picked":"Gash","floor":14},{"not_picked":["Double Energy","Go for the Eyes"],"picked":"Leap","floor":17},{"not_picked":["Heatsinks","Compile Driver"],"picked":"Hologram+1","floor":18},{"not_picked":["Compile Driver","Stack","Sweeping Beam+1"],"picked":"SKIP","floor":20},{"not_picked":["Rebound","Chaos"],"picked":"Loop","floor":21},{"not_picked":["Darkness","Compile Driver+1","Meteor Strike"],"picked":"SKIP","floor":24},{"not_picked":["Beam Cell","Turbo"],"picked":"Steam+1","floor":25},{"not_picked":["Compile Driver+1","Sweeping Beam","Cold Snap"],"picked":"SKIP","floor":30}],"player_experience":450184,"relics_obtained":[{"floor":8,"key":"Boot"},{"floor":9,"key":"Cables"},{"floor":24,"key":"Bag of Preparation"},{"floor":26,"key":"Lantern"}],"event_choices":[{"damage_healed":0,"gold_gain":0,"player_choice":"Success","damage_taken":18,"relics_obtained":["PreservedInsect"],"max_hp_gain":0,"max_hp_loss":0,"event_name":"Scrap Ooze","floor":2,"gold_loss":0},{"damage_healed":0,"gold_gain":0,"player_choice":"Donut","damage_taken":0,"max_hp_gain":5,"max_hp_loss":0,"event_name":"Big Fish","floor":3,"gold_loss":0},{"damage_healed":20,"gold_gain":0,"player_choice":"Healed","damage_taken":0,"max_hp_gain":0,"max_hp_loss":0,"event_name":"The Cleric","floor":4,"gold_loss":35},{"cards_removed":["Strike_B"],"damage_healed":0,"gold_gain":0,"player_choice":"Card Removal","damage_taken":7,"max_hp_gain":0,"max_hp_loss":0,"event_name":"Golden Wing","floor":13,"gold_loss":0},{"damage_healed":0,"gold_gain":0,"player_choice":"Ignored","damage_taken":0,"max_hp_gain":0,"max_hp_loss":0,"event_name":"N\u0027loth","floor":19,"gold_loss":0},{"damage_healed":0,"gold_gain":99,"player_choice":"Stole From Cult","damage_taken":0,"max_hp_gain":0,"max_hp_loss":0,"event_name":"Nest","floor":22,"gold_loss":0},{"damage_healed":28,"gold_gain":0,"player_choice":"Heal","damage_taken":0,"max_hp_gain":0,"max_hp_loss":0,"event_name":"The Library","floor":28,"gold_loss":0},{"damage_healed":0,"gold_gain":0,"player_choice":"Ignored","damage_taken":0,"max_hp_gain":0,"max_hp_loss":0,"event_name":"Vampires","floor":29,"gold_loss":0},{"damage_healed":0,"gold_gain":0,"player_choice":"Smashed Altar","damage_taken":0,"max_hp_gain":0,"max_hp_loss":0,"event_name":"Forgotten Altar","floor":31,"gold_loss":0,"cards_obtained":["Decay"]}],"is_beta":false,"boss_relics":[{"not_picked":["Cursed Key","Ectoplasm"],"picked":"Tiny House"}],"items_purged_floors":[],"is_endless":false,"potions_floor_spawned":[8,11,14,20,21,24],"killed_by":"Automaton","ascension_level":7}}