{"host":"goj2s4fnav97bn09","time":1610641851,"event":{"mods":["AchievementEnabler","Act Like it!","BaseMod","Colored Map","Downfall","GifTheSpireLib","Hermit","Infinite Spire","Minty Spire (QoL Compilation)","READ ME - Guardian Mod","Replay The Spire","Shop Mod","StSLib","The Hierophant","The Necromancer","The Runesmith","The Servant 0.9.4"],"gold_per_floor":[109,109,126,51,70,70,101,101,101,1,1,18,44,44,44,142,142,160,172,87,87,104,104,134,146,146,175,175,50,76,92,92,197,197,215,215,7,59,79,79,93,127,153,163,163,192,192,192,192,192],"floor_reached":51,"language":"ENG","playtime":5219,"items_purged":["Strike_B","Strike_B","Strike_B","Defend_B"],"score":958,"play_id":"a52739cb-017b-4b2d-a2d5-09e073306dbe","local_time":"20210114103051","is_ascension_mode":true,"campfire_choices":[{"data":"Zap","floor":6.0,"key":"SMITH"},{"floor":8.0,"key":"REST"},{"data":"Double Energy","floor":11.0,"key":"SMITH"},{"floor":15.0,"key":"REST"},{"data":"Consume","floor":23.0,"key":"SMITH"},{"data":"Buffer","floor":28.0,"key":"SMITH"},{"floor":32.0,"key":"REST"},{"floor":40,"key":"REST"},{"floor":45,"key":"REST"},{"data":"Creative AI","floor":47,"key":"SMITH"},{"data":"expansioncontent:Hexaburn","floor":49,"key":"SMITH"}],"circlet_count":0,"master_deck":["Defend_B","Defend_B","Defend_B","Zap+1","Dualcast","Thunder Strike","Double Energy+1","Hologram","Coolheaded","Steam","FIFO Queue","Consume+1","Buffer+1","Loop+1","Ball Lightning","Blizzard","Defragment+1","Creative AI+1","Capacitor","expansioncontent:Hexaburn+1","Melter","Melter","Redo+1","Barrage+1","Self Repair+1"],"relics":["FrozenCore","Pear","Guardian:PocketSentry","Replay:Bottled Steam","Garlic","Peace Pipe","Blue Candle","Turnip","infinitespire:BottledMercury","Black Star","Replay:Towering Pillar of Hats","Orichalcum","Divine Protection","ReplayTheSpireMod:Lightbulb","infinitespire:Broken Mirror","Blood Vial","Lantern"],"acts_visited":["Exordium","TheCity","TheBeyond"],"potions_floor_usage":[33,33,42,50],"damage_taken":[{"damage":11.0,"enemies":"Small Slimes","floor":1.0,"turns":3.0},{"damage":1.0,"enemies":"Cultist","floor":3.0,"turns":3.0},{"damage":7.0,"enemies":"2 Louse","floor":5.0,"turns":2.0},{"damage":30.0,"enemies":"3 Sentries","floor":7.0,"turns":9.0},{"damage":0.0,"enemies":"Exordium Wildlife","floor":12.0,"turns":4.0},{"damage":29.0,"enemies":"Gremlin Nob","floor":13.0,"turns":4.0},{"damage":14.0,"enemies":"The Guardian","floor":16.0,"turns":8.0},{"damage":8.0,"enemies":"3 Byrds","floor":18.0,"turns":7.0},{"damage":0.0,"enemies":"Spheric Guardian","floor":19.0,"turns":6.0},{"damage":6.0,"enemies":"Snake Plant","floor":22.0,"turns":6.0},{"damage":0.0,"enemies":"Replay:Snechameleon","floor":24.0,"turns":8.0},{"damage":2.0,"enemies":"3 Cultists","floor":25.0,"turns":5.0},{"damage":2.0,"enemies":"Book of Stabbing","floor":27.0,"turns":7.0},{"damage":0.0,"enemies":"Replay:Snechameleon","floor":30.0,"turns":7.0},{"damage":26.0,"enemies":"Chosen and Byrds","floor":31.0,"turns":5.0},{"damage":0,"enemies":"Collector","floor":33,"turns":9},{"damage":14,"enemies":"3 Darklings","floor":35,"turns":7},{"damage":6,"enemies":"2 Orb Walkers","floor":38,"turns":9},{"damage":37,"enemies":"3 Shapes","floor":39,"turns":5},{"damage":15,"enemies":"Sphere and 2 Shapes","floor":41,"turns":4},{"damage":6,"enemies":"R_Hoarder","floor":42,"turns":9},{"damage":0,"enemies":"4 Shapes","floor":44,"turns":6},{"damage":0,"enemies":"Nemesis","floor":46,"turns":9},{"damage":11,"enemies":"Donu and Deca","floor":50,"turns":9}],"seed_played":"-6461995255994656912","potions_obtained":[{"floor":3.0,"key":"Swift Potion"},{"floor":5.0,"key":"EssenceOfDarkness"},{"floor":16.0,"key":"PowerPotion"},{"floor":18.0,"key":"sneckomod:MuddlingPotion"},{"floor":19.0,"key":"Explosive Potion"},{"floor":27.0,"key":"LiquidBronze"},{"floor":30.0,"key":"Strength Potion"},{"floor":38,"key":"Regen Potion"},{"floor":42,"key":"SpeedPotion"},{"floor":44,"key":"Toxic Potion"}],"is_trial":false,"path_per_floor":["M","?","M","$","M","R","E","R","T","$","R","M","E","?","R","B",null,"M","M","?","?","M","R","E","M","T","E","R","$","E","M","R","B",null,"M","?","$","?","M","R","M","E","T","M","R","E","R","T","R","B",null],"character_chosen":"DEFECT","items_purchased":["Melter"],"campfire_rested":5,"item_purchase_floors":[37],"current_hp_per_floor":[57,51,50,50,43,43,23,46,46,46,46,46,17,17,40,26,78,70,70,70,70,64,64,64,62,62,60,60,60,60,34,57,57,78,64,64,64,58,21,44,29,38,38,48,71,78,78,78,78,67],"gold":192,"neow_bonus":"THREE_RARE_CARDS","is_daily":false,"chose_seed":false,"campfire_upgraded":6,"win_rate":0.0,"timestamp":1610641851,"path_taken":["M","?","M","$","M","R","E","R","T","?","R","M","E","?","R","BOSS","M","M","?","?","M","R","E","M","T","E","R","?","E","M","R","BOSS","M","?","$","?","M","R","M","E","T","M","R","E","R","?","R","BOSS"],"items_purchased_type":["Card"],"build_version":"2020-12-22","purchased_purges":4,"victory":true,"max_hp_per_floor":[68,68,68,68,68,68,78,78,78,78,78,78,78,78,78,78,78,78,78,78,78,78,78,78,78,78,78,78,78,78,78,78,78,78,78,78,78,78,78,78,78,78,78,78,78,78,78,78,78,78],"card_choices":[{"not_picked":["Mirror Shield","Biased Cognition"],"picked":"Thunder Strike","floor":0.0},{"not_picked":["Blizzard","Rip and Tear"],"picked":"Double Energy","floor":1.0},{"not_picked":["Darkness","Coolheaded"],"picked":"Hologram","floor":3.0},{"not_picked":["Cold Snap","ReplayTheSpireMod:System Scan"],"picked":"Coolheaded","floor":5.0},{"not_picked":["BasicCrystalCard","Cold Snap"],"picked":"Steam","floor":7.0},{"not_picked":["Sweeping Beam","Barrage"],"picked":"FIFO Queue","floor":12.0},{"not_picked":["Panic Button","Rip and Tear"],"picked":"Consume","floor":13.0},{"not_picked":["All For One","Core Surge"],"picked":"Buffer","floor":16.0},{"not_picked":["Hologram","Stack","Streamline"],"picked":"SKIP","floor":18.0},{"not_picked":["Panic Button","ReplaySort+1"],"picked":"Loop+1","floor":19.0},{"not_picked":["Rebound","Biased Cognition","Coolheaded"],"picked":"SKIP","floor":22.0},{"not_picked":["Panic Button","Reinforced Body"],"picked":"Ball Lightning","floor":24.0},{"not_picked":["Steam","Barrage+1"],"picked":"Blizzard","floor":25.0},{"not_picked":["Meteor Strike","Reinforced Body","Panic Button"],"picked":"SKIP","floor":27.0},{"not_picked":["Hologram+1","Beam Cell","Ball Lightning"],"picked":"SKIP","floor":30.0},{"not_picked":["Beam Cell","Stack+1"],"picked":"Defragment+1","floor":31.0},{"not_picked":["Rainbow","Core Surge"],"picked":"Creative AI","floor":33},{"not_picked":["Rebound+1","Steam+1"],"picked":"Capacitor","floor":35},{"not_picked":["expansioncontent:SuperHexaguard","Replay:SS_fish_1"],"picked":"expansioncontent:Hexaburn","floor":36},{"not_picked":["Gash+1","Static Discharge"],"picked":"Redo+1","floor":38},{"not_picked":["Stack+1","Coolheaded+1"],"picked":"Barrage+1","floor":39},{"not_picked":["Gash+1","Leap+1","Barrage+1"],"picked":"SKIP","floor":41},{"not_picked":["Barrage+1","Reinforced Body"],"picked":"Self Repair+1","floor":42},{"not_picked":["Streamline+1","Skim+1","Coolheaded+1"],"picked":"SKIP","floor":44},{"not_picked":["Tempest+1","Stack+1","Crystallizer"],"picked":"SKIP","floor":46}],"player_experience":389935,"relics_obtained":[{"floor":7.0,"key":"Pear"},{"floor":9.0,"key":"Guardian:PocketSentry"},{"floor":13.0,"key":"Replay:Bottled Steam"},{"floor":24.0,"key":"Peace Pipe"},{"floor":26.0,"key":"Blue Candle"},{"floor":27.0,"key":"Turnip"},{"floor":30.0,"key":"infinitespire:BottledMercury"},{"floor":38,"key":"Replay:Towering Pillar of Hats"},{"floor":42,"key":"Orichalcum"},{"floor":42,"key":"Divine Protection"},{"floor":43,"key":"ReplayTheSpireMod:Lightbulb"},{"floor":46,"key":"infinitespire:Broken Mirror"},{"floor":46,"key":"Blood Vial"},{"floor":48,"key":"Lantern"}],"event_choices":[{"damage_healed":0.0,"max_hp_gain":0.0,"max_hp_loss":0.0,"gold_gain":0.0,"event_name":"Wheel of Change","player_choice":"Damaged","floor":2.0,"gold_loss":0.0,"damage_taken":6.0},{"damage_healed":0.0,"max_hp_gain":0.0,"max_hp_loss":0.0,"gold_gain":0.0,"event_name":"Addict","player_choice":"Obtained Relic","floor":20.0,"gold_loss":85.0,"damage_taken":0.0,"relics_obtained":["Garlic"]},{"cards_removed":["Strike_B"],"damage_healed":0.0,"max_hp_gain":0.0,"max_hp_loss":0.0,"gold_gain":0.0,"event_name":"Back to Basics","player_choice":"Elegance","floor":21.0,"gold_loss":0.0,"damage_taken":0.0},{"damage_healed":0,"gold_gain":0,"player_choice":"Memory 1","damage_taken":0,"max_hp_gain":0,"max_hp_loss":0,"event_name":"SensoryStone","floor":36,"gold_loss":0},{"damage_healed":0,"gold_gain":0,"player_choice":"Fight","damage_taken":0,"max_hp_gain":0,"max_hp_loss":0,"event_name":"Mysterious Sphere","floor":38,"gold_loss":0}],"is_beta":false,"boss_relics":[{"not_picked":["infinitespire:Cupcake","Ectoplasm"],"picked":"FrozenCore"},{"not_picked":["Coffee Dripper","ReplayTheSpireMod:SealedPack"],"picked":"Black Star"}],"items_purged_floors":[4,10,29,37],"is_endless":false,"potions_floor_spawned":[3,5,16,18,19,27,30,38,42,44],"ascension_level":2}}