{"host":"xkmvu47k9fdstweo","time":1610587865,"event":{"mods":["BaseMod","Colored Map","Conspire","Hubris","Minty Spire (QoL Compilation)","Quick Restart","Railgun Mod","Shop Mod","StSLib","The Alterego","The Servant 0.9.4","The Wild Card","TheBandit","WarShipGirlsR/??è≠èóR mod","vexMod"],"gold_per_floor":[111,111,123,42,42,77,77,88,88,108,108,139,155,169,169,267,267,286,55,55,34,134,164,180,180,233,233,233,250,261,274,274,372,372,392,412,151,151,151,151,181,192,192,210,90,105,105,123,123,123],"floor_reached":51,"language":"ENG","playtime":1792,"items_purged":["Strike_B","hubris:SpecializedCircuitry"],"score":1132,"play_id":"62b41571-42de-4e1f-b9f6-65c31f0f96e9","local_time":"20210113203105","is_ascension_mode":true,"campfire_choices":[{"data":"Defragment","floor":7.0,"key":"SMITH"},{"data":"Defragment","floor":11.0,"key":"SMITH"},{"data":"Hologram","floor":15.0,"key":"SMITH"},{"floor":25.0,"key":"REST"},{"data":"Chill","floor":27.0,"key":"SMITH"},{"data":"Coolheaded","floor":32.0,"key":"SMITH"},{"data":"Coolheaded","floor":40.0,"key":"SMITH"},{"data":"Beam Cell","floor":47,"key":"SMITH"},{"data":"Skim","floor":49,"key":"SMITH"}],"circlet_count":0,"master_deck":["Strike_B","Strike_B","Defend_B","Defend_B","Defend_B","Defend_B","Dualcast","Gash","Hologram+1","Gash","Defragment+1","Defragment+1","Cold Snap","Conserve Battery","Cold Snap","All For One","Gash","Coolheaded+1","Coolheaded+1","Glacier","Skim+1","Chill+1","Defragment+1","Beam Cell","Gash","Hologram+1","Beam Cell+1","Sweeping Beam","hubris:PowerSurge+1","Gash"],"relics":["Cracked Core","NeowsBlessing","Boot","Eternal Feather","The Courier","hubris:TerracottaHorce","hubris:PeanutButter","Dream Catcher","Toy Ornithopter","Spirit Poop","Inserter","vexMod:InvisibilityCloak","Strawberry","hubris:Metronome"],"acts_visited":["Exordium","TheCity","TheBeyond"],"potions_floor_usage":[50,50],"damage_taken":[{"damage":0.0,"enemies":"Small Slimes","floor":1.0,"turns":1.0},{"damage":0.0,"enemies":"conspire:RoseBush","floor":3.0,"turns":1.0},{"damage":0.0,"enemies":"Gremlin Nob","floor":6.0,"turns":1.0},{"damage":9.0,"enemies":"Jaw Worm","floor":8.0,"turns":3.0},{"damage":9.0,"enemies":"Large Slime","floor":10.0,"turns":6.0},{"damage":0.0,"enemies":"Lagavulin","floor":12.0,"turns":6.0},{"damage":0.0,"enemies":"Blue Slaver","floor":13.0,"turns":4.0},{"damage":4.0,"enemies":"Red Slaver","floor":14.0,"turns":3.0},{"damage":21.0,"enemies":"Slime Boss","floor":16.0,"turns":12.0},{"damage":29.0,"enemies":"2 Thieves","floor":18.0,"turns":4.0},{"damage":18.0,"enemies":"Book of Stabbing","floor":23.0,"turns":5.0},{"damage":0.0,"enemies":"Chosen","floor":24.0,"turns":7.0},{"damage":0.0,"enemies":"Snecko","floor":29.0,"turns":4.0},{"damage":2.0,"enemies":"Centurion and Healer","floor":30.0,"turns":8.0},{"damage":0.0,"enemies":"conspire:HollyBat","floor":31.0,"turns":8.0},{"damage":36.0,"enemies":"hubris:MusketHawk","floor":33.0,"turns":11.0},{"damage":0.0,"enemies":"3 Shapes","floor":35.0,"turns":10.0},{"damage":0.0,"enemies":"3 Darklings","floor":36.0,"turns":6.0},{"damage":0,"enemies":"Giant Head","floor":41,"turns":7},{"damage":1,"enemies":"Sphere and 2 Shapes","floor":42,"turns":6},{"damage":0,"enemies":"Writhing Mass","floor":44,"turns":8},{"damage":0,"enemies":"Transient","floor":46,"turns":5},{"damage":0,"enemies":"Maw","floor":48,"turns":5},{"damage":37,"enemies":"conspire:OrnateMirror","floor":50,"turns":10}],"seed_played":"4150075989251440418","potions_obtained":[{"floor":2.0,"key":"SneckoOil"},{"floor":2.0,"key":"SpeedPotion"},{"floor":2.0,"key":"FocusPotion"},{"floor":8.0,"key":"SkillPotion"},{"floor":13.0,"key":"CultistPotion"},{"floor":16.0,"key":"Weak Potion"},{"floor":18.0,"key":"SpeedPotion"},{"floor":33.0,"key":"SpeedPotion"},{"floor":35.0,"key":"ColorlessPotion"},{"floor":41,"key":"conspire:TimeTravelPotion"},{"floor":44,"key":"SpeedPotion"},{"floor":46,"key":"PotionOfCapacity"}],"is_trial":false,"path_per_floor":["M","?","M","$","?","E","R","M","T","M","R","E","M","M","R","B",null,"M","$","?","$","?","E","M","R","T","R","?","M","M","M","R","B",null,"M","M","$","?","?","R","E","M","T","M","$","M","R","M","R","B",null],"character_chosen":"DEFECT","items_purchased":["Gash","Defragment","hubris:PeanutButter","Coolheaded","Coolheaded","vexMod:InvisibilityCloak","Strength Potion"],"campfire_rested":1,"item_purchase_floors":[4,4,19,19,21,37,45],"current_hp_per_floor":[68,68,68,68,68,68,68,59,59,50,59,59,59,55,64,43,67,38,38,38,38,38,20,20,54,54,69,69,69,67,67,75,39,66,71,75,75,75,75,75,82,81,81,81,81,81,82,82,82,45],"gold":123,"neow_bonus":"THREE_ENEMY_KILL","is_daily":false,"chose_seed":false,"campfire_upgraded":8,"win_rate":0.0,"timestamp":1610587865,"path_taken":["M","?","?","$","?","E","R","M","T","M","R","E","M","M","R","BOSS","M","$","?","$","?","E","?","R","T","R","?","M","M","?","R","BOSS","M","M","$","?","?","R","E","M","T","M","$","?","R","M","R","BOSS"],"items_purchased_type":["Card","Card","Relic","Card","Card","Relic","Potion"],"build_version":"2020-12-22","purchased_purges":2,"victory":true,"max_hp_per_floor":[75,75,75,75,75,75,75,75,75,75,75,75,75,75,75,75,75,75,75,75,75,75,75,75,75,75,75,75,75,75,75,75,75,75,75,75,75,75,75,75,82,82,82,82,82,82,82,82,82,82],"card_choices":[{"not_picked":["Coolheaded","Stack"],"picked":"Gash","floor":1.0},{"not_picked":["Sweeping Beam","Redo"],"picked":"Hologram","floor":3.0},{"not_picked":["Aggregate","Ball Lightning"],"picked":"Defragment","floor":6.0},{"not_picked":["Undo","Ball Lightning"],"picked":"Cold Snap","floor":8.0},{"not_picked":["Turbo","Rebound"],"picked":"Conserve Battery","floor":10.0},{"not_picked":["Redo","Reprogram","Turbo"],"picked":"SKIP","floor":12.0},{"not_picked":["Streamline","conspire:Rain"],"picked":"Cold Snap","floor":13.0},{"not_picked":["Thunder Strike","Ball Lightning","Chaos"],"picked":"SKIP","floor":14.0},{"not_picked":["hubris:Prefetch","Meteor Strike"],"picked":"All For One","floor":16.0},{"not_picked":["Stack+1","Sunder"],"picked":"Gash","floor":18.0},{"not_picked":["Go for the Eyes","Leap"],"picked":"Glacier","floor":23.0},{"not_picked":["Leap","Redo"],"picked":"Skim","floor":24.0},{"not_picked":["Sweeping Beam","Fission"],"picked":"Chill","floor":25.0},{"not_picked":["Static Discharge","Redo","Doom and Gloom+1"],"picked":"SKIP","floor":29.0},{"not_picked":["Leap","Cold Snap"],"picked":"Defragment+1","floor":30.0},{"not_picked":["Doom and Gloom","Rebound"],"picked":"Beam Cell","floor":31.0},{"not_picked":["Biased Cognition","Echo Form"],"picked":"hubris:SpecializedCircuitry","floor":33.0},{"not_picked":["Conserve Battery","Barrage+1"],"picked":"Gash","floor":35.0},{"not_picked":["Redo","Barrage"],"picked":"Hologram","floor":36.0},{"not_picked":["Auto Shields+1","Stack","Rip and Tear"],"picked":"SKIP","floor":41},{"not_picked":["White Noise+1","Leap"],"picked":"Beam Cell","floor":42},{"not_picked":["Cold Snap","Self Repair+1"],"picked":"Sweeping Beam","floor":44},{"not_picked":["Stack","Storm"],"picked":"hubris:PowerSurge+1","floor":46},{"not_picked":["Rip and Tear","Cold Snap"],"picked":"Gash","floor":48}],"player_experience":309223,"relics_obtained":[{"floor":6.0,"key":"Boot"},{"floor":9.0,"key":"Eternal Feather"},{"floor":12.0,"key":"The Courier"},{"floor":23.0,"key":"Dream Catcher"},{"floor":26.0,"key":"Toy Ornithopter"},{"floor":41,"key":"Strawberry"},{"floor":43,"key":"hubris:Metronome"}],"event_choices":[{"damage_healed":0.0,"max_hp_gain":0.0,"max_hp_loss":0.0,"gold_gain":0.0,"event_name":"Lab","player_choice":"Got Potions","floor":2.0,"gold_loss":0.0,"damage_taken":0.0},{"cards_removed":["Strike_B"],"damage_healed":0.0,"max_hp_gain":0.0,"max_hp_loss":0.0,"gold_gain":0.0,"event_name":"Living Wall","player_choice":"Forget","floor":5.0,"gold_loss":0.0,"damage_taken":0.0},{"damage_healed":0.0,"max_hp_gain":0.0,"max_hp_loss":0.0,"gold_gain":0.0,"event_name":"Forgotten Altar","player_choice":"Smashed Altar","floor":20.0,"gold_loss":0.0,"damage_taken":0.0,"cards_obtained":["Decay"]},{"damage_healed":0.0,"max_hp_gain":0.0,"max_hp_loss":0.0,"gold_gain":100.0,"event_name":"Golden Shrine","player_choice":"Pray","floor":22.0,"gold_loss":0.0,"damage_taken":0.0},{"cards_removed":["Decay"],"damage_healed":0.0,"max_hp_gain":0.0,"max_hp_loss":0.0,"gold_gain":0.0,"event_name":"Bonfire Elementals","player_choice":"Offered Curse","floor":28.0,"gold_loss":0.0,"damage_taken":0.0,"relics_obtained":["Spirit Poop"]},{"cards_removed":["Zap"],"damage_healed":0.0,"max_hp_gain":0.0,"max_hp_loss":0.0,"gold_gain":0.0,"event_name":"Purifier","player_choice":"Purged","floor":39.0,"gold_loss":0.0,"damage_taken":0.0}],"is_beta":false,"boss_relics":[{"not_picked":["vexMod:EndlessSickness","Calling Bell"],"picked":"hubris:TerracottaHorce"},{"not_picked":["Tiny House","vexMod:RockOfEvil"],"picked":"Inserter"}],"items_purged_floors":[37,45],"is_endless":false,"potions_floor_spawned":[8,13,16,18,33,35,41,44,46],"ascension_level":7}}