{"host":"vje6bedaj0fhalec","time":1610622838,"event":{"mods":["Act Like it!","BaseMod","Minty Spire (QoL Compilation)","Quick Restart","StSLib"],"gold_per_floor":[113,113,113,131,149,149,184,184,237,48,68,108,128,149,149,270,270,291,216,241,265,265,303,303,334,334,83,83,97,97,115,115,244,244,257,257,257,272,335,375,375,375,446,59,5,5,29,29,29,29],"floor_reached":51,"language":"ZHS","playtime":3849,"items_purged":["Defend_R","Defend_R","Defend_R"],"score":757,"play_id":"2022cbc5-e6c7-4338-88e3-22c0c10ef418","local_time":"20210114191358","is_ascension_mode":true,"campfire_choices":[{"data":"Armaments","floor":6.0,"key":"SMITH"},{"data":"Shockwave","floor":8.0,"key":"SMITH"},{"data":"Dark Embrace","floor":15.0,"key":"SMITH"},{"data":"Rampage","floor":24.0,"key":"SMITH"},{"data":"Power Through","floor":30.0,"key":"SMITH"},{"data":"True Grit","floor":32.0,"key":"SMITH"},{"data":"Limit Break","floor":41.0,"key":"SMITH"},{"data":"Burning Pact","floor":46.0,"key":"SMITH"},{"data":"Inflame","floor":49,"key":"SMITH"}],"circlet_count":0,"master_deck":["Strike_R","Strike_R","Strike_R","Strike_R","Strike_R","Bash","Reaper","True Grit","Shrug It Off","Armaments+1","Shockwave+1","Burning Pact+1","Inflame+1","Power Through+1","Fiend Fire","Dark Embrace+1","Inflame","Offering","Rampage+1","Flex+1","Armaments+1","True Grit+1","Rampage","Limit Break+1","Intimidate+1","Evolve+1","Warcry+1","Shame"],"relics":["Burning Blood","Golden Idol","Red Skull","Darkstone Periapt","Potion Belt","FossilizedHelix","Black Star","Ancient Tea Set","Bronze Scales","MealTicket","Kunai","Omamori","Shuriken","Juzu Bracelet","Cursed Key","WarpedTongs","WingedGreaves","Pantograph","Magic Flower","Pear","Self Forming Clay","Champion Belt"],"acts_visited":["Exordium","TheCity","TheBeyond"],"potions_floor_usage":[50,50],"damage_taken":[{"damage":12.0,"enemies":"Jaw Worm","floor":1.0,"turns":5.0},{"damage":3.0,"enemies":"2 Louse","floor":4.0,"turns":4.0},{"damage":5.0,"enemies":"Small Slimes","floor":5.0,"turns":4.0},{"damage":22.0,"enemies":"Gremlin Nob","floor":7.0,"turns":4.0},{"damage":9.0,"enemies":"Looter","floor":11.0,"turns":4.0},{"damage":10.0,"enemies":"Lagavulin","floor":12.0,"turns":7.0},{"damage":0.0,"enemies":"3 Louse","floor":13.0,"turns":4.0},{"damage":7.0,"enemies":"Gremlin Gang","floor":14.0,"turns":7.0},{"damage":42.0,"enemies":"The Guardian","floor":16.0,"turns":9.0},{"damage":32.0,"enemies":"2 Thieves","floor":18.0,"turns":4.0},{"damage":0.0,"enemies":"Chosen","floor":20.0,"turns":1.0},{"damage":18.0,"enemies":"Snake Plant","floor":21.0,"turns":3.0},{"damage":29.0,"enemies":"Slavers","floor":23.0,"turns":9.0},{"damage":22.0,"enemies":"Gremlin Leader","floor":25.0,"turns":5.0},{"damage":26.0,"enemies":"Shelled Parasite and Fungi","floor":29.0,"turns":5.0},{"damage":0.0,"enemies":"Snecko","floor":31.0,"turns":4.0},{"damage":60.0,"enemies":"Collector","floor":33.0,"turns":8.0},{"damage":33.0,"enemies":"3 Darklings","floor":35.0,"turns":9.0},{"damage":16.0,"enemies":"3 Shapes","floor":38.0,"turns":4.0},{"damage":9.0,"enemies":"Mind Bloom Boss Battle","floor":39.0,"turns":5.0},{"damage":22.0,"enemies":"Reptomancer","floor":40.0,"turns":7.0},{"damage":6.0,"enemies":"Jaw Worm Horde","floor":47.0,"turns":5.0},{"damage":97,"enemies":"Donu and Deca","floor":50,"turns":8}],"seed_played":"1252713208284146592","potions_obtained":[{"floor":4.0,"key":"PowerPotion"},{"floor":7.0,"key":"Ancient Potion"},{"floor":12.0,"key":"Ancient Potion"},{"floor":16.0,"key":"Fruit Juice"},{"floor":18.0,"key":"Ancient Potion"},{"floor":23.0,"key":"EntropicBrew"},{"floor":25.0,"key":"SpeedPotion"},{"floor":35.0,"key":"Strength Potion"},{"floor":39.0,"key":"HeartOfIron"},{"floor":40.0,"key":"SteroidPotion"}],"is_trial":false,"path_per_floor":["M","?","?","M","M","R","E","R","T","$","M","E","M","M","R","B",null,"M","?","M","M","?","E","R","E","T","$","?","M","R","M","R","B",null,"M","?","?","M","?","E","R","?","T","$","?","R","M","?","R","B",null],"character_chosen":"IRONCLAD","items_purchased":["Burning Pact","Inflame","Juzu Bracelet","Self Forming Clay"],"campfire_rested":0,"item_purchase_floors":[10,10,27,44],"current_hp_per_floor":[78,74,62,71,74,74,58,58,58,58,55,60,74,74,74,38,74,48,48,54,54,54,43,43,44,44,59,59,39,39,60,60,51,79,52,52,72,79,76,79,79,79,95,95,95,95,95,95,95,39],"gold":29,"neow_bonus":"ONE_RANDOM_RARE_CARD","is_daily":false,"chose_seed":false,"campfire_upgraded":9,"win_rate":0.0,"timestamp":1610622838,"path_taken":["M","?","?","M","M","R","E","R","T","?","M","E","M","M","R","BOSS","M","?","M","M","?","E","R","E","T","$","?","M","R","M","R","BOSS","M","?","?","M","?","E","R","?","T","$","?","R","M","?","R","BOSS"],"items_purchased_type":["Card","Card","Relic","Relic"],"build_version":"2020-12-22","purchased_purges":3,"victory":true,"max_hp_per_floor":[80,74,74,74,74,74,74,74,74,74,74,74,74,74,74,74,74,74,74,74,74,74,74,74,79,79,79,79,79,79,79,79,79,79,79,79,79,79,79,79,79,79,95,95,95,95,95,95,95,95],"card_choices":[{"not_picked":["Sword Boomerang","Cleave"],"picked":"True Grit","floor":1.0},{"not_picked":["Reckless Charge","Iron Wave"],"picked":"Shrug It Off","floor":4.0},{"not_picked":["Wild Strike","Headbutt"],"picked":"Armaments","floor":5.0},{"not_picked":["Armaments","Clash"],"picked":"Shockwave","floor":7.0},{"not_picked":["Clash","Whirlwind"],"picked":"Power Through","floor":11.0},{"not_picked":["Thunderclap","Twin Strike"],"picked":"Fiend Fire","floor":12.0},{"not_picked":["True Grit","Flex"],"picked":"Dark Embrace","floor":13.0},{"not_picked":["Pommel Strike","Headbutt"],"picked":"Inflame","floor":14.0},{"not_picked":["Immolate","Berserk"],"picked":"Offering","floor":16.0},{"not_picked":["Clash","Pommel Strike"],"picked":"Rampage","floor":18.0},{"not_picked":["Dual Wield","Flame Barrier"],"picked":"Flex+1","floor":20.0},{"not_picked":["Anger","Dark Embrace"],"picked":"Armaments+1","floor":21.0},{"not_picked":["Uppercut+1","Intimidate"],"picked":"True Grit","floor":23.0},{"not_picked":["Body Slam+1","True Grit","Heavy Blade"],"picked":"SKIP","floor":25.0},{"not_picked":["Clothesline","Uppercut"],"picked":"Rampage","floor":29.0},{"not_picked":["Anger+1","Dropkick","Carnage+1"],"picked":"SKIP","floor":31.0},{"not_picked":["Feed","Double Tap"],"picked":"Limit Break","floor":33.0},{"not_picked":["Clash+1","Clothesline+1"],"picked":"Intimidate+1","floor":35.0},{"not_picked":["Hemokinesis+1","Flex","Shockwave+1"],"picked":"SKIP","floor":38.0},{"not_picked":["Twin Strike","Cleave+1"],"picked":"Evolve+1","floor":39.0},{"not_picked":["Sword Boomerang","Armaments"],"picked":"Warcry+1","floor":40.0},{"not_picked":["Cleave+1","Flex+1","Pommel Strike"],"picked":"SKIP","floor":47.0}],"player_experience":68521,"relics_obtained":[{"floor":7.0,"key":"Darkstone Periapt"},{"floor":9.0,"key":"Potion Belt"},{"floor":12.0,"key":"FossilizedHelix"},{"floor":23.0,"key":"Bronze Scales"},{"floor":23.0,"key":"MealTicket"},{"floor":25.0,"key":"Kunai"},{"floor":25.0,"key":"Omamori"},{"floor":26.0,"key":"Shuriken"},{"floor":39.0,"key":"WingedGreaves"},{"floor":40.0,"key":"Pantograph"},{"floor":40.0,"key":"Magic Flower"},{"floor":43.0,"key":"Pear"}],"event_choices":[{"damage_healed":0.0,"max_hp_gain":0.0,"max_hp_loss":6.0,"gold_gain":0.0,"event_name":"Golden Idol","player_choice":"Lose Max HP","floor":2.0,"gold_loss":0.0,"damage_taken":0.0,"relics_obtained":["Golden Idol"]},{"damage_healed":0.0,"max_hp_gain":0.0,"max_hp_loss":0.0,"gold_gain":0.0,"event_name":"Scrap Ooze","player_choice":"Success","floor":3.0,"gold_loss":0.0,"damage_taken":12.0,"relics_obtained":["Red Skull"]},{"cards_removed":["Defend_R"],"damage_healed":0.0,"max_hp_gain":0.0,"max_hp_loss":0.0,"gold_gain":0.0,"event_name":"Beggar","player_choice":"Gave Gold","floor":19.0,"gold_loss":75.0,"damage_taken":0.0},{"damage_healed":0.0,"max_hp_gain":0.0,"max_hp_loss":0.0,"gold_gain":0.0,"event_name":"The Mausoleum","player_choice":"Opened","floor":22.0,"gold_loss":0.0,"damage_taken":0.0,"relics_obtained":["Ancient Tea Set"]},{"damage_healed":0.0,"max_hp_gain":0.0,"max_hp_loss":0.0,"gold_gain":0.0,"event_name":"Ghosts","player_choice":"Ignored","floor":28.0,"gold_loss":0.0,"damage_taken":0.0},{"damage_healed":0.0,"max_hp_gain":0.0,"max_hp_loss":0.0,"gold_gain":0.0,"event_name":"Accursed Blacksmith","player_choice":"Rummage","floor":36.0,"gold_loss":0.0,"damage_taken":0.0,"relics_obtained":["WarpedTongs"],"cards_obtained":["Pain"]},{"damage_healed":20.0,"max_hp_gain":0.0,"max_hp_loss":0.0,"gold_gain":0.0,"event_name":"Winding Halls","player_choice":"Writhe","floor":37.0,"gold_loss":0.0,"damage_taken":0.0,"cards_obtained":["Writhe"]},{"damage_healed":0.0,"max_hp_gain":0.0,"max_hp_loss":0.0,"gold_gain":0.0,"event_name":"MindBloom","player_choice":"Fight","floor":39.0,"gold_loss":0.0,"damage_taken":0.0},{"damage_healed":0.0,"max_hp_gain":0.0,"max_hp_loss":0.0,"gold_gain":0.0,"event_name":"Tomb of Lord Red Mask","player_choice":"Ignored","floor":42.0,"gold_loss":0.0,"damage_taken":0.0},{"damage_healed":0.0,"max_hp_gain":0.0,"max_hp_loss":0.0,"gold_gain":0.0,"event_name":"WeMeetAgain","player_choice":"Paid Gold","floor":45.0,"gold_loss":54.0,"damage_taken":0.0,"relics_obtained":["Champion Belt"]},{"damage_healed":0,"gold_gain":0,"player_choice":"Ignored","damage_taken":0,"max_hp_gain":0,"max_hp_loss":0,"event_name":"Mysterious Sphere","floor":48,"gold_loss":0}],"is_beta":false,"boss_relics":[{"not_picked":["Runic Cube","Runic Pyramid"],"picked":"Black Star"},{"not_picked":["Sozu","Mark of Pain"],"picked":"Cursed Key"}],"items_purged_floors":[10,27,44],"is_endless":false,"potions_floor_spawned":[4,7,12,16,18,23,25,35,39,40],"ascension_level":1}}