{"host":"60l258qxpyrtzhoo","time":1610583084,"event":{"mods":["AchievementEnabler","Act Like it!","BaseMod","BetterRewards","Colored Map","Colored Powertips","Custom Start","Decade(???)","Downfall","Duelist Mod","Gensokyo","Googly Eyes","Grow up Mod","GungeonMod","Hermit","Hubris","Infinite Spire","Jorbs\u0027s Wanderer Trilogy","Koishi","Marisa????????","Minty Spire (QoL Compilation)","Quick Restart","Reimu??????","Remilia??????","Replay The Spire","Shop Mod","StSLib","The Bug Knight","The Construct","The Cursed","The Disciple","The Hierophant","The Necromancer","The Servant 0.9.4","UnlockEverythingMod","vexMod"],"gold_per_floor":[119,132,132,145,157,188,188,198,198,198,253,278,278,295,295,392,392,392,392],"floor_reached":18,"language":"ENG","playtime":1173,"items_purged":[],"score":305,"play_id":"852eef23-b8f4-4910-a7a4-5234c3fd35ef","local_time":"20210114011124","is_ascension_mode":true,"campfire_choices":[{"floor":7,"key":"REST"},{"floor":13,"key":"REST"},{"floor":15,"key":"REST"}],"circlet_count":0,"master_deck":["Poisoned Stab+1","Poisoned Stab+1","Envenom+1","Deflect+1","Deflect+1","Backstab+1","Backstab+1"],"relics":["Burning Blood","hubris:TenFootPole","DemoMod:Plus1Bullets","TheCursedMod:BloodyHarpoon","infinitespire:CheckeredPen","vexMod:ScavengeHelm","infinitespire:WardingShard","ScarletDevilRocket","Replay:Drink Me"],"acts_visited":["Exordium","TheCity"],"potions_floor_usage":[],"damage_taken":[{"damage":0,"enemies":"Cultist","floor":1,"turns":1},{"damage":0,"enemies":"2 Louse","floor":2,"turns":1},{"damage":0,"enemies":"Small Slimes","floor":4,"turns":2},{"damage":0,"enemies":"Looter","floor":5,"turns":1},{"damage":0,"enemies":"3 Sentries","floor":6,"turns":6},{"damage":0,"enemies":"3 Louse","floor":8,"turns":2},{"damage":0,"enemies":"Lagavulin","floor":12,"turns":4},{"damage":0,"enemies":"Blue Slaver","floor":14,"turns":2},{"damage":89,"enemies":"Fading Forest","floor":16,"turns":11},{"damage":0,"enemies":"3 Byrds","floor":18,"turns":3}],"seed_played":"-6292623113313037145","potions_obtained":[{"floor":4,"key":"Energy Potion"},{"floor":6,"key":"DemoMod:LeadSkinPotion"},{"floor":12,"key":"Dexterity Potion"}],"is_trial":true,"path_per_floor":["M","M","$","M","M","E","R","M","T","$","?","E","R","M","R","B",null,"M"],"character_chosen":"IRONCLAD","items_purchased":[],"campfire_rested":3,"item_purchase_floors":[],"current_hp_per_floor":[100,110,120,130,140,150,160,170,180,190,200,210,220,230,240,167,198,198,198],"gold":392,"neow_bonus":"","is_daily":false,"chose_seed":false,"campfire_upgraded":0,"win_rate":0.0,"timestamp":1610583084,"path_taken":["M","M","?","M","M","E","R","M","T","$","?","E","R","M","R","BOSS","M"],"items_purchased_type":[],"build_version":"2020-12-22","purchased_purges":0,"victory":false,"max_hp_per_floor":[100,110,120,130,140,150,160,170,180,190,200,210,220,230,240,250,198,198,198],"card_choices":[{"not_picked":["Havoc","Combust","hubris:SharpeningStone"],"picked":"SKIP","floor":1},{"not_picked":["ReplayTheSpireMod:Muscle Training","Pommel Strike","ReplayTheSpireMod:Stacked"],"picked":"SKIP","floor":2},{"not_picked":["ReplayTheSpireMod:Strike From Hell","Body Slam","Searing Blow"],"picked":"SKIP","floor":4},{"not_picked":["Body Slam","Entrench","Disarm"],"picked":"SKIP","floor":5},{"not_picked":["Twin Strike","Wild Strike","Combust"],"picked":"SKIP","floor":6},{"not_picked":["Armaments","Clash","Iron Wave"],"picked":"SKIP","floor":8},{"not_picked":["Body Slam","Run Through","Pommel Strike"],"picked":"SKIP","floor":12},{"not_picked":["Twin Strike","Sentinel","Headbutt"],"picked":"SKIP","floor":14}],"player_experience":7112,"relics_obtained":[{"floor":6,"key":"vexMod:ScavengeHelm"},{"floor":9,"key":"infinitespire:WardingShard"},{"floor":12,"key":"ScarletDevilRocket"}],"event_choices":[{"damage_healed":0,"gold_gain":55,"player_choice":"Gained Gold","damage_taken":0,"max_hp_gain":0,"max_hp_loss":0,"event_name":"Golden Wing","floor":11,"gold_loss":0}],"is_beta":false,"boss_relics":[{"not_picked":["Calling Bell","Coffee Dripper"],"picked":"Replay:Drink Me"}],"items_purged_floors":[],"is_endless":false,"potions_floor_spawned":[4,6,12],"killed_by":"3 Byrds","ascension_level":3}}