{"host":"1z4hbl9vfqrhg136","time":1610651711,"event":{"mods":["BaseMod","Minty Spire (QoL Compilation)"],"gold_per_floor":[132,75,111,147,41,93,93,175,241,253,253],"floor_reached":10,"language":"ENG","playtime":733,"items_purged":[],"score":152,"play_id":"2d25f45b-14da-46e0-b2ac-dbc874eff305","local_time":"20210114191511","is_ascension_mode":true,"campfire_choices":[{"data":"HandOfGreed","floor":7,"key":"SMITH"}],"circlet_count":0,"master_deck":["AscendersBane","Strike_B","Strike_B","Strike_B","Strike_B","Defend_B","Defend_B","Defend_B","Defend_B","Zap","Dualcast","HandOfGreed+1","Steam Power","Cold Snap","Ball Lightning","Beam Cell","Sweeping Beam","Undo","Compile Driver+1"],"relics":["Cracked Core","Molten Egg 2","MawBank","Ancient Tea Set"],"acts_visited":["Exordium"],"potions_floor_usage":[6],"damage_taken":[{"damage":6,"enemies":"Cultist","floor":1,"turns":3},{"damage":0,"enemies":"Small Slimes","floor":3,"turns":2},{"damage":1,"enemies":"2 Louse","floor":4,"turns":3},{"damage":16,"enemies":"Lagavulin","floor":6,"turns":5},{"damage":36,"enemies":"3 Sentries","floor":8,"turns":8},{"damage":28,"enemies":"Gremlin Nob","floor":10,"turns":3}],"seed_played":"-4902289966147523834","potions_obtained":[{"floor":1,"key":"BlessingOfTheForge"}],"is_trial":false,"path_per_floor":["M","$","M","M","$","E","R","E","T","E"],"character_chosen":"DEFECT","items_purchased":["Cold Snap","Beam Cell","Sweeping Beam"],"campfire_rested":0,"item_purchase_floors":[2,5,5],"current_hp_per_floor":[58,58,58,57,57,41,41,5,5,0,0],"gold":253,"neow_bonus":"RANDOM_COLORLESS_2","is_daily":false,"chose_seed":false,"campfire_upgraded":1,"win_rate":0.0,"timestamp":1610651711,"path_taken":["M","$","M","M","?","E","R","E","T","E"],"items_purchased_type":["Card","Card","Card"],"build_version":"2020-12-22","purchased_purges":0,"victory":false,"max_hp_per_floor":[64,64,64,64,64,64,64,64,64,64,64],"card_choices":[{"not_picked":["Secret Weapon","Secret Technique"],"picked":"HandOfGreed","floor":0},{"not_picked":["Barrage","Chaos"],"picked":"Steam Power","floor":1},{"not_picked":["Steam","Scrape"],"picked":"Ball Lightning","floor":3},{"not_picked":["Rebound","Storm","Gash"],"picked":"SKIP","floor":4},{"not_picked":["Darkness","Gash+1"],"picked":"Undo","floor":6},{"not_picked":["White Noise","Thunder Strike+1"],"picked":"Compile Driver+1","floor":8}],"player_experience":1881721,"relics_obtained":[{"floor":6,"key":"Molten Egg 2"},{"floor":8,"key":"MawBank"},{"floor":9,"key":"Ancient Tea Set"}],"event_choices":[],"is_beta":false,"boss_relics":[],"items_purged_floors":[],"is_endless":false,"potions_floor_spawned":[1],"killed_by":"Gremlin Nob","ascension_level":20}}