{"host":"4wxnf20i0it58n8p","time":1610654607,"event":{"mods":["ATMod(°¢èªMod)","Arknights The Spire","BaseMod","BetterRewards","Colored Map","Conspire","Downfall","Infinite Spire","KinomotoSakuraMod(Ä¾Ö®±¾Ó£)","Lobotomy","Marisa£¨ìFÓê¡¡Ä§ÀíÉ³£©","Mimic Mod","Minty Spire (QoL Compilation)","Replay The Spire","Shop Mod","StSLib","The Jungle","The Servant 0.9.4"],"gold_per_floor":[113,163,163,7,7,7,7,7],"floor_reached":7,"language":"ZHS","playtime":371,"items_purged":[],"score":46,"play_id":"e3cf85aa-0f46-4fa7-a8a9-1dff74ec8701","local_time":"20210115040327","is_ascension_mode":true,"campfire_choices":[{"floor":6,"key":"RECALL"}],"circlet_count":0,"master_deck":["Strike_R","Strike_R","Strike_R","Strike_R","Strike_R","Defend_R","Defend_R","Defend_R","Defend_R","Bash","AT_EssenceShift","PunishingBird","Flex","Warcry+1"],"relics":["Burning Blood","AT_ATBox","CogitoBucket","Ring of Greed","Smiling Mask","The Courier","AT_GoldPhoenixTree","Sling"],"acts_visited":["Exordium"],"potions_floor_usage":[],"damage_taken":[{"damage":0.0,"enemies":"2 Louse","floor":1.0,"turns":3.0},{"damage":124,"enemies":"3 Sentries","floor":7,"turns":3}],"seed_played":"8018192102573467021","potions_obtained":[{"floor":1.0,"key":"ColorlessPotion"}],"is_trial":false,"path_per_floor":["M","?","?","$","?","R","E"],"character_chosen":"IRONCLAD","items_purchased":["Sling","Warcry+1"],"campfire_rested":0,"item_purchase_floors":[4,4],"current_hp_per_floor":[80,80,73,73,64,64,0,0],"gold":7,"neow_bonus":"","is_daily":false,"chose_seed":false,"campfire_upgraded":0,"win_rate":0.0,"timestamp":1610654607,"path_taken":["M","?","?","$","?","R","E"],"items_purchased_type":["Relic","Card"],"build_version":"2020-12-22","purchased_purges":0,"victory":false,"max_hp_per_floor":[80,80,80,80,80,80,80,80],"card_choices":[{"not_picked":["QueenBee","BeautyBeast"],"picked":"PunishingBird","floor":1.0},{"not_picked":["Sword Boomerang","Thunderclap"],"picked":"Flex","floor":1.0}],"player_experience":315016,"relics_obtained":[{"floor":2,"key":"Ring of Greed"},{"floor":2,"key":"Smiling Mask"},{"floor":2,"key":"The Courier"}],"event_choices":[{"damage_healed":0,"gold_gain":0,"player_choice":"Success","damage_taken":7,"relics_obtained":["AT_GoldPhoenixTree"],"max_hp_gain":0,"max_hp_loss":0,"event_name":"Scrap Ooze","floor":3,"gold_loss":0},{"cards_removed":["Voices"],"damage_healed":0,"gold_gain":0,"player_choice":"Card Removal","damage_taken":7,"max_hp_gain":0,"max_hp_loss":0,"event_name":"Golden Wing","floor":5,"gold_loss":0}],"is_beta":false,"boss_relics":[],"items_purged_floors":[],"is_endless":false,"potions_floor_spawned":[1],"killed_by":"3 Sentries","ascension_level":5}}