{"host":"y193d0agu1dp5x1y","time":1610648092,"event":{"mods":["AchievementEnabler","BaseMod","Googly Eyes","Minty Spire (QoL Compilation)"],"gold_per_floor":[116,127,202,74,85,102,102,130,130,130,142,142,3,3,3,104,104,122,47,47,47,5,34,34,34,34,54,54,85,85,43,43,138,138,149,0,13,32,32,32],"floor_reached":39,"language":"ENG","playtime":1964,"items_purged":["Dualcast","Strike_B"],"score":465,"play_id":"4feb0909-8bc7-4bf8-be42-671baba6bc77","local_time":"20210114121452","is_ascension_mode":false,"campfire_choices":[{"data":"Zap","floor":10,"key":"SMITH"},{"data":"Leap","floor":12,"key":"SMITH"},{"floor":15,"key":"REST"},{"data":"Electrodynamics","floor":25,"key":"SMITH"},{"data":"Seek","floor":28,"key":"SMITH"},{"data":"Storm","floor":30,"key":"SMITH"},{"data":"Melter","floor":32,"key":"SMITH"}],"circlet_count":0,"master_deck":["Defend_B+1","Defend_B+1","Defend_B+1","Zap+1","Go for the Eyes","Go for the Eyes","Gash","Seek+1","Leap+1","Melter+1","Electrodynamics+1","Steam+1","Capacitor+1","Rebound+1","Necronomicurse","Gash","Leap+1","Gash","Storm+1","Seek","Beam Cell","Capacitor+1","Gash"],"relics":["Runic Pyramid","Mummified Hand","The Courier","Juzu Bracelet","Astrolabe","Necronomicon","MutagenicStrength","Cables","Pear","Darkstone Periapt","SlaversCollar","Red Mask"],"acts_visited":["Exordium","TheCity","TheBeyond"],"potions_floor_usage":[23,23,23,33,33,39],"damage_taken":[{"damage":1,"enemies":"Jaw Worm","floor":1,"turns":5},{"damage":0,"enemies":"Small Slimes","floor":2,"turns":4},{"damage":0,"enemies":"Cultist","floor":5,"turns":3},{"damage":4,"enemies":"Red Slaver","floor":6,"turns":4},{"damage":17,"enemies":"Lagavulin","floor":8,"turns":7},{"damage":5,"enemies":"3 Louse","floor":11,"turns":4},{"damage":15,"enemies":"The Guardian","floor":16,"turns":13},{"damage":5,"enemies":"Spheric Guardian","floor":18,"turns":3},{"damage":0,"enemies":"Gremlin Leader","floor":23,"turns":5},{"damage":10,"enemies":"3 Byrds","floor":27,"turns":2},{"damage":12,"enemies":"Book of Stabbing","floor":29,"turns":6},{"damage":7,"enemies":"Collector","floor":33,"turns":9},{"damage":0,"enemies":"3 Shapes","floor":35,"turns":3},{"damage":12,"enemies":"Orb Walker","floor":37,"turns":3},{"damage":26,"enemies":"Spire Growth","floor":38,"turns":6},{"damage":49,"enemies":"2 Orb Walkers","floor":39,"turns":4}],"seed_played":"-2703164035331637901","potions_obtained":[{"floor":2,"key":"DistilledChaos"},{"floor":8,"key":"Regen Potion"},{"floor":16,"key":"Explosive Potion"},{"floor":23,"key":"Fire Potion"},{"floor":27,"key":"Block Potion"},{"floor":33,"key":"Fire Potion"},{"floor":35,"key":"SkillPotion"}],"is_trial":false,"path_per_floor":["M","M","?","$","M","M","?","E","T","R","M","R","$","T","R","B",null,"M","?","?","?","$","E","?","R","T","M","R","E","R","$","R","B",null,"M","?","M","M","?"],"character_chosen":"DEFECT","items_purchased":["Go for the Eyes","Melter","Gash","Block Potion"],"campfire_rested":1,"item_purchase_floors":[4,13,22,31],"current_hp_per_floor":[74,74,63,63,63,59,59,42,42,42,37,37,37,37,59,44,75,70,70,54,54,54,68,68,68,78,68,68,56,56,56,56,49,85,85,85,73,47,0,0],"gold":32,"neow_bonus":"BOSS_RELIC","is_daily":false,"chose_seed":false,"campfire_upgraded":6,"win_rate":0.0,"timestamp":1610648092,"path_taken":["M","M","?","$","M","M","?","E","T","R","?","R","$","?","R","BOSS","M","?","?","?","$","E","?","R","T","M","R","E","R","?","R","BOSS","M","?","M","M","?"],"items_purchased_type":["Card","Card","Card","Potion"],"build_version":"2020-12-22","purchased_purges":2,"victory":false,"max_hp_per_floor":[75,75,75,75,75,75,75,75,75,75,75,75,75,75,75,75,75,75,75,75,75,75,75,75,75,85,85,85,85,85,85,85,85,85,85,85,85,85,85,85],"card_choices":[{"not_picked":["Hologram","Beam Cell"],"picked":"Go for the Eyes","floor":1},{"not_picked":["Sunder","Aggregate","Lockon"],"picked":"SKIP","floor":2},{"not_picked":["Turbo","Force Field","Consume"],"picked":"SKIP","floor":5},{"not_picked":["Consume","Stack"],"picked":"Gash","floor":6},{"not_picked":["Sweeping Beam","Recycle"],"picked":"Leap","floor":8},{"not_picked":["Fusion","Rebound","Barrage"],"picked":"SKIP","floor":11},{"not_picked":["Biased Cognition","Core Surge"],"picked":"Electrodynamics","floor":16},{"not_picked":["Sweeping Beam","Barrage+1","Coolheaded"],"picked":"SKIP","floor":18},{"not_picked":["Genetic Algorithm+1","Steam"],"picked":"Leap+1","floor":23},{"not_picked":["White Noise","Go for the Eyes"],"picked":"Gash","floor":27},{"not_picked":["Steam Power+1","Reprogram"],"picked":"Storm","floor":29},{"not_picked":["Reboot","Core Surge"],"picked":"Seek","floor":33},{"not_picked":["Rebound","Undo+1"],"picked":"Beam Cell","floor":35},{"not_picked":["Sweeping Beam+1","Tempest+1"],"picked":"Capacitor+1","floor":37},{"not_picked":["Aggregate","Cold Snap+1"],"picked":"Gash","floor":38}],"player_experience":82361,"relics_obtained":[{"floor":8,"key":"Mummified Hand"},{"floor":9,"key":"The Courier"},{"floor":14,"key":"Juzu Bracelet"},{"floor":20,"key":"Necronomicon"},{"floor":23,"key":"Cables"},{"floor":26,"key":"Pear"},{"floor":29,"key":"Darkstone Periapt"}],"event_choices":[{"damage_healed":0,"gold_gain":75,"player_choice":"Gather Gold","damage_taken":11,"max_hp_gain":0,"max_hp_loss":0,"event_name":"World of Goop","floor":3,"gold_loss":0},{"damage_healed":0,"gold_gain":0,"player_choice":"1 cards matched","damage_taken":0,"max_hp_gain":0,"max_hp_loss":0,"event_name":"Match and Keep!","floor":7,"gold_loss":0,"cards_obtained":["Seek"]},{"cards_removed":["Defend_B"],"damage_healed":0,"gold_gain":0,"player_choice":"Gave Gold","damage_taken":0,"max_hp_gain":0,"max_hp_loss":0,"event_name":"Beggar","floor":19,"gold_loss":75},{"damage_healed":0,"gold_gain":0,"player_choice":"Obtained Book","damage_taken":16,"max_hp_gain":0,"max_hp_loss":0,"event_name":"Cursed Tome","floor":20,"gold_loss":0},{"damage_healed":0,"gold_gain":0,"player_choice":"Inject Mutagens","damage_taken":0,"relics_obtained":["MutagenicStrength"],"max_hp_gain":0,"max_hp_loss":0,"event_name":"Drug Dealer","floor":21,"gold_loss":0},{"damage_healed":0,"gold_gain":0,"player_choice":"Simplicity","damage_taken":0,"max_hp_gain":0,"max_hp_loss":0,"event_name":"Back to Basics","floor":24,"gold_loss":0,"cards_upgraded":["Defend_B","Defend_B","Defend_B"]},{"damage_healed":0,"gold_gain":0,"player_choice":"Paid","damage_taken":0,"relics_obtained":["Red Mask"],"max_hp_gain":0,"max_hp_loss":0,"event_name":"Tomb of Lord Red Mask","floor":36,"gold_loss":149},{"damage_healed":0,"gold_gain":0,"player_choice":"Fight","damage_taken":0,"max_hp_gain":0,"max_hp_loss":0,"event_name":"Mysterious Sphere","floor":39,"gold_loss":0}],"is_beta":false,"boss_relics":[{"not_picked":["Inserter","Runic Dome"],"picked":"Astrolabe"},{"not_picked":["Coffee Dripper","Philosopher\u0027s Stone"],"picked":"SlaversCollar"}],"items_purged_floors":[4,13],"is_endless":false,"potions_floor_spawned":[2,8,16,18,23,27,33,35],"killed_by":"2 Orb Walkers","ascension_level":0}}