{"host":"r6ixdbpnwahtqyu3","time":1610588624,"event":{"mods":["BaseMod","CapriCore","Colored Map","Friendly Minions","Koishi","Marisa（霧雨　魔理沙）","Minty Spire (QoL Compilation)","Remilia（蕾米莉?）","StSLib","The Immortal","The Servant 0.9.4"],"gold_per_floor":[113,129,129,129,141,141,169,169,169,169,169],"floor_reached":10,"language":"ENG","playtime":223,"items_purged":[],"score":92,"play_id":"021063b7-050f-45c4-bacd-cc792e1523cc","local_time":"20210113204344","is_ascension_mode":true,"campfire_choices":[{"data":"Koishi:JumpScare","floor":6,"key":"SMITH"},{"data":"Koishi:HauntingSlash","floor":8,"key":"SMITH"}],"circlet_count":0,"master_deck":["Koishi:BasicStrike","Koishi:BasicStrike","Koishi:BasicStrike","Koishi:BasicStrike","Koishi:BasicDefend","Koishi:BasicDefend","Koishi:BasicDefend","Koishi:BasicDefend","Koishi:Provoke","Koishi:HauntingSlash+1","Koishi:JumpScare+1","Koishi:YoukaiPolygraph","Koishi:ParalyzingFear"],"relics":["Koishi:ImaginaryFriend","NeowsBlessing","Vajra","Question Card","Letter Opener"],"acts_visited":["Exordium"],"potions_floor_usage":[10,10],"damage_taken":[{"damage":0,"enemies":"Cultist","floor":1,"turns":1},{"damage":0,"enemies":"Small Slimes","floor":2,"turns":1},{"damage":0,"enemies":"Jaw Worm","floor":5,"turns":1},{"damage":45,"enemies":"Lagavulin","floor":7,"turns":10},{"damage":23,"enemies":"Gremlin Nob","floor":10,"turns":3}],"seed_played":"7437730020928511914","potions_obtained":[{"floor":5,"key":"CultistPotion"},{"floor":7,"key":"DuplicationPotion"}],"is_trial":false,"path_per_floor":["M","M","?","?","M","R","E","R","T","E"],"character_chosen":"KOISHI","items_purchased":[],"campfire_rested":0,"item_purchase_floors":[],"current_hp_per_floor":[54,54,59,47,49,49,13,13,13,0,0],"gold":169,"neow_bonus":"THREE_ENEMY_KILL","is_daily":false,"chose_seed":false,"campfire_upgraded":2,"win_rate":0.0,"timestamp":1610588624,"path_taken":["M","M","?","?","M","R","E","R","T","E"],"items_purchased_type":[],"build_version":"2020-12-22","purchased_purges":0,"victory":false,"max_hp_per_floor":[60,60,65,65,65,65,65,65,65,65,65],"card_choices":[{"not_picked":["Koishi:SubconsciousSweep","Koishi:Vanish","Koishi:SubterraneanRose"],"picked":"SKIP","floor":1},{"not_picked":["Koishi:UnansweredLove","Koishi:SubterraneanRose"],"picked":"Koishi:JumpScare","floor":2},{"not_picked":["Koishi:LastRemote","Koishi:HeartfeltFancy"],"picked":"Koishi:YoukaiPolygraph","floor":5},{"not_picked":["Koishi:UnconsciousUprising","Koishi:EmbryosDream"],"picked":"Koishi:ParalyzingFear","floor":7}],"player_experience":387020,"relics_obtained":[{"floor":7,"key":"Question Card"},{"floor":9,"key":"Letter Opener"}],"event_choices":[{"damage_healed":0,"gold_gain":0,"player_choice":"Donut","damage_taken":0,"max_hp_gain":5,"max_hp_loss":0,"event_name":"Big Fish","floor":3,"gold_loss":0},{"damage_healed":0,"gold_gain":0,"player_choice":"Success","damage_taken":12,"relics_obtained":["Vajra"],"max_hp_gain":0,"max_hp_loss":0,"event_name":"Scrap Ooze","floor":4,"gold_loss":0}],"is_beta":false,"boss_relics":[],"items_purged_floors":[],"is_endless":false,"potions_floor_spawned":[5,7],"killed_by":"Gremlin Nob","ascension_level":8}}