{"host":"m6aaltr68g9tvoay","time":1610597595,"event":{"mods":["AchievementEnabler","BaseMod","Colored Map","Downfall","Minty Spire (QoL Compilation)","StSLib"],"gold_per_floor":[199,216,129,141,153,153,153,53,64,64,64,96,96,96,114,209,209,109,119,135,155,155,155,203,203,203,26,44,69,69,81,98,98,98],"floor_reached":33,"language":"ENG","playtime":3082,"items_purged":["Pride"],"score":334,"play_id":"0ab73cde-bfd2-4010-8808-c3d8517fc6c4","local_time":"20210113201315","is_ascension_mode":true,"campfire_choices":[{"floor":1.0,"key":"RECALL"},{"floor":8.0,"key":"REST"},{"data":"bronze:Frontload","floor":10.0,"key":"SMITH"},{"data":"bronze:Verify","floor":18.0,"key":"SMITH"},{"floor":23.0,"key":"REST"},{"floor":30,"key":"REST"}],"circlet_count":0,"master_deck":["bronze:Strike","bronze:Strike","bronze:Strike","bronze:Defend","bronze:Defend","bronze:Defend","bronze:Defend","bronze:Replicate","bronze:Goto","bronze:CloningBeam","bronze:Iterate+1","bronze:InfiniteBeams","bronze:Branch","bronze:BronzeOrb","bronze:Frontload+1","bronze:Optimize","bronze:Shield","bronze:ChildClass","bronze:Verify+1","CurseOfTheBell","bronze:Fortify","bronze:DelayedSlice+1","bronze:Turbo","expansioncontent:PolyBeam","bronze:Frontload+1","bronze:InfiniteLoop","bronze:Boost","bronze:WhirlingStrike"],"relics":["bronze:BronzeCore","downfall:HeartBlessingRed","Akabeko","Meat on the Bone","Calling Bell","PreservedInsect","Frozen Egg 2","Mango","downfall:HeartBlessingBlue","Tiny Chest","Dream Catcher","Pen Nib"],"acts_visited":["Exordium","TheCity"],"potions_floor_usage":[29],"damage_taken":[{"damage":2.0,"enemies":"Jaw Worm","floor":2.0,"turns":4.0},{"damage":0.0,"enemies":"downfall:FleeingMerchant","floor":3.0,"turns":4.0},{"damage":5.0,"enemies":"Small Slimes","floor":4.0,"turns":4.0},{"damage":3.0,"enemies":"2 Louse","floor":5.0,"turns":4.0},{"damage":1.0,"enemies":"Blue Slaver","floor":9.0,"turns":3.0},{"damage":13.0,"enemies":"Lagavulin","floor":12.0,"turns":5.0},{"damage":0.0,"enemies":"Lots of Slimes","floor":15.0,"turns":4.0},{"damage":34.0,"enemies":"downfall:Defect","floor":16.0,"turns":12.0},{"damage":16.0,"enemies":"Shell Parasite","floor":19.0,"turns":10.0},{"damage":6.0,"enemies":"Spheric Guardian","floor":20.0,"turns":3.0},{"damage":9.0,"enemies":"Shelled Parasite and Fungi","floor":21.0,"turns":5.0},{"damage":0.0,"enemies":"Snake Plant","floor":25.0,"turns":1.0},{"damage":0.0,"enemies":"downfall:FleeingMerchant","floor":27.0,"turns":4.0},{"damage":31.0,"enemies":"Sentry and Sphere","floor":28.0,"turns":6.0},{"damage":14,"enemies":"Slavers","floor":29,"turns":5},{"damage":0,"enemies":"Snecko","floor":31,"turns":3},{"damage":15,"enemies":"Centurion and Healer","floor":32,"turns":4},{"damage":77,"enemies":"downfall:Silent","floor":33,"turns":8}],"seed_played":"5448946709709934322","potions_obtained":[{"floor":2.0,"key":"LiquidMemories"},{"floor":4.0,"key":"SmokeBomb"},{"floor":9.0,"key":"Block Potion"},{"floor":15.0,"key":"champ:CounterPotion"},{"floor":16.0,"key":"Weak Potion"},{"floor":20.0,"key":"Swift Potion"},{"floor":21.0,"key":"Strength Potion"},{"floor":31,"key":"bronze:FreeFunctionsPotion"},{"floor":32,"key":"bronze:BurnAndBuffPotion"}],"is_trial":false,"path_per_floor":["R","M","$","M","M","?","T","R","M","R","?","E","?","?","M","B",null,"R","M","M","M","?","R","T","M","?","$","M","E","R","M","M","B"],"character_chosen":"THE_AUTOMATON","items_purchased":["bronze:InfiniteBeams","expansioncontent:PolyBeam"],"campfire_rested":3,"item_purchase_floors":[3,27],"current_hp_per_floor":[70,68,68,63,60,60,60,70,69,69,51,38,38,38,38,16,84,94,78,72,63,63,91,91,91,91,91,60,58,86,86,71,0,0],"gold":98,"neow_bonus":"HUNDRED_GOLD","is_daily":false,"chose_seed":false,"campfire_upgraded":2,"win_rate":0.0,"timestamp":1610597595,"path_taken":["R","M","$","M","M","?","T","R","M","R","?","E","?","?","M","BOSS","R","M","M","M","?","R","T","M","?","$","M","E","R","M","M","BOSS"],"items_purchased_type":["Card","Card"],"build_version":"2020-12-22","purchased_purges":1,"victory":false,"max_hp_per_floor":[70,70,70,70,70,70,70,70,70,70,70,70,70,70,70,70,84,94,94,94,94,94,94,94,94,94,94,94,94,94,94,94,94,94],"card_choices":[{"not_picked":["bronze:Deprecate","bronze:BuggyMess"],"picked":"bronze:CloningBeam","floor":2.0},{"not_picked":["bronze:ClassDefault","bronze:Shield"],"picked":"bronze:Iterate","floor":3.0},{"not_picked":["bronze:Iterate","bronze:CutThrough"],"picked":"bronze:Branch","floor":4.0},{"not_picked":["bronze:Overheat","bronze:Branch"],"picked":"bronze:BronzeOrb","floor":5.0},{"not_picked":["bronze:DigitalCarnage","bronze:OilSpill"],"picked":"bronze:Optimize","floor":9.0},{"not_picked":["bronze:DelayedGuard","bronze:Mutator"],"picked":"bronze:Shield","floor":12.0},{"not_picked":["bronze:Fortify","bronze:Iterate"],"picked":"bronze:ChildClass","floor":15.0},{"not_picked":["bronze:Mutator","bronze:SpaghettiCode"],"picked":"bronze:Verify","floor":16.0},{"not_picked":["bronze:Branch","bronze:Turbo"],"picked":"bronze:Fortify","floor":19.0},{"not_picked":["bronze:DelayedGuard","bronze:MaxOutput+1"],"picked":"bronze:DelayedSlice+1","floor":20.0},{"not_picked":["bronze:NullPointer","bronze:FineTuning"],"picked":"bronze:Turbo","floor":21.0},{"not_picked":["bronze:BronzeOrb","bronze:BitShift+1","bronze:Overheat"],"picked":"SKIP","floor":27.0},{"not_picked":["bronze:Branch","bronze:DarkDash"],"picked":"bronze:Frontload+1","floor":28.0},{"not_picked":["bronze:Shield","bronze:ForceShield"],"picked":"bronze:InfiniteLoop","floor":29},{"not_picked":["bronze:Turbo","bronze:WildBeam"],"picked":"bronze:Boost","floor":31},{"not_picked":["bronze:Invalidate","bronze:OilSpill"],"picked":"bronze:WhirlingStrike","floor":32}],"player_experience":1789345,"relics_obtained":[{"floor":12.0,"key":"Meat on the Bone"},{"floor":17.0,"key":"PreservedInsect"},{"floor":17.0,"key":"Frozen Egg 2"},{"floor":17.0,"key":"Mango"},{"floor":24.0,"key":"Dream Catcher"},{"floor":29,"key":"Pen Nib"}],"event_choices":[{"damage_healed":0.0,"max_hp_gain":0.0,"max_hp_loss":0.0,"gold_gain":0.0,"event_name":"Scrap Ooze","player_choice":"Success","floor":11.0,"gold_loss":0.0,"damage_taken":18.0,"relics_obtained":["Akabeko"]},{"damage_healed":0.0,"max_hp_gain":0.0,"max_hp_loss":0.0,"gold_gain":0.0,"event_name":"Addict","player_choice":"Stole Relic","floor":22.0,"gold_loss":0.0,"damage_taken":0.0,"relics_obtained":["Tiny Chest"],"cards_obtained":["Pride"]}],"is_beta":false,"boss_relics":[{"not_picked":["Tiny House","Pandora\u0027s Box"],"picked":"Calling Bell"}],"items_purged_floors":[27],"is_endless":false,"potions_floor_spawned":[2,4,9,15,16,20,21,31,32],"killed_by":"downfall:Silent","ascension_level":3}}