{"host":"egwexuw5uvnxf11j","time":1610666336,"event":{"mods":["2.2 Compatiblity","Aspiration","BaseMod","Better Altar","Better Note","Better Sensory Stone","Better Third Choice","Displayed Cursed Tome","Downfall","Hermit","Key Reminder","Koishi","Marisa????????","Minty Spire (QoL Compilation)","Quick Restart","Shade Mod","Spicy Shops","StSLib","The Construct","The Cursed","The Hierophant","The Runesmith","The Senshi","The Servant 0.9.4","Transform Curses"],"gold_per_floor":[213,228,503,520,107,132,132,143,166,201,201,217,244,13,13,113,113,130,130,130,130,145,145,179,179,259,284,139,154,169,183,183,286,286,304,304,38,55,73,73,105,105,129,159,159,172,172,184,184,184,184,184,32,60,60,60],"floor_reached":55,"language":"ENG","playtime":3123,"items_purged":["Regret","Shame","Defend_MRS"],"score":953,"play_id":"523641d8-7b97-4832-bc6e-9ae140bcc23d","local_time":"20210114181856","is_ascension_mode":true,"campfire_choices":[{"floor":7,"key":"REST"},{"floor":11,"key":"REST"},{"floor":15,"key":"REST"},{"data":"FinalSpark","floor":23,"key":"SMITH"},{"data":"StarBarrage","floor":25,"key":"SMITH"},{"floor":32,"key":"REST"},{"floor":40,"key":"REST"},{"floor":42,"key":"REST"},{"floor":49,"key":"RECALL"},{"data":"PowerUp","floor":52,"key":"SMITH"}],"circlet_count":0,"master_deck":["Strike_MRS","Strike_MRS","Strike_MRS","Strike_MRS","Defend_MRS","Defend_MRS","MasterSpark","UpSweep","MilkyWay","GrandCross","PowerUp+1","StarBarrage+1","SuperPerseids","SporeBomb","DoubleSpark","MilkyWay","UltimateShortwave","GravityBeat","EnergyRecoil","StarDustReverie","FinalSpark+1","ShootingEcho","MagicAbsorber","NonDirectionalLaser","DarkMatter","ChargeUpSpray","AsteroidBelt","MagicAbsorber+1","DarkMatter","MillisecondPulsars","SporeBomb","StarBarrage+1","MachineGunSpark+1","Acceleration","WitchLeyline+1","EventHorizon+1","Sadistic Nature","expansioncontent:CaCaw","SuperPerseids+1","OrrerysSun+1","CasketOfStar"],"relics":["MiniHakkero","Sundial","Happy Flower","aspiration:Lifesprig","Bottled Flame","Akabeko","Membership Card","RampagingMagicTools","aspiration:HummingbirdHeart","Ancient Tea Set","Shuriken","Runesmith:Locket","theSenshi:SailorFukuRelic","SacredBark","HandDrill","Gremlin Horn","Pen Nib","Bird Faced Urn","Eternal Feather","ClockworkSouvenir","aspiration:ChemicalBlood","Pear"],"acts_visited":["Exordium","TheCity","TheBeyond","TheEnding"],"potions_floor_usage":[13,16,16,24,33,33,41,41,50,50,54,55,55,55],"damage_taken":[{"damage":2,"enemies":"Jaw Worm","floor":1,"turns":4},{"damage":1,"enemies":"Cultist","floor":2,"turns":3},{"damage":8,"enemies":"Small Slimes","floor":4,"turns":4},{"damage":15,"enemies":"3 Sentries","floor":6,"turns":4},{"damage":16,"enemies":"3 Louse","floor":8,"turns":3},{"damage":15,"enemies":"Gremlin Nob","floor":10,"turns":3},{"damage":2,"enemies":"Looter","floor":12,"turns":3},{"damage":4,"enemies":"3 Sentries","floor":13,"turns":4},{"damage":26,"enemies":"The Guardian","floor":16,"turns":6},{"damage":10,"enemies":"Chosen","floor":18,"turns":2},{"damage":0,"enemies":"3 Byrds","floor":22,"turns":5},{"damage":9,"enemies":"Book of Stabbing","floor":24,"turns":4},{"damage":9,"enemies":"Slavers","floor":27,"turns":4},{"damage":1,"enemies":"Snecko","floor":29,"turns":3},{"damage":4,"enemies":"Shelled Parasite and Fungi","floor":30,"turns":2},{"damage":0,"enemies":"Centurion and Healer","floor":31,"turns":3},{"damage":23,"enemies":"Champ","floor":33,"turns":7},{"damage":28,"enemies":"3 Shapes","floor":35,"turns":4},{"damage":0,"enemies":"3 Darklings","floor":38,"turns":3},{"damage":3,"enemies":"Transient","floor":39,"turns":5},{"damage":41,"enemies":"Nemesis","floor":41,"turns":5},{"damage":5,"enemies":"Reptomancer","floor":44,"turns":3},{"damage":12,"enemies":"4 Shapes","floor":46,"turns":2},{"damage":7,"enemies":"Sphere and 2 Shapes","floor":48,"turns":3},{"damage":28,"enemies":"Donu and Deca","floor":50,"turns":6},{"damage":43,"enemies":"Shield and Spear","floor":54,"turns":6},{"damage":60,"enemies":"The Heart","floor":55,"turns":6}],"seed_played":"-3014375629453888547","potions_obtained":[{"floor":6,"key":"SkillPotion"},{"floor":8,"key":"EssenceOfSteel"},{"floor":12,"key":"ColorlessPotion"},{"floor":13,"key":"sneckomod:MuddlingPotion"},{"floor":22,"key":"Regen Potion"},{"floor":30,"key":"Energy Potion"},{"floor":31,"key":"Weak Potion"},{"floor":33,"key":"SteroidPotion"},{"floor":39,"key":"SteroidPotion"},{"floor":44,"key":"BlessingOfTheForge"},{"floor":48,"key":"BlessingOfTheForge"}],"is_trial":false,"path_per_floor":["M","M","?","M","$","E","R","M","T","E","R","M","E","$","R","B",null,"M","?","?","?","M","R","E","R","T","E","$","M","M","M","R","B",null,"M","?","$","M","M","R","E","R","T","E","?","M","T","M","R","B",null,"R","$","E","B"],"character_chosen":"MARISA","items_purchased":["Sundial","StarBarrage","SuperPerseids","SporeBomb","Membership Card","StarDustReverie","ChargeUpSpray","theSenshi:SailorFukuRelic","HandDrill","Gremlin Horn","ClockworkSouvenir","aspiration:ChemicalBlood"],"campfire_rested":6,"item_purchase_floors":[5,5,5,5,14,14,28,28,37,37,53,53],"current_hp_per_floor":[73,72,72,64,64,49,71,55,55,40,62,60,56,56,75,49,75,65,65,65,65,65,65,61,61,61,52,52,51,47,47,69,46,75,47,47,47,47,44,66,25,47,47,42,42,32,32,29,53,35,75,75,75,49,0,0],"gold":60,"neow_bonus":"HUNDRED_GOLD","is_daily":false,"chose_seed":false,"campfire_upgraded":3,"win_rate":0.0,"timestamp":1610666336,"path_taken":["M","M","?","M","$","E","R","?","T","E","R","M","E","$","R","BOSS","M","?","?","?","M","R","E","R","T","E","$","?","M","M","R","BOSS","M","?","$","M","?","R","E","R","T","E","?","M","?","?","R","BOSS","R","$","E","BOSS"],"items_purchased_type":["Relic","Card","Card","Card","Relic","Card","Card","Relic","Relic","Relic","Relic","Relic"],"build_version":"2020-12-22","purchased_purges":3,"victory":false,"max_hp_per_floor":[75,75,75,75,75,75,75,75,75,75,75,75,75,75,75,75,75,75,75,75,75,75,75,75,75,75,75,75,75,75,75,75,75,75,75,75,75,75,75,75,75,75,75,75,75,75,75,75,75,75,75,75,75,85,85,85],"card_choices":[{"not_picked":["AsteroidBelt","DC"],"picked":"MilkyWay","floor":1},{"not_picked":["GalacticHalo","MilkyWay"],"picked":"GrandCross","floor":2},{"not_picked":["DoubleSpark","Orbital"],"picked":"PowerUp","floor":4},{"not_picked":["SporeBomb","IllusionStar"],"picked":"DoubleSpark","floor":6},{"not_picked":["GalacticHalo","BlazingStar"],"picked":"MilkyWay","floor":8},{"not_picked":["ShootingEcho","6A"],"picked":"UltimateShortwave","floor":10},{"not_picked":["DC","MeteoricShower"],"picked":"GravityBeat","floor":12},{"not_picked":["MilkyWay","MeteoricShower"],"picked":"EnergyRecoil","floor":13},{"not_picked":["UltimateShortwave","AbsoluteMagnitude"],"picked":"FinalSpark","floor":16},{"not_picked":["StarlightTyphoon","WitchOfGreed"],"picked":"ShootingEcho","floor":18},{"not_picked":["Acceleration","Singularity+1"],"picked":"MagicAbsorber","floor":22},{"not_picked":["DC+1","EnergyRecoil"],"picked":"NonDirectionalLaser","floor":24},{"not_picked":["StarlightTyphoon+1","Acceleration"],"picked":"DarkMatter","floor":27},{"not_picked":["MagicAbsorber","DoubleSpark"],"picked":"AsteroidBelt","floor":29},{"not_picked":["LuminesStrike","GalacticHalo"],"picked":"MagicAbsorber+1","floor":30},{"not_picked":["IllusionStar","SprinkleStarSeal"],"picked":"DarkMatter","floor":31},{"not_picked":["ManaRampage","BlazingStar"],"picked":"MillisecondPulsars","floor":33},{"not_picked":["DarkMatter","MeteoricShower+1"],"picked":"SporeBomb","floor":35},{"not_picked":["WitchOfGreed+1","GrandCross+1"],"picked":"MachineGunSpark+1","floor":38},{"not_picked":["ShootingEcho","IllusionStar+1"],"picked":"Acceleration","floor":39},{"not_picked":["MagicAbsorber+1","WitchOfGreed+1"],"picked":"WitchLeyline+1","floor":41},{"not_picked":["MysteriousBeam+1","PropBag"],"picked":"EventHorizon+1","floor":44},{"not_picked":["expansioncontent:LastStand","Transmutation"],"picked":"Sadistic Nature","floor":45},{"not_picked":["Blind","Magnetism"],"picked":"expansioncontent:CaCaw","floor":45},{"not_picked":["ShootTheMoon+1","DragonMeteor+1"],"picked":"SuperPerseids+1","floor":46},{"not_picked":["DC","WitchOfGreed"],"picked":"OrrerysSun+1","floor":48},{"not_picked":["6A","PowerUp"],"picked":"CasketOfStar","floor":54}],"player_experience":2233434,"relics_obtained":[{"floor":6,"key":"Happy Flower"},{"floor":9,"key":"aspiration:Lifesprig"},{"floor":10,"key":"Bottled Flame"},{"floor":13,"key":"Akabeko"},{"floor":24,"key":"Ancient Tea Set"},{"floor":26,"key":"Shuriken"},{"floor":27,"key":"Runesmith:Locket"},{"floor":41,"key":"Pen Nib"},{"floor":44,"key":"Bird Faced Urn"},{"floor":47,"key":"Eternal Feather"},{"floor":54,"key":"Pear"}],"event_choices":[{"damage_healed":0,"gold_gain":275,"player_choice":"Desecrate","damage_taken":0,"max_hp_gain":0,"max_hp_loss":0,"event_name":"Golden Shrine","floor":3,"gold_loss":0,"cards_obtained":["Regret"]},{"cards_removed":["Defend_MRS"],"damage_healed":0,"gold_gain":0,"player_choice":"Elegance","damage_taken":0,"max_hp_gain":0,"max_hp_loss":0,"event_name":"betterThird:BetterWriting","floor":20,"gold_loss":0},{"damage_healed":0,"gold_gain":0,"player_choice":"Gave Potion","damage_taken":0,"relics_obtained":["aspiration:HummingbirdHeart"],"max_hp_gain":0,"max_hp_loss":0,"event_name":"WeMeetAgain","floor":21,"gold_loss":0},{"damage_healed":0,"gold_gain":0,"player_choice":"Copied","damage_taken":0,"max_hp_gain":0,"max_hp_loss":0,"event_name":"Duplicator","floor":36,"gold_loss":0,"cards_obtained":["StarBarrage"]},{"damage_healed":0,"gold_gain":3,"player_choice":"1","damage_taken":0,"max_hp_gain":0,"max_hp_loss":0,"event_name":"betterStone:BetterStone","floor":45,"gold_loss":0}],"is_beta":false,"boss_relics":[{"not_picked":["Velvet Choker","aspiration:FutureDiary"],"picked":"RampagingMagicTools"},{"not_picked":["Sozu","aspiration:RunicSpoon"],"picked":"SacredBark"}],"items_purged_floors":[5,28,37],"is_endless":false,"potions_floor_spawned":[6,8,12,13,22,30,31,33,39,44,48],"killed_by":"The Heart","ascension_level":3}}