{"host":"91ruqvp7hiryodqd","time":1610634463,"event":{"mods":["AchievementEnabler","BaseMod","Colored Map","Colored Powertips","Minty Spire (QoL Compilation)","Relic Stats","StSLib"],"gold_per_floor":[109,122,139,139,157,157,157,176,176,199,212,177,200,58,58,58,58],"floor_reached":16,"language":"ENG","playtime":616,"items_purged":["Strike_G"],"score":153,"play_id":"eee502d0-6d00-416c-8756-b8bbe94c31b5","local_time":"20210114212743","daily_mods":["Diverse"],"is_ascension_mode":true,"campfire_choices":[{"data":"Deadly Poison","floor":6,"key":"SMITH"},{"floor":15,"key":"REST"}],"circlet_count":0,"master_deck":["Strike_G","Strike_G","Strike_G","Defend_G","Defend_G","Defend_G","Defend_G","Defend_G","Survivor","Neutralize","Deadly Poison+1","Poisoned Stab","WaveOfTheHand","Pummel","Catalyst"],"relics":["Ring of the Snake","CeramicFish"],"acts_visited":["Exordium"],"potions_floor_usage":[11,16,16],"damage_taken":[{"damage":1,"enemies":"2 Louse","floor":1,"turns":3},{"damage":5,"enemies":"Jaw Worm","floor":2,"turns":4},{"damage":1,"enemies":"Cultist","floor":3,"turns":4},{"damage":10,"enemies":"Exordium Wildlife","floor":5,"turns":6},{"damage":0,"enemies":"Large Slime","floor":8,"turns":6},{"damage":28,"enemies":"Gremlin Gang","floor":10,"turns":5},{"damage":7,"enemies":"Exordium Thugs","floor":11,"turns":7},{"damage":12,"enemies":"Large Slime","floor":13,"turns":6},{"damage":39,"enemies":"Slime Boss","floor":16,"turns":8}],"seed_played":"119886260233322076","potions_obtained":[{"floor":10,"key":"Dexterity Potion"},{"floor":11,"key":"Ancient Potion"},{"floor":13,"key":"DuplicationPotion"}],"is_trial":true,"path_per_floor":["M","M","M","?","M","R","?","M","T","M","M","?","M","$","R","B"],"character_chosen":"THE_SILENT","items_purchased":["Catalyst"],"campfire_rested":1,"item_purchase_floors":[14],"current_hp_per_floor":[69,64,63,63,53,53,46,46,46,18,11,28,16,16,37,0,0],"gold":58,"neow_bonus":"","is_daily":false,"chose_seed":false,"campfire_upgraded":1,"win_rate":0.0,"timestamp":1610634463,"path_taken":["M","M","M","?","M","R","?","M","T","M","M","?","M","$","R","BOSS"],"items_purchased_type":["Card"],"build_version":"2020-12-22","purchased_purges":1,"victory":false,"max_hp_per_floor":[70,70,70,70,70,70,70,70,70,70,70,70,70,70,70,70,70],"relic_stats":{"counters":[9,49],"CeramicFish":27,"obtain_stats":[{"CeramicFish":9,"Ring of the Snake":0},{"CeramicFish":5,"Ring of the Snake":0},{"CeramicFish":23,"Ring of the Snake":0}],"Ring of the Snake":[18]},"card_choices":[{"not_picked":["ClearTheMind","Ball Lightning","Redo"],"picked":"SKIP","floor":1},{"not_picked":["Compile Driver","Underhanded Strike","Sever Soul"],"picked":"SKIP","floor":2},{"not_picked":["Compile Driver","Underhanded Strike","Sever Soul"],"picked":"SKIP","floor":2},{"not_picked":["Clash","Worship","Iron Wave"],"picked":"SKIP","floor":3},{"not_picked":["Evolve","BowlingBash"],"picked":"Deadly Poison","floor":5},{"not_picked":["Hello World","Anger"],"picked":"Poisoned Stab","floor":8},{"not_picked":["Ghostly Armor","Choke"],"picked":"WaveOfTheHand","floor":10},{"not_picked":["FlurryOfBlows","Reflex","Collect"],"picked":"SKIP","floor":11},{"not_picked":["Steam","Feel No Pain"],"picked":"Pummel","floor":13}],"player_experience":68534,"relics_obtained":[{"floor":9,"key":"CeramicFish"}],"event_choices":[{"damage_healed":0,"gold_gain":0,"player_choice":"Ignored","damage_taken":0,"max_hp_gain":0,"max_hp_loss":0,"event_name":"Liars Game","floor":4,"gold_loss":0},{"cards_removed":["Strike_G"],"damage_healed":0,"gold_gain":0,"player_choice":"Card Removal","damage_taken":7,"max_hp_gain":0,"max_hp_loss":0,"event_name":"Golden Wing","floor":7,"gold_loss":0},{"damage_healed":17,"gold_gain":0,"player_choice":"Healed","damage_taken":0,"max_hp_gain":0,"max_hp_loss":0,"event_name":"The Cleric","floor":12,"gold_loss":35}],"is_beta":false,"boss_relics":[],"items_purged_floors":[14],"is_endless":true,"potions_floor_spawned":[10,11,13],"killed_by":"Slime Boss","ascension_level":1}}