{"host":"se62q65hiqxz7cab","time":1610625565,"event":{"mods":["Act Like it!","BaseMod","Colored Map","Downfall","Minty Spire (QoL Compilation)","Remilia£®¿Ÿ√◊¿Ú—«£©","Replay The Spire","Shop Mod","StSLib","The Bug Knight","The Cursed","The Servant 0.9.4"],"gold_per_floor":[110,125,125,105,125,135,135,148,148,148,73,84,110,122,122,221,221,239,225,195,211,227,227,244,261,261,261,286,297,297,44,44,139,139,154,154,34,0,18,18,28,28,28,38,89,145,165,165,165,165],"floor_reached":51,"language":"ZHS","playtime":2753,"items_purged":["Strike_RM","Sloth_TH"],"score":828,"play_id":"4ef684aa-7b2a-4d14-93da-85f7204322fe","local_time":"20210114195925","is_ascension_mode":false,"campfire_choices":[{"data":"NightDance","floor":7,"key":"SMITH"},{"floor":10,"key":"REST"},{"floor":15,"key":"REST"},{"data":"HunterOfTheNight","floor":23,"key":"SMITH"},{"data":"ScarletShoot","floor":27,"key":"SMITH"},{"data":"HunterOfTheNight","floor":30,"key":"SMITH"},{"data":"VampireKiss","floor":32,"key":"SMITH"},{"data":"MastersStateliness","floor":40,"key":"SMITH"},{"data":"DemonKingCradle","floor":42,"key":"SMITH"},{"data":"LeisurelyOfLord","floor":49,"key":"SMITH"}],"circlet_count":0,"master_deck":["Strike_RM","Defend_RM","Defend_RM","Defend_RM","RedMoon","ScarletShoot+1","Stigmanizer","RedRainbow","BloodHunter","NightDance+1","MastersStateliness+1","EquivalentExchange","LeisurelyOfLord+1","CeilingFear+1","MillenniumVampire+1","EternalNight+1","HunterOfTheNight+1","UnstableMagic+1","VampirishNight+1","HunterOfTheNight+1","VampireKiss+1","FitfulNightmare+1","DemonKingCradle+1","MiserableFate+1","EternalNight+1","FitfulNightmare","LeisurelyOfLord+1","ScarletImprint+1","RedRainbow+1","ReplayTheSpireMod:Splinters","NightDance+1","EternalNight+1"],"relics":["ScarletHat","Toxic Egg 2","Anchor","Empty Cage","ReplayTheSpireMod:CursedCoin","HornCleat","ReplayTheSpireMod:TigerMarble","Nunchaku","SlaversCollar","Red Mask","HollowMod:StagPassRelic","Blue Doll","Bronze Scales"],"acts_visited":["Exordium","TheCity","TheBeyond"],"potions_floor_usage":[8,13,13,50],"damage_taken":[{"damage":0,"enemies":"Small Slimes","floor":1,"turns":3},{"damage":6,"enemies":"2 Louse","floor":2,"turns":3},{"damage":10,"enemies":"Cultist","floor":5,"turns":5},{"damage":7,"enemies":"Lots of Slimes","floor":6,"turns":4},{"damage":34,"enemies":"Exordium Thugs","floor":8,"turns":7},{"damage":3,"enemies":"2 Fungi Beasts","floor":12,"turns":2},{"damage":35,"enemies":"Gremlin Nob","floor":13,"turns":6},{"damage":0,"enemies":"Looter","floor":14,"turns":3},{"damage":65,"enemies":"Hexaghost","floor":16,"turns":13},{"damage":0,"enemies":"3 Byrds","floor":18,"turns":6},{"damage":4,"enemies":"2 Thieves","floor":19,"turns":4},{"damage":18,"enemies":"Cultist and Chosen","floor":21,"turns":4},{"damage":0,"enemies":"Snake Plant","floor":22,"turns":5},{"damage":0,"enemies":"Sentry and Sphere","floor":24,"turns":6},{"damage":11,"enemies":"3 Cultists","floor":25,"turns":3},{"damage":0,"enemies":"Cultist and Chosen","floor":29,"turns":5},{"damage":11,"enemies":"Pondfish","floor":33,"turns":9},{"damage":0,"enemies":"Orb Walker","floor":35,"turns":6},{"damage":5,"enemies":"3 Darklings","floor":39,"turns":5},{"damage":13,"enemies":"Maw","floor":41,"turns":5},{"damage":1,"enemies":"Sphere and 2 Shapes","floor":44,"turns":2},{"damage":10,"enemies":"3 Darklings","floor":47,"turns":3},{"damage":17,"enemies":"Donu and Deca","floor":50,"turns":5}],"seed_played":"-6492323440712478950","potions_obtained":[{"floor":2,"key":"PowerPotion"},{"floor":4,"key":"DuplicationPotion"},{"floor":6,"key":"Fire Potion"},{"floor":8,"key":"DuplicationPotion"},{"floor":18,"key":"BlessingOfTheForge"},{"floor":21,"key":"ColorlessPotion"},{"floor":22,"key":"Guardian:BlockOnCardUsePotion"},{"floor":25,"key":"Milkshake"},{"floor":47,"key":"Block Potion"}],"is_trial":false,"path_per_floor":["M","M","?","?","M","M","R","M","T","R","$","M","E","M","R","B",null,"M","M","$","M","M","R","M","M","T","R","T","M","R","$","R","B",null,"M","?","$","?","M","R","M","R","T","M","T","?","M","?","R","B",null],"character_chosen":"REMILIA","items_purchased":["ReplayTheSpireMod:CursedCoin","HunterOfTheNight","Nunchaku","VampireKiss","FitfulNightmare+1","EternalNight+1","FitfulNightmare"],"campfire_rested":2,"item_purchase_floors":[20,20,31,31,31,37,37],"current_hp_per_floor":[82,76,76,76,68,63,63,32,32,56,56,53,22,25,49,2,82,82,82,82,64,65,65,67,71,71,71,71,79,79,79,79,82,82,82,82,82,82,82,82,75,75,75,78,78,78,78,78,78,82],"gold":165,"neow_bonus":"TEN_PERCENT_HP_BONUS","is_daily":false,"chose_seed":false,"campfire_upgraded":8,"win_rate":0.0,"timestamp":1610625565,"path_taken":["M","M","?","?","M","M","R","M","T","R","$","M","E","M","R","BOSS","M","?","$","?","M","R","M","M","T","R","?","M","R","$","R","BOSS","M","?","?","?","?","R","M","R","T","M","?","?","M","?","R","BOSS"],"items_purchased_type":["Relic","Card","Relic","Card","Card","Card","Card"],"build_version":"2020-12-22","purchased_purges":2,"victory":true,"max_hp_per_floor":[82,82,82,82,82,82,82,82,82,82,82,82,82,82,82,82,82,82,82,82,82,82,82,82,82,82,82,82,82,82,82,82,82,82,82,82,82,82,82,82,82,82,82,82,82,82,82,82,82,82],"card_choices":[{"not_picked":["UnderTheZenith","GlobalNightmare"],"picked":"Stigmanizer","floor":1},{"not_picked":["UnderTheZenith","CharismaGuard"],"picked":"RedRainbow","floor":2},{"not_picked":["ScarletDevil","ChainGang"],"picked":"BloodHunter","floor":5},{"not_picked":["BloodHunter","FavorOfDestiny"],"picked":"NightDance","floor":6},{"not_picked":["ReincarnationDial","EndlessAdversity"],"picked":"MastersStateliness","floor":8},{"not_picked":["BloodyTrap+1","BloodyMagicSquare+1"],"picked":"EquivalentExchange","floor":12},{"not_picked":["ChainGang","GlobalNightmare+1","RedRainbow"],"picked":"SKIP","floor":13},{"not_picked":["BombardNight","BloodyMagicSquare+1"],"picked":"LeisurelyOfLord","floor":14},{"not_picked":["HeartBreak","TricksterDevil"],"picked":"CeilingFear+1","floor":16},{"not_picked":["EndlessAdversity","FavorOfDestiny+1"],"picked":"MillenniumVampire+1","floor":18},{"not_picked":["BloodAndWine+1","VampireFantasy+1"],"picked":"EternalNight+1","floor":19},{"not_picked":["RedMagic+1","UnderTheZenith+1"],"picked":"UnstableMagic+1","floor":21},{"not_picked":["UnstableMagic+1","VampireFantasy+1"],"picked":"VampirishNight+1","floor":22},{"not_picked":["BombardNight+1","EndlessAdversity+1","ScarletMeister"],"picked":"SKIP","floor":24},{"not_picked":["Ultimatum","ScarletDevilSign","Stigmanizer+1"],"picked":"SKIP","floor":25},{"not_picked":["DiffusionOfMisfortune","BloodHunter+1"],"picked":"HunterOfTheNight","floor":29},{"not_picked":["BloodyCatastrophe+1","ForecastOfChange"],"picked":"DemonKingCradle","floor":33},{"not_picked":["MastersStateliness+1","ScarletNetherworld+1"],"picked":"MiserableFate+1","floor":35},{"not_picked":["HunterOfTheNight+1","UnstableMagic+1"],"picked":"LeisurelyOfLord+1","floor":39},{"not_picked":["EndlessAdversity","CharismaGuard"],"picked":"ScarletImprint+1","floor":41},{"not_picked":["CharismaGuard+1","FavorOfDestiny+1"],"picked":"RedRainbow+1","floor":44},{"not_picked":["ScarletNetherworld+1","Ultimatum"],"picked":"NightDance+1","floor":46},{"not_picked":["LeisurelyOfLord","FavorOfDestiny+1","ScarletSymphony+1"],"picked":"SKIP","floor":47}],"player_experience":201333,"relics_obtained":[{"floor":9,"key":"Toxic Egg 2"},{"floor":13,"key":"Anchor"},{"floor":26,"key":"HornCleat"},{"floor":28,"key":"ReplayTheSpireMod:TigerMarble"},{"floor":43,"key":"HollowMod:StagPassRelic"},{"floor":45,"key":"Blue Doll"},{"floor":46,"key":"Bronze Scales"}],"event_choices":[{"damage_healed":0,"gold_gain":0,"player_choice":"Bought 1 Potion","damage_taken":0,"max_hp_gain":0,"max_hp_loss":0,"event_name":"The Woman in Blue","floor":4,"gold_loss":0},{"cards_removed":["Strike_RM"],"damage_healed":0,"gold_gain":0,"player_choice":"Purged","damage_taken":0,"max_hp_gain":0,"max_hp_loss":0,"event_name":"Purifier","floor":36,"gold_loss":0},{"damage_healed":0,"gold_gain":0,"player_choice":"Paid","damage_taken":0,"relics_obtained":["Red Mask"],"max_hp_gain":0,"max_hp_loss":0,"event_name":"Tomb of Lord Red Mask","floor":38,"gold_loss":34},{"damage_healed":0,"gold_gain":0,"player_choice":"Copied","damage_taken":0,"max_hp_gain":0,"max_hp_loss":0,"event_name":"Duplicator","floor":48,"gold_loss":0,"cards_obtained":["EternalNight"]}],"is_beta":false,"boss_relics":[{"not_picked":["Honey Jar","Kintsugi"],"picked":"Empty Cage"},{"not_picked":["Calling Bell","Runic Dome"],"picked":"SlaversCollar"}],"items_purged_floors":[11,20],"is_endless":false,"potions_floor_spawned":[2,6,8,18,21,22,25,44,47],"ascension_level":0}}