{"host":"xt797mi8yhee06c1","time":1610630109,"event":{"mods":["BaseMod","Bestiary","Koishi","Marisa£¨Ùöéë¡¡Øª×âÞÞ£©","Minty Spire (QoL Compilation)","Poor People Problems","Prisma Mod","Relic Filter","Shop Mod","Spicy Shops","StSLib","The Marked","The Servant 0.9.4","WarShipGirlsR/??á´Ò³R mod"],"gold_per_floor":[13,30,105,3,15,45,45,45,45,75,250,278,278,278,278,376,376,393,393,64,64,82,107,124,155,178,178,178],"floor_reached":27,"language":"KOR","playtime":2062,"items_purged":["Regret"],"score":280,"play_id":"48038767-15e7-45c2-a66a-ef2f000fead0","local_time":"20210114221509","is_ascension_mode":true,"campfire_choices":[{"data":"PrismaMod:ChloeRhongomyniad","floor":8.0,"key":"SMITH"},{"data":"PrismaMod:ChloeAnyPowerTrace","floor":13.0,"key":"SMITH"},{"data":"PrismaMod:ChloeCaladbolg","floor":15.0,"key":"SMITH"}],"circlet_count":0,"master_deck":["PrismaMod:ChloeCommonAttack","PrismaMod:ChloeCommonAttack","PrismaMod:ChloeCommonAttack","PrismaMod:ChloeCommonAttack","PrismaMod:ChloeCommonAttack","PrismaMod:ChloeCommonDefend","PrismaMod:ChloeCommonDefend","PrismaMod:ChloeCommonDefend","PrismaMod:ChloeCommonDefend","PrismaMod:ChloeCommonDefend","PrismaMod:ChloeCheapAttack","PrismaMod:ChloeCheapDefend","PrismaMod:ChloeAnyPowerTrace+1","PrismaMod:ChloeCheapDefendTwo","PrismaMod:ChloeRhongomyniad+1","PrismaMod:ChloeCheapDefend","PrismaMod:ChloeGaeBolg","PrismaMod:ChloeReshuffleDiscard","PrismaMod:ChloeDiscardRecovery","Doubt","PrismaMod:ChloeCaladbolg+1","PrismaMod:ChloeDoubleRelicSpeed","CurseOfTheBell","PrismaMod:ChloeMordred","PrismaMod:ChloeMordred","PrismaMod:ChloeCarnivalAttack+1","PrismaMod:ChloeExhaustOne+1","PrismaMod:ChloeAnySkillTrace","PrismaMod:ChloeRhongomyniad+1","PrismaMod:ChloeChristmas","PrismaMod:ChloeAnySkillTrace","PrismaMod:ChloeDemonicTutor"],"relics":["PrismaMod:PrismaTraceOn","Orichalcum","Eternal Feather","Du-Vu Doll","Thread and Needle","Boot","Calling Bell","Omamori","Molten Egg 2","Prayer Wheel","Pantograph","Blood Vial","PreservedInsect"],"acts_visited":["Exordium","TheCity"],"potions_floor_usage":[27],"damage_taken":[{"damage":11.0,"enemies":"2 Louse","floor":1.0,"turns":3.0},{"damage":1.0,"enemies":"Jaw Worm","floor":2.0,"turns":5.0},{"damage":7.0,"enemies":"Small Slimes","floor":5.0,"turns":5.0},{"damage":25.0,"enemies":"Lagavulin","floor":6.0,"turns":7.0},{"damage":21.0,"enemies":"3 Sentries","floor":10.0,"turns":10.0},{"damage":1.0,"enemies":"Lagavulin","floor":12.0,"turns":6.0},{"damage":10.0,"enemies":"Slime Boss","floor":16.0,"turns":6.0},{"damage":8.0,"enemies":"Spheric Guardian","floor":18.0,"turns":4.0},{"damage":30.0,"enemies":"2 Thieves","floor":22.0,"turns":5.0},{"damage":28.0,"enemies":"Slavers","floor":23.0,"turns":3.0},{"damage":10,"enemies":"Shelled Parasite and Fungi","floor":24,"turns":4},{"damage":12,"enemies":"Gremlin Leader","floor":25,"turns":9},{"damage":14,"enemies":"Slavers","floor":27,"turns":1}],"seed_played":"-454003627976401518","potions_obtained":[{"floor":1.0,"key":"DuplicationPotion"},{"floor":5.0,"key":"Block Potion"},{"floor":12.0,"key":"Swift Potion"},{"floor":22.0,"key":"LiquidBronze"},{"floor":24,"key":"Fire Potion"},{"floor":25,"key":"CultistPotion"}],"is_trial":false,"path_per_floor":["M","M","?","$","M","E","$","R","T","E","?","E","R","?","R","B",null,"M","?","$","T","M","E","M","E","T","E"],"character_chosen":"CHLOE","items_purchased":["PrismaMod:ChloeCheapDefend","PrismaMod:ChloeCarnivalAttack+1"],"campfire_rested":0,"item_purchase_floors":[4,20],"current_hp_per_floor":[64,68,57,57,64,46,46,46,46,32,32,31,43,43,55,45,75,74,74,74,74,44,16,15,12,12,0,0],"gold":178,"neow_bonus":"THREE_RARE_CARDS","is_daily":false,"chose_seed":false,"campfire_upgraded":3,"win_rate":0.0,"timestamp":1610630109,"path_taken":["M","M","?","$","M","E","?","R","T","E","?","E","R","?","R","BOSS","M","?","$","?","M","E","M","E","T","E"],"items_purchased_type":["Card","Card"],"build_version":"2020-12-22","purchased_purges":1,"victory":false,"max_hp_per_floor":[75,75,75,75,75,75,75,75,75,75,75,75,75,75,75,75,75,75,75,75,75,75,75,75,75,75,75,75],"card_choices":[{"not_picked":["PrismaMod:ChloeAnySkillTrace","PrismaMod:ChloeGreatTracePools"],"picked":"PrismaMod:ChloeAnyPowerTrace","floor":0.0},{"not_picked":["PrismaMod:ChloeUncommonAOEAttack","PrismaMod:ChloeUncommonAttack"],"picked":"PrismaMod:ChloeCheapDefendTwo","floor":1.0},{"not_picked":["PrismaMod:ChloeCheapAttack","PrismaMod:ChloeExhaustOne"],"picked":"PrismaMod:ChloeRhongomyniad","floor":2.0},{"not_picked":["PrismaMod:ChloeCheapAttackTwo","PrismaMod:ChloeChristmas"],"picked":"PrismaMod:ChloeGaeBolg","floor":5.0},{"not_picked":["PrismaMod:ChloeCheapDefend","PrismaMod:ChloeRhongomyniad"],"picked":"PrismaMod:ChloeReshuffleDiscard","floor":6.0},{"not_picked":["PrismaMod:ChloeCommonAOEAttack","PrismaMod:ChloeCheapAttack"],"picked":"PrismaMod:ChloeDiscardRecovery","floor":10.0},{"not_picked":["PrismaMod:ChloeUncommonDefend","PrismaMod:ChloeCheapDefend"],"picked":"PrismaMod:ChloeCaladbolg","floor":12.0},{"not_picked":["PrismaMod:ChloeReshuffleDiscard","PrismaMod:ChloeAnyUncommonTrace"],"picked":"PrismaMod:ChloeDoubleRelicSpeed","floor":16.0},{"not_picked":["PrismaMod:ChloeCommonAOEAttack+1","PrismaMod:ChloeCheapDefend"],"picked":"PrismaMod:ChloeMordred","floor":18.0},{"not_picked":["PrismaMod:ChloeExhaustOne","PrismaMod:ChloeDiscardRecovery","PrismaMod:ChloeMordred"],"picked":"SKIP","floor":18.0},{"not_picked":["PrismaMod:ChloeExhaustOne","PrismaMod:ChloeDiscardRecovery"],"picked":"PrismaMod:ChloeMordred","floor":18.0},{"not_picked":["PrismaMod:ChloeCheapAttackTwo+1","PrismaMod:ChloeCheapDefend+1"],"picked":"PrismaMod:ChloeExhaustOne+1","floor":22.0},{"not_picked":["PrismaMod:ChloeCheapDefend","PrismaMod:ChloeCommonAOEAttack+1"],"picked":"PrismaMod:ChloeAnySkillTrace","floor":22.0},{"not_picked":["PrismaMod:ChloeCheapAttack+1","PrismaMod:ChloeCheapDefend"],"picked":"PrismaMod:ChloeRhongomyniad+1","floor":23.0},{"not_picked":["PrismaMod:ChloeCheapAttackTwo+1","PrismaMod:ChloeCheapAttack+1"],"picked":"PrismaMod:ChloeChristmas","floor":24},{"not_picked":["PrismaMod:ChloeDiscardRecovery","PrismaMod:ChloeCheapDefendTwo"],"picked":"PrismaMod:ChloeAnySkillTrace","floor":24},{"not_picked":["PrismaMod:ChloeCheapDefend","PrismaMod:ChloeCheapAttack+1"],"picked":"PrismaMod:ChloeDemonicTutor","floor":25}],"player_experience":360398,"relics_obtained":[{"floor":6.0,"key":"Orichalcum"},{"floor":9.0,"key":"Eternal Feather"},{"floor":10.0,"key":"Du-Vu Doll"},{"floor":12.0,"key":"Thread and Needle"},{"floor":17.0,"key":"Omamori"},{"floor":17.0,"key":"Molten Egg 2"},{"floor":17.0,"key":"Prayer Wheel"},{"floor":21.0,"key":"Pantograph"},{"floor":23.0,"key":"Blood Vial"},{"floor":25,"key":"PreservedInsect"}],"event_choices":[{"damage_healed":0.0,"max_hp_gain":0.0,"max_hp_loss":0.0,"gold_gain":75.0,"event_name":"World of Goop","player_choice":"Gather Gold","floor":3.0,"gold_loss":0.0,"damage_taken":11.0},{"damage_healed":0.0,"max_hp_gain":0.0,"max_hp_loss":0.0,"gold_gain":175.0,"event_name":"Liars Game","player_choice":"AGREE","floor":11.0,"gold_loss":0.0,"damage_taken":0.0,"cards_obtained":["Doubt"]},{"damage_healed":0.0,"max_hp_gain":0.0,"max_hp_loss":0.0,"gold_gain":0.0,"event_name":"Big Fish","player_choice":"Box","floor":14.0,"gold_loss":0.0,"damage_taken":0.0,"relics_obtained":["Boot"],"cards_obtained":["Regret"]},{"damage_healed":0.0,"max_hp_gain":0.0,"max_hp_loss":0.0,"gold_gain":0.0,"event_name":"The Woman in Blue","player_choice":"Bought 0 Potions","floor":19.0,"gold_loss":0.0,"damage_taken":0.0}],"is_beta":false,"boss_relics":[{"not_picked":["Empty Cage","Velvet Choker"],"picked":"Calling Bell"}],"items_purged_floors":[20],"is_endless":false,"potions_floor_spawned":[1,5,12,22,24,25],"killed_by":"Slavers","ascension_level":1}}