{"host":"f7ig0n19ugxy95hc","time":1610604645,"event":{"mods":["BaseMod","Minty Spire (QoL Compilation)","StSLib"],"gold_per_floor":[110,121,44,58,78,104,104,137,137,151,162,196,248,266,266,371,371,390,409,422,3,17,51,51,69,69,69,0,26,46,64,64,165,165,183,31,48,48,48,77,89,120,201,213,235,247,4,24,24,24],"floor_reached":51,"language":"ENG","playtime":6817,"items_purged":[],"score":768,"play_id":"18927fab-fe2a-4543-ab30-b43f1b797c5a","local_time":"20210114071045","is_ascension_mode":false,"campfire_choices":[{"floor":7,"key":"REST"},{"floor":15,"key":"DIG"},{"floor":24,"key":"DIG"},{"floor":27,"key":"DIG"},{"floor":32,"key":"REST"},{"floor":41,"key":"REST"},{"floor":44,"key":"DIG"},{"floor":49,"key":"REST"}],"circlet_count":0,"master_deck":["Strike_B","Strike_B","Strike_B","Strike_B","Defend_B","Defend_B","Defend_B","Defend_B","Zap","Dualcast","Doom and Gloom+1","Self Repair","Tempest","Redo","Cold Snap","Buffer","Electrodynamics","Conserve Battery","Cold Snap","Reboot","Glacier","Amplify","Rebound+1","Leap","Streamline+1","Darkness","Rip and Tear","Auto Shields","Streamline+1","Rebound+1","Coolheaded+1","Hello World","Force Field","Defragment","Melter+1","Darkness+1","All For One","Static Discharge+1","Beam Cell+1","Storm","Stack+1","Rip and Tear+1","Madness","Madness","Defragment+1","Force Field+1","Parasite","Doom and Gloom+1","Meteor Strike","Sweeping Beam+1","Loop","Static Discharge+1","BootSequence","Ball Lightning"],"relics":["Cracked Core","Bag of Preparation","The Courier","Mango","Shovel","Oddly Smooth Stone","Fusion Hammer","Toolbox","Potion Belt","Whetstone","Prayer Wheel","Lizard Tail","Dream Catcher","Orichalcum","Meat on the Bone","Philosopher\u0027s Stone","PreservedInsect","MawBank","White Beast Statue","FossilizedHelix","Pear"],"acts_visited":["Exordium","TheCity","TheBeyond"],"potions_floor_usage":[5,6,6,8,16,16,16,23,23,23,33,50,50,50],"damage_taken":[{"damage":4,"enemies":"Jaw Worm","floor":1,"turns":4},{"damage":1,"enemies":"2 Louse","floor":2,"turns":4},{"damage":0,"enemies":"Small Slimes","floor":4,"turns":2},{"damage":0,"enemies":"Exordium Wildlife","floor":5,"turns":2},{"damage":29,"enemies":"3 Sentries","floor":6,"turns":8},{"damage":31,"enemies":"Lagavulin","floor":8,"turns":7},{"damage":8,"enemies":"3 Louse","floor":10,"turns":3},{"damage":3,"enemies":"Looter","floor":11,"turns":4},{"damage":10,"enemies":"3 Sentries","floor":12,"turns":4},{"damage":8,"enemies":"Exordium Wildlife","floor":14,"turns":4},{"damage":1,"enemies":"Slime Boss","floor":16,"turns":10},{"damage":12,"enemies":"3 Byrds","floor":18,"turns":4},{"damage":8,"enemies":"Chosen","floor":19,"turns":4},{"damage":21,"enemies":"Shelled Parasite and Fungi","floor":20,"turns":12},{"damage":11,"enemies":"Centurion and Healer","floor":22,"turns":8},{"damage":5,"enemies":"Gremlin Leader","floor":23,"turns":6},{"damage":0,"enemies":"Sentry and Sphere","floor":25,"turns":5},{"damage":30,"enemies":"Book of Stabbing","floor":29,"turns":6},{"damage":2,"enemies":"3 Cultists","floor":30,"turns":3},{"damage":0,"enemies":"Centurion and Healer","floor":31,"turns":6},{"damage":40,"enemies":"Collector","floor":33,"turns":16},{"damage":0,"enemies":"3 Shapes","floor":35,"turns":2},{"damage":8,"enemies":"3 Darklings","floor":37,"turns":6},{"damage":39,"enemies":"Giant Head","floor":40,"turns":8},{"damage":3,"enemies":"Writhing Mass","floor":42,"turns":8},{"damage":30,"enemies":"Spire Growth","floor":45,"turns":7},{"damage":0,"enemies":"Maw","floor":48,"turns":7},{"damage":120,"enemies":"Awakened One","floor":50,"turns":12}],"seed_played":"-4922933949720945881","potions_obtained":[{"floor":0,"key":"AttackPotion"},{"floor":0,"key":"PotionOfCapacity"},{"floor":0,"key":"Dexterity Potion"},{"floor":2,"key":"FearPotion"},{"floor":6,"key":"Strength Potion"},{"floor":10,"key":"Fire Potion"},{"floor":11,"key":"Weak Potion"},{"floor":14,"key":"Fire Potion"},{"floor":18,"key":"DuplicationPotion"},{"floor":19,"key":"Strength Potion"},{"floor":22,"key":"Block Potion"},{"floor":31,"key":"SpeedPotion"},{"floor":40,"key":"SteroidPotion"},{"floor":45,"key":"FearPotion"},{"floor":48,"key":"PowerPotion"}],"is_trial":false,"path_per_floor":["M","M","$","M","M","E","R","E","T","M","M","E","?","M","R","B",null,"M","M","M","$","M","E","R","M","T","R","?","E","M","M","R","B",null,"M","$","M","$","?","E","R","M","T","R","M","?","$","M","R","B",null],"character_chosen":"DEFECT","items_purchased":["Tempest","Toolbox","Potion Belt","Whetstone","Darkness","PreservedInsect","Storm","Pear","Loop"],"campfire_rested":4,"item_purchase_floors":[3,21,21,21,21,36,36,47,47],"current_hp_per_floor":[71,70,70,75,75,53,75,51,65,64,68,65,65,64,64,70,89,84,83,69,69,65,67,67,74,74,74,74,51,56,63,89,49,89,89,89,81,81,70,57,83,87,87,87,57,57,67,74,99,56],"gold":24,"neow_bonus":"THREE_SMALL_POTIONS","is_daily":false,"chose_seed":false,"campfire_upgraded":0,"win_rate":0.0,"timestamp":1610604645,"path_taken":["M","M","$","M","M","E","R","E","T","M","M","E","?","M","R","BOSS","M","M","M","$","M","E","R","M","T","R","?","E","M","M","R","BOSS","M","$","M","$","?","E","R","M","T","R","M","?","$","M","R","BOSS"],"items_purchased_type":["Card","Relic","Relic","Relic","Card","Relic","Card","Relic","Card"],"build_version":"2020-12-22","purchased_purges":0,"victory":true,"max_hp_per_floor":[75,75,75,75,75,75,75,75,89,89,89,89,89,89,89,89,89,89,89,89,89,89,89,89,89,89,89,89,89,89,89,89,89,89,89,89,89,89,89,89,89,89,89,89,89,89,99,99,99,99],"card_choices":[{"not_picked":["Stack","Skim"],"picked":"Doom and Gloom","floor":1},{"not_picked":["Redo","Beam Cell"],"picked":"Self Repair","floor":2},{"not_picked":["Hologram","Gash"],"picked":"Redo","floor":4},{"not_picked":["Barrage","Stack"],"picked":"Cold Snap","floor":5},{"not_picked":["Heatsinks","Gash"],"picked":"Buffer","floor":6},{"not_picked":["Reinforced Body","Gash"],"picked":"Electrodynamics","floor":8},{"not_picked":["Ball Lightning","Streamline"],"picked":"Conserve Battery","floor":10},{"not_picked":["Rebound","Go for the Eyes"],"picked":"Cold Snap","floor":11},{"not_picked":["Steam Power","Beam Cell"],"picked":"Reboot","floor":12},{"not_picked":["Genetic Algorithm","Coolheaded"],"picked":"Glacier","floor":14},{"not_picked":["Creative AI","Buffer"],"picked":"Amplify","floor":16},{"not_picked":["Steam","Consume"],"picked":"Rebound","floor":18},{"not_picked":["Sweeping Beam","Cold Snap"],"picked":"Leap","floor":19},{"not_picked":["Coolheaded+1","Compile Driver"],"picked":"Streamline+1","floor":20},{"not_picked":["Gash","Coolheaded"],"picked":"Rip and Tear","floor":22},{"not_picked":["Turbo","Conserve Battery"],"picked":"Auto Shields","floor":23},{"not_picked":["Hologram","Stack"],"picked":"Streamline+1","floor":25},{"not_picked":["Ball Lightning","Auto Shields"],"picked":"Rebound+1","floor":25},{"not_picked":["Creative AI","Steam"],"picked":"Coolheaded+1","floor":29},{"not_picked":["Conserve Battery","Ball Lightning"],"picked":"Hello World","floor":30},{"not_picked":["Beam Cell","Lockon"],"picked":"Force Field","floor":30},{"not_picked":["Streamline+1","Conserve Battery"],"picked":"Defragment","floor":31},{"not_picked":["Beam Cell","Conserve Battery"],"picked":"Melter+1","floor":31},{"not_picked":["Conserve Battery","Hologram+1"],"picked":"Darkness+1","floor":32},{"not_picked":["Meteor Strike","Biased Cognition"],"picked":"All For One","floor":33},{"not_picked":["Hologram","Reprogram"],"picked":"Static Discharge+1","floor":35},{"not_picked":["Steam","Leap"],"picked":"Beam Cell+1","floor":35},{"not_picked":["Redo","Leap"],"picked":"Stack+1","floor":37},{"not_picked":["Compile Driver+1","Go for the Eyes+1"],"picked":"Rip and Tear+1","floor":37},{"not_picked":["Genetic Algorithm+1","Hologram+1"],"picked":"Defragment+1","floor":40},{"not_picked":["Genetic Algorithm","Blizzard"],"picked":"Force Field+1","floor":41},{"not_picked":["Rebound","Compile Driver"],"picked":"Doom and Gloom+1","floor":42},{"not_picked":["Streamline+1","Barrage+1"],"picked":"Chaos","floor":42},{"not_picked":["FTL","Consume+1"],"picked":"Meteor Strike","floor":45},{"not_picked":["Beam Cell","Skim+1"],"picked":"Sweeping Beam+1","floor":45},{"not_picked":["Steam Power+1","Doom and Gloom"],"picked":"Static Discharge+1","floor":48},{"not_picked":["Hologram","Undo+1"],"picked":"BootSequence","floor":48},{"not_picked":["Redo","Force Field"],"picked":"Ball Lightning","floor":49}],"player_experience":162251,"relics_obtained":[{"floor":6,"key":"Bag of Preparation"},{"floor":8,"key":"The Courier"},{"floor":9,"key":"Mango"},{"floor":12,"key":"Shovel"},{"floor":15,"key":"Oddly Smooth Stone"},{"floor":23,"key":"Prayer Wheel"},{"floor":24,"key":"Lizard Tail"},{"floor":26,"key":"Dream Catcher"},{"floor":27,"key":"Orichalcum"},{"floor":29,"key":"Meat on the Bone"},{"floor":40,"key":"MawBank"},{"floor":43,"key":"White Beast Statue"},{"floor":44,"key":"FossilizedHelix"}],"event_choices":[{"damage_healed":0,"gold_gain":52,"player_choice":"Gained Gold","damage_taken":0,"max_hp_gain":0,"max_hp_loss":0,"event_name":"Golden Wing","floor":13,"gold_loss":0},{"damage_healed":0,"gold_gain":0,"player_choice":"Paid Fearfully","damage_taken":0,"max_hp_gain":0,"max_hp_loss":0,"event_name":"Masked Bandits","floor":28,"gold_loss":69},{"damage_healed":0,"gold_gain":0,"player_choice":"Embrace Madness","damage_taken":11,"max_hp_gain":0,"max_hp_loss":0,"event_name":"Winding Halls","floor":39,"gold_loss":0,"cards_obtained":["Madness","Madness"]},{"cards_removed":["Chaos"],"damage_healed":0,"gold_gain":0,"player_choice":"Removed Skill","damage_taken":0,"max_hp_gain":0,"max_hp_loss":0,"event_name":"Falling","floor":46,"gold_loss":0}],"is_beta":false,"boss_relics":[{"not_picked":["Nuclear Battery","Velvet Choker"],"picked":"Fusion Hammer"},{"not_picked":["Runic Pyramid","Coffee Dripper"],"picked":"Philosopher\u0027s Stone"}],"items_purged_floors":[],"is_endless":false,"potions_floor_spawned":[2,6,10,11,14,18,19,22,31,40,45,48],"ascension_level":0}}