{"host":"0i8dz4ityulxi1rd","time":1610632334,"event":{"mods":["BaseMod","Colored Map","Colored Powertips","Custom Start","Highlight Path","Hubris","Keyboard Shortcuts","Minty Spire (QoL Compilation)","StSLib","SuperFastMode"],"gold_per_floor":[115,128,27,27,46,71,71,98,98,98,118,118,118],"floor_reached":12,"language":"KOR","playtime":370,"items_purged":["Strike_R"],"score":176,"play_id":"ee762221-bb44-489d-ab30-bca7cd92708f","local_time":"20210114225214","is_ascension_mode":true,"campfire_choices":[{"data":"Shockwave","floor":7,"key":"SMITH"},{"floor":10,"key":"REST"}],"circlet_count":0,"master_deck":["AscendersBane","Strike_R","Strike_R","Strike_R","Defend_R","Defend_R","Defend_R","Bash","Reaper","Hemokinesis","Shockwave+1","Shrug It Off","Warcry","Limit Break","Inflame","Rage"],"relics":["Burning Blood","hubris:OldNail","Bird Faced Urn"],"acts_visited":["Exordium"],"potions_floor_usage":[6,6],"damage_taken":[{"damage":14,"enemies":"Small Slimes","floor":1,"turns":3},{"damage":5,"enemies":"Cultist","floor":2,"turns":3},{"damage":4,"enemies":"Jaw Worm","floor":5,"turns":3},{"damage":39,"enemies":"3 Sentries","floor":6,"turns":10},{"damage":49,"enemies":"Lagavulin","floor":8,"turns":8},{"damage":19,"enemies":"Looter","floor":11,"turns":3},{"damage":39,"enemies":"3 Sentries","floor":12,"turns":8}],"seed_played":"-6790253749448340322","potions_obtained":[{"floor":1,"key":"Swift Potion"},{"floor":4,"key":"BlessingOfTheForge"}],"is_trial":false,"path_per_floor":["M","M","$","?","M","E","R","E","T","R","M","E"],"character_chosen":"IRONCLAD","items_purchased":["Shrug It Off"],"campfire_rested":1,"item_purchase_floors":[3],"current_hp_per_floor":[60,67,67,67,68,47,47,10,10,30,27,2,2],"gold":118,"neow_bonus":"TRANSFORM_TWO_CARDS","is_daily":false,"chose_seed":false,"campfire_upgraded":1,"win_rate":0.0,"timestamp":1610632334,"path_taken":["M","M","$","?","M","E","R","E","T","R","?","E"],"items_purchased_type":["Card"],"build_version":"2020-12-22","purchased_purges":1,"victory":false,"max_hp_per_floor":[68,68,68,68,68,68,68,68,68,68,68,68,68],"card_choices":[{"not_picked":["Sentinel","True Grit","Iron Wave"],"picked":"SKIP","floor":1},{"not_picked":["True Grit","Flex"],"picked":"Shockwave","floor":2},{"not_picked":["Perfected Strike","Anger"],"picked":"Warcry","floor":5},{"not_picked":["Warcry","Battle Trance"],"picked":"Limit Break","floor":6},{"not_picked":["True Grit","Twin Strike"],"picked":"Inflame","floor":8},{"not_picked":["Combust","Iron Wave"],"picked":"Rage","floor":11}],"player_experience":1317672,"relics_obtained":[{"floor":6,"key":"hubris:OldNail"},{"floor":8,"key":"Bird Faced Urn"}],"event_choices":[{"damage_healed":0,"gold_gain":0,"player_choice":"Got Potions","damage_taken":0,"max_hp_gain":0,"max_hp_loss":0,"event_name":"Lab","floor":4,"gold_loss":0}],"is_beta":false,"boss_relics":[],"items_purged_floors":[3],"is_endless":false,"potions_floor_spawned":[1],"killed_by":"3 Sentries","ascension_level":20}}