{"host":"kabf61oc9jgfwufg","time":1610650493,"event":{"mods":["AchievementEnabler","Act Like it!","Aspiration","BaseMod","Conspire","Energized Spire","GifTheSpireLib","GungeonMod","Halation","HexUI Lib","Hubris","Infinite Spire","Minty Spire (QoL Compilation)","Quick Restart","Rare Cards Sparkle","Replay The Spire","Shop Mod","StSLib"],"gold_per_floor":[116,135,149,149,165,191,231,244,244,261,261,261,277,320,320,423,423,469,469,484,434,450,482,495,511,536,552,652,678,678,709,709,813,813,826,836,796,812,397,425,442,442,442],"floor_reached":42,"language":"ENG","playtime":1892,"items_purged":["Defend_P","Strike_P"],"score":626,"play_id":"7ed9b14e-3259-48cc-855a-4869dd17b4bc","local_time":"20210114185453","is_ascension_mode":true,"campfire_choices":[{"data":"Wish","floor":12,"key":"SMITH"},{"floor":15,"key":"REST"},{"data":"infinitespire:TheBestDefense","floor":30,"key":"SMITH"},{"floor":32,"key":"REST"}],"circlet_count":0,"master_deck":["Strike_P","Strike_P+1","Defend_P","Defend_P","Eruption","Vigilance","FlurryOfBlows","FlurryOfBlows","ForeignInfluence+1","CutThroughFate","Vengeance","Swift Strike+1","Strike_P","Replay:Vibes","infinitespire:TheBestDefense+1","CrushJoints+1","Pot Of Greed","Pot Of Greed","WreathOfFlame","WheelKick","infinitespire:Fortify","CrushJoints+1","FlurryOfBlows+1","WheelKick","Perseverance","Pot Of Greed"],"relics":["PureWater","DemoMod:MonsterBlood","Akabeko","hubris:SphereOfDissonance","Ring of Chaos","energizedSpire:HugeHouse","halation:PromiseList","hubris:FunFungus","Grinning Jar","aspiration:DSix","Yang","infinitespire:Satchel","Toy Ornithopter","energizedSpire:CrystalSphere","MerchantsRug","Whetstone","aspiration:TomeofQuesting"],"acts_visited":["Exordium","TheCity","TheBeyond"],"potions_floor_usage":[6,6,8,23,27,29,29,38,38,42,42],"damage_taken":[{"damage":0,"enemies":"Cultist","floor":1,"turns":2},{"damage":1,"enemies":"Jaw Worm","floor":2,"turns":3},{"damage":14,"enemies":"2 Louse","floor":3,"turns":2},{"damage":18,"enemies":"2 Fungi Beasts","floor":5,"turns":2},{"damage":0,"enemies":"Gremlin Nob","floor":6,"turns":2},{"damage":15,"enemies":"conspire:MimicChest","floor":7,"turns":6},{"damage":0,"enemies":"Lots of Slimes","floor":8,"turns":2},{"damage":0,"enemies":"3 Louse","floor":10,"turns":1},{"damage":0,"enemies":"Exordium Wildlife","floor":13,"turns":3},{"damage":11,"enemies":"Gremlin Gang","floor":14,"turns":3},{"damage":4,"enemies":"Slime Boss","floor":16,"turns":4},{"damage":22,"enemies":"Shell Parasite","floor":18,"turns":3},{"damage":0,"enemies":"Chosen","floor":20,"turns":3},{"damage":0,"enemies":"Snecko","floor":22,"turns":2},{"damage":3,"enemies":"Gremlin Leader","floor":23,"turns":4},{"damage":14,"enemies":"Chosen and Byrds","floor":24,"turns":2},{"damage":4,"enemies":"Centurion and Healer","floor":25,"turns":3},{"damage":8,"enemies":"Snake Plant","floor":27,"turns":3},{"damage":8,"enemies":"Colosseum Slavers","floor":28,"turns":3},{"damage":0,"enemies":"Colosseum Nobs","floor":28,"turns":2},{"damage":12,"enemies":"Book of Stabbing","floor":29,"turns":3},{"damage":9,"enemies":"Nightmare","floor":31,"turns":4},{"damage":8,"enemies":"conspire:MysteriousRune","floor":33,"turns":4},{"damage":0,"enemies":"3 Darklings","floor":35,"turns":3},{"damage":0,"enemies":"3 Shapes","floor":36,"turns":1},{"damage":0,"enemies":"Maw","floor":38,"turns":2},{"damage":3,"enemies":"Giant Head","floor":40,"turns":3},{"damage":3,"enemies":"Sphere and 2 Shapes","floor":41,"turns":2},{"damage":81,"enemies":"Nightmare","floor":42,"turns":3}],"seed_played":"-1115614640224437648","potions_obtained":[{"floor":3,"key":"Strength Potion"},{"floor":5,"key":"Venom Potion"},{"floor":7,"key":"AttackPotion"},{"floor":16,"key":"LifebloodPotion"},{"floor":18,"key":"Languid Potion"},{"floor":20,"key":"Swift Potion"},{"floor":23,"key":"Elixir"},{"floor":28,"key":"Block Potion"},{"floor":37,"key":"Strength Potion"},{"floor":37,"key":"DemoMod:LeadSkinPotion"},{"floor":37,"key":"Strength Potion"},{"floor":38,"key":"PowerPotion"},{"floor":40,"key":"PowerPotion"}],"is_trial":false,"path_per_floor":["M","M","M","?","M","E","?","M","T","M","?","R","M","M","R","B",null,"M","?","M","AVR","M","E","M","M","T","M","?","E","R","NM","R","B",null,"M","M","?","M","$","E","M","NM"],"character_chosen":"WATCHER","items_purchased":["FlurryOfBlows+1","MerchantsRug","Whetstone"],"campfire_rested":2,"item_purchase_floors":[39,39,39],"current_hp_per_floor":[51,50,36,36,18,25,10,10,10,10,18,18,18,7,30,26,79,57,57,57,57,57,54,40,36,36,31,23,12,12,5,27,22,74,74,74,74,74,74,72,69,0,0],"gold":442,"neow_bonus":"REMOVE_TWO","is_daily":false,"chose_seed":false,"campfire_upgraded":2,"win_rate":0.0,"timestamp":1610650493,"path_taken":["M","M","M","?","M","E","?","M","T","M","?","R","M","M","R","BOSS","M","?","?","AVR","M","E","M","M","T","M","?","E","R","NM","R","BOSS","M","M","?","M","$","E","?","NM"],"items_purchased_type":["Card","Relic","Relic"],"build_version":"2020-12-22","purchased_purges":2,"victory":false,"max_hp_per_floor":[72,72,72,72,72,79,79,79,79,79,79,79,79,79,79,79,79,79,79,79,74,74,74,74,74,74,74,74,74,74,74,74,74,74,74,74,74,74,74,74,74,74,74],"card_choices":[{"not_picked":["PathToVictory","Evaluate"],"picked":"FlurryOfBlows","floor":1},{"not_picked":["Sanctity","Worship"],"picked":"FlurryOfBlows","floor":2},{"not_picked":["Replay:ManipulateFuture","JustLucky"],"picked":"Halt","floor":3},{"not_picked":["Replay:ManipulateFuture","Replay:Vibes"],"picked":"CutThroughFate","floor":5},{"not_picked":["Protect","EmptyBody"],"picked":"Vengeance","floor":6},{"not_picked":["Replay:BluntJabs","Replay:AtTheReady","Meditate"],"picked":"SKIP","floor":8},{"not_picked":["Pray","DeceiveReality"],"picked":"Wish","floor":10},{"not_picked":["EmptyBody","BattleHymn","ThirdEye"],"picked":"SKIP","floor":13},{"not_picked":["CrushJoints","Replay:ManipulateFuture","Meditate"],"picked":"SKIP","floor":14},{"not_picked":["CrushJoints","FlyingSleeves","BowlingBash"],"picked":"SKIP","floor":18},{"not_picked":["Sanctity+1","BowlingBash","CrushJoints"],"picked":"SKIP","floor":20},{"not_picked":["FlyingSleeves","SashWhip","LikeWater"],"picked":"SKIP","floor":22},{"not_picked":["Protect","TalkToTheHand","Wireheading"],"picked":"SKIP","floor":23},{"not_picked":["Replay:ManipulateFuture","Wallop","SashWhip"],"picked":"SKIP","floor":24},{"not_picked":["Omniscience","EmptyFist"],"picked":"CrushJoints+1","floor":25},{"not_picked":["Protect","Replay:BluntJabs"],"picked":"WreathOfFlame","floor":27},{"not_picked":["ThirdEye","ClearTheMind"],"picked":"WheelKick","floor":28},{"not_picked":["Replay:AtTheReady","Meditate","ForeignInfluence"],"picked":"SKIP","floor":29},{"not_picked":["ReplayTheSpireMod:Echoes of Time","infinitespire:UltimateForm"],"picked":"infinitespire:Fortify","floor":31},{"not_picked":["Sanctity","ThirdEye","Collect+1"],"picked":"SKIP","floor":31},{"not_picked":["Consecrate","BowlingBash","Replay:Battleflow+1"],"picked":"SKIP","floor":35},{"not_picked":["Halt+1","ThirdEye+1"],"picked":"CrushJoints+1","floor":36},{"not_picked":["Consecrate","Ragnarok","BowlingBash"],"picked":"SKIP","floor":38},{"not_picked":["Replay:Battleflow","Crescendo"],"picked":"WheelKick","floor":40},{"not_picked":["InnerPeace","Replay:AtTheReady"],"picked":"Perseverance","floor":41}],"player_experience":101017,"relics_obtained":[{"floor":6,"key":"DemoMod:MonsterBlood"},{"floor":7,"key":"Akabeko"},{"floor":9,"key":"hubris:SphereOfDissonance"},{"floor":23,"key":"hubris:FunFungus"},{"floor":26,"key":"Grinning Jar"},{"floor":28,"key":"aspiration:DSix"},{"floor":28,"key":"Yang"},{"floor":29,"key":"infinitespire:Satchel"},{"floor":31,"key":"Toy Ornithopter"},{"floor":40,"key":"aspiration:TomeofQuesting"}],"event_choices":[{"damage_healed":0,"gold_gain":0,"player_choice":"1 cards matched","damage_taken":0,"max_hp_gain":0,"max_hp_loss":0,"event_name":"Match and Keep!","floor":19,"gold_loss":0,"cards_obtained":["Swift Strike"]},{"damage_healed":0,"gold_gain":0,"player_choice":"Fight","damage_taken":0,"max_hp_gain":0,"max_hp_loss":0,"event_name":"Colosseum","floor":28,"gold_loss":0},{"damage_healed":0,"gold_gain":0,"player_choice":"Fought Nobs","damage_taken":0,"max_hp_gain":0,"max_hp_loss":0,"event_name":"Colosseum","floor":28,"gold_loss":0},{"damage_healed":0,"gold_gain":0,"player_choice":"Bought 3 Potions","damage_taken":0,"max_hp_gain":0,"max_hp_loss":0,"event_name":"The Woman in Blue","floor":37,"gold_loss":0}],"is_beta":false,"boss_relics":[{"not_picked":["halation:MonkeysPaw","energizedSpire:OgreHead"],"picked":"Ring of Chaos"},{"not_picked":["halation:SmartPhone","aspiration:FutureDiary"],"picked":"energizedSpire:CrystalSphere"}],"items_purged_floors":[21,39],"is_endless":true,"potions_floor_spawned":[3,5,7,16,18,20,23,28,28,38,40],"killed_by":"Nightmare","ascension_level":1}}