{"host":"k67zwea37tbl4jhz","time":1610606433,"event":{"mods":["AchievementEnabler","Aspiration","BaseMod","Better Altar","Better Match","Better Sensory Stone","Better Skull","Better Third Choice","BetterRewards","CCEM","Clawfect","Colored Map","Conspire","Downfall","GifTheSpireLib","Googly Eyes","Halation","Highlight Path","Mimic Mod","Minty Spire (QoL Compilation)","Permanent Neow","Replay The Spire","Shop Mod","Spicy Shops","StSLib","Stuff the Spire","The Hierophant","The Runesmith","Unceasing Turn Reminder","everything is the same but u backflip on backflip"],"gold_per_floor":[117,136,149,149,149,179,189,189,189,189,199,199,209,209,209,304,304,318,328,348,246,246,246],"floor_reached":22,"language":"ENG","playtime":1746,"items_purged":[],"score":188,"play_id":"7d7d2a9b-46a4-4add-8433-b6de7a68aa1e","local_time":"20210114014033","is_ascension_mode":false,"campfire_choices":[{"data":"Runesmith:CraftMagma","floor":8,"key":"SMITH"},{"floor":12,"key":"REST"},{"data":"Runesmith:CraftPrismatica","floor":15,"key":"SMITH"}],"circlet_count":0,"master_deck":["conspire:GhostlyStrike","conspire:GhostlyStrike","conspire:GhostlyStrike","conspire:GhostlyDefend","conspire:GhostlyDefend","conspire:GhostlyDefend","Runesmith:Fortify","Runesmith:HammerTime","Runesmith:PerfectChisel","Runesmith:EarthShield","Runesmith:CraftIncendium","Runesmith:CraftMagma+1","Runesmith:LithiumIon","Runesmith:ArcReactor","Runesmith:CraftPrismatica+1","Runesmith:HammerAndChisel","Runesmith:BackupBattery","Runesmith:LightningRod","Runesmith:Grindstone","aspiration:UnbridledHammer","Runesmith:ChargedHammer+1","Runesmith:Firestorm"],"relics":["Runesmith:BrokenRuby","Blue Doll","StuffTheSpire:GrapeVine","StuffTheSpire:Kangaroo"],"acts_visited":["Exordium","TheCity"],"potions_floor_usage":[],"damage_taken":[{"damage":1,"enemies":"Jaw Worm","floor":1,"turns":3},{"damage":1,"enemies":"Small Slimes","floor":2,"turns":4},{"damage":0,"enemies":"Cultist","floor":3,"turns":4},{"damage":20,"enemies":"Gremlin Nob","floor":6,"turns":4},{"damage":3,"enemies":"conspire:2 RoseBushes","floor":7,"turns":6},{"damage":2,"enemies":"Red Slaver","floor":11,"turns":4},{"damage":22,"enemies":"Exordium Thugs","floor":13,"turns":6},{"damage":10,"enemies":"Fading Forest","floor":16,"turns":11},{"damage":19,"enemies":"3 Byrds","floor":18,"turns":5},{"damage":5,"enemies":"Shell Parasite","floor":19,"turns":5},{"damage":43,"enemies":"Chosen and Byrds","floor":20,"turns":8},{"damage":11,"enemies":"Centurion and Healer","floor":22,"turns":2}],"seed_played":"-5639358438206511059","potions_obtained":[{"floor":1,"key":"SteroidPotion"},{"floor":6,"key":"Weak Potion"},{"floor":7,"key":"Elixir"},{"floor":11,"key":"Adrenaline Potion"}],"is_trial":false,"path_per_floor":["M","M","M","?","?","E","M","R","T","?","M","R","M","?","R","B",null,"M","M","M","$","M"],"character_chosen":"RUNESMITH_CLASS","items_purchased":["Runesmith:Firestorm"],"campfire_rested":1,"item_purchase_floors":[21],"current_hp_per_floor":[48,47,47,62,62,42,39,39,39,39,37,58,36,40,40,40,70,51,46,3,3,0,0],"gold":246,"neow_bonus":"TRANSFORM_TWO_CARDS","is_daily":false,"chose_seed":false,"campfire_upgraded":2,"win_rate":0.0,"timestamp":1610606433,"path_taken":["M","M","M","?","?","E","M","R","T","?","?","R","M","?","R","BOSS","M","M","M","?","?"],"items_purchased_type":["Card"],"build_version":"2020-12-22","purchased_purges":0,"victory":false,"max_hp_per_floor":[70,70,70,70,70,70,70,70,70,70,70,70,70,70,70,70,70,70,70,70,70,70,70],"card_choices":[{"not_picked":["Runesmith:WhiteBalance","Runesmith:RuneHurl"],"picked":"Runesmith:EarthShield","floor":1},{"not_picked":["Runesmith:DoubleUp","Runesmith:ChiselStab"],"picked":"Runesmith:CraftIncendium","floor":2},{"not_picked":["Runesmith:FieryHammer","Runesmith:CraftReservo"],"picked":"Runesmith:CraftMagma","floor":3},{"not_picked":["Runesmith:NanitesCloud","Runesmith:CraftProtectio"],"picked":"Runesmith:LithiumIon","floor":6},{"not_picked":["Runesmith:StaticCage","Runesmith:EnergizedChisel"],"picked":"Runesmith:ArcReactor","floor":7},{"not_picked":["Runesmith:HeatExchange","Runesmith:UnstableHammer"],"picked":"Runesmith:HammerAndChisel","floor":11},{"not_picked":["Runesmith:Grindstone","Runesmith:HeatExchange"],"picked":"Runesmith:BackupBattery","floor":13},{"not_picked":["Runesmith:ArcReactor","Runesmith:ReplicatingBarrier"],"picked":"Runesmith:LightningRod","floor":16},{"not_picked":["Runesmith:MakeshiftArmor+1","Runesmith:CraftObretio"],"picked":"Runesmith:Grindstone","floor":18},{"not_picked":["Runesmith:Grindstone+1","Runesmith:ElementalConversion"],"picked":"aspiration:UnbridledHammer","floor":19},{"not_picked":["Runesmith:Repurpose","Runesmith:Accelerate+1"],"picked":"Runesmith:ChargedHammer+1","floor":20}],"player_experience":241151,"relics_obtained":[{"floor":6,"key":"Blue Doll"},{"floor":9,"key":"StuffTheSpire:GrapeVine"}],"event_choices":[{"damage_healed":0,"gold_gain":0,"player_choice":"Agree","damage_taken":0,"max_hp_gain":0,"max_hp_loss":0,"event_name":"conspire:LoneGhost","floor":5,"gold_loss":0},{"damage_healed":0,"gold_gain":0,"cards_transformed":["Runesmith:CraftFirestone"],"player_choice":"Transformed","damage_taken":0,"max_hp_gain":0,"max_hp_loss":0,"event_name":"Transmorgrifier","floor":10,"gold_loss":0,"cards_obtained":["Runesmith:CraftPrismatica"]},{"damage_healed":4,"gold_gain":0,"player_choice":"LEAVE ","damage_taken":0,"relics_obtained":[],"max_hp_gain":0,"max_hp_loss":0,"event_name":"betterSkull:BetterSkull","floor":14,"gold_loss":0,"cards_upgraded":[]}],"is_beta":false,"boss_relics":[{"not_picked":["CCEMRelics:GreenEgg","SlaversCollar"],"picked":"StuffTheSpire:Kangaroo"}],"items_purged_floors":[],"is_endless":false,"potions_floor_spawned":[1,6,7,11,13,18,19,20],"killed_by":"Centurion and Healer","ascension_level":0}}