{"host":"gc9rk8b4vlc0bstx","time":1610648627,"event":{"mods":["Ascension Unlocker","BaseMod","Minty Spire (QoL Compilation)","Permanent Neow","Relic Stats","StSLib"],"gold_per_floor":[116,116,133,146,158,168,168,202,284,314,324,324,340,350,350,455,455,467,467,486,499,113,113,141,141,141,141,153,173,47,47,47,151,201,213,213,74,0,11,11,45,64,64,76,96,96,127,140,140,140],"floor_reached":51,"language":"ENG","playtime":3416,"items_purged":["Defend_G","Strike_G","Strike_G"],"score":768,"play_id":"efcc115d-7217-4bdb-87e4-aa838ae125cd","local_time":"20210114102347","is_ascension_mode":false,"campfire_choices":[{"data":"Deadly Poison","floor":7.0,"key":"SMITH"},{"data":"Catalyst","floor":12.0,"key":"SMITH"},{"data":"Envenom","floor":15.0,"key":"SMITH"},{"data":"Footwork","floor":23.0,"key":"SMITH"},{"floor":25.0,"key":"REST"},{"data":"Night Terror","floor":27.0,"key":"SMITH"},{"data":"Cloak And Dagger","floor":32.0,"key":"SMITH"},{"data":"Cloak And Dagger","floor":40.0,"key":"SMITH"},{"data":"Acrobatics","floor":46,"key":"SMITH"},{"data":"Blade Dance","floor":49,"key":"SMITH"}],"circlet_count":0,"master_deck":["Strike_G","Strike_G","Defend_G","Defend_G","Defend_G","Survivor","Neutralize","Die Die Die","Catalyst+1","Deadly Poison+1","Backflip","Envenom+1","Cloak And Dagger+1","Leg Sweep","Backflip","Acrobatics+1","Night Terror+1","Deadly Poison","Catalyst+1","Footwork+1","Blade Dance+1","Bullet Time","Noxious Fumes+1","Cloak And Dagger+1","Dodge and Roll","Well Laid Plans","Blade Dance+1"],"relics":["Ring of the Snake","Kunai","Sundial","Lizard Tail","Sozu","Membership Card","Incense Burner","Happy Flower","Ninja Scroll","Toolbox","Torii","Tiny House","Art of War","Red Mask","Du-Vu Doll","Gambling Chip","Molten Egg 2"],"acts_visited":["Exordium","TheCity","TheBeyond"],"potions_floor_usage":[],"damage_taken":[{"damage":0.0,"enemies":"2 Louse","floor":1.0,"turns":2.0},{"damage":0.0,"enemies":"Small Slimes","floor":3.0,"turns":4.0},{"damage":0.0,"enemies":"Cultist","floor":4.0,"turns":3.0},{"damage":11.0,"enemies":"Exordium Wildlife","floor":5.0,"turns":7.0},{"damage":0.0,"enemies":"2 Fungi Beasts","floor":6.0,"turns":2.0},{"damage":12.0,"enemies":"3 Sentries","floor":8.0,"turns":7.0},{"damage":11.0,"enemies":"Gremlin Nob","floor":10.0,"turns":3.0},{"damage":0.0,"enemies":"Large Slime","floor":11.0,"turns":3.0},{"damage":2.0,"enemies":"Blue Slaver","floor":13.0,"turns":4.0},{"damage":0.0,"enemies":"Gremlin Gang","floor":14.0,"turns":3.0},{"damage":4.0,"enemies":"Hexaghost","floor":16.0,"turns":10.0},{"damage":0.0,"enemies":"3 Byrds","floor":18.0,"turns":6.0},{"damage":2.0,"enemies":"Shell Parasite","floor":20.0,"turns":5.0},{"damage":6.0,"enemies":"Cultist and Chosen","floor":21.0,"turns":4.0},{"damage":49.0,"enemies":"Slavers","floor":24.0,"turns":7.0},{"damage":21.0,"enemies":"Snake Plant","floor":28.0,"turns":4.0},{"damage":0.0,"enemies":"Snecko","floor":29.0,"turns":3.0},{"damage":52.0,"enemies":"Automaton","floor":33.0,"turns":7.0},{"damage":0.0,"enemies":"3 Shapes","floor":35.0,"turns":3.0},{"damage":1.0,"enemies":"3 Darklings","floor":39.0,"turns":3.0},{"damage":4,"enemies":"Nemesis","floor":41,"turns":7},{"damage":0,"enemies":"Maw","floor":42,"turns":4},{"damage":0,"enemies":"Sphere and 2 Shapes","floor":44,"turns":5},{"damage":10,"enemies":"Writhing Mass","floor":45,"turns":4},{"damage":0,"enemies":"Reptomancer","floor":47,"turns":4},{"damage":13,"enemies":"3 Darklings","floor":48,"turns":2},{"damage":3,"enemies":"Time Eater","floor":50,"turns":3}],"seed_played":"-6709266181334938831","potions_obtained":[{"floor":3.0,"key":"SkillPotion"},{"floor":4.0,"key":"LiquidBronze"},{"floor":13.0,"key":"PowerPotion"},{"floor":14.0,"key":"DuplicationPotion"}],"is_trial":false,"path_per_floor":["M","?","M","M","M","M","R","E","T","E","M","R","M","M","R","B",null,"M","?","M","M","$","R","E","R","T","R","M","M","$","?","R","B",null,"M","?","$","?","M","R","E","M","T","M","M","R","E","M","R","B",null],"character_chosen":"THE_SILENT","items_purchased":["Membership Card","Incense Burner","Footwork","Toolbox","Art of War"],"campfire_rested":1,"item_purchase_floors":[22,22,22,30,37],"current_hp_per_floor":[70,63,63,63,52,52,52,40,40,29,29,29,27,27,27,23,70,70,70,68,62,62,62,13,34,34,34,13,13,13,13,13,35,75,75,75,75,75,74,74,70,70,70,70,60,60,60,47,47,44],"gold":140,"neow_bonus":"ONE_RANDOM_RARE_CARD","is_daily":false,"chose_seed":false,"campfire_upgraded":9,"win_rate":0.0,"timestamp":1610648627,"path_taken":["M","?","M","M","M","M","R","E","T","E","M","R","M","M","R","BOSS","M","?","M","M","$","R","E","R","T","R","?","M","$","?","R","BOSS","M","?","$","?","M","R","E","M","T","M","M","R","E","M","R","BOSS"],"items_purchased_type":["Relic","Relic","Card","Relic","Relic"],"build_version":"2020-12-22","purchased_purges":3,"victory":true,"max_hp_per_floor":[70,70,70,70,70,70,70,70,70,70,70,70,70,70,70,70,70,70,70,70,70,70,70,70,70,70,70,70,70,70,70,70,70,75,75,75,75,75,75,75,75,75,75,75,75,75,75,75,75,75],"relic_stats":{"Sozu":7,"Lizard Tail":35,"Happy Flower":[16],"Torii":9,"counters":[27,119],"Sundial":[10],"Gambling Chip":[13],"Art of War":[1],"Kunai":[47],"obtain_stats":[{"Tiny House":34,"Happy Flower":24,"Torii":31,"Incense Burner":22,"Sozu":17,"Du-Vu Doll":41,"Lizard Tail":10,"Sundial":9,"Ninja Scroll":26,"Gambling Chip":43,"Toolbox":30,"Molten Egg 2":47,"Art of War":37,"Red Mask":38,"Kunai":8,"Membership Card":22,"Ring of the Snake":0},{"Tiny House":18,"Happy Flower":15,"Torii":17,"Incense Burner":14,"Sozu":11,"Du-Vu Doll":21,"Lizard Tail":7,"Sundial":6,"Ninja Scroll":15,"Gambling Chip":22,"Toolbox":17,"Molten Egg 2":25,"Art of War":19,"Red Mask":19,"Kunai":6,"Membership Card":14,"Ring of the Snake":0},{"Tiny House":84,"Happy Flower":70,"Torii":77,"Incense Burner":63,"Sozu":48,"Du-Vu Doll":97,"Lizard Tail":28,"Sundial":25,"Ninja Scroll":70,"Gambling Chip":101,"Toolbox":77,"Molten Egg 2":114,"Art of War":87,"Red Mask":87,"Kunai":25,"Membership Card":63,"Ring of the Snake":0}],"Ring of the Snake":[44]},"card_choices":[{"not_picked":["PiercingWail","Outmaneuver"],"picked":"All Out Attack","floor":1.0},{"not_picked":["Underhanded Strike","Sucker Punch","Reflex"],"picked":"SKIP","floor":3.0},{"not_picked":["Dodge and Roll","Sucker Punch"],"picked":"Catalyst","floor":4.0},{"not_picked":["Tactician","Choke"],"picked":"Deadly Poison","floor":5.0},{"not_picked":["Dagger Spray","Cloak And Dagger"],"picked":"Backflip","floor":6.0},{"not_picked":["Tactician","Deflect"],"picked":"Envenom","floor":8.0},{"not_picked":["Slice","Acrobatics"],"picked":"Cloak And Dagger","floor":10.0},{"not_picked":["Quick Slash","Riddle With Holes"],"picked":"Leg Sweep","floor":11.0},{"not_picked":["Underhanded Strike","Concentrate"],"picked":"Backflip","floor":13.0},{"not_picked":["Sucker Punch","Dagger Throw"],"picked":"Acrobatics","floor":14.0},{"not_picked":["Adrenaline","Die Die Die"],"picked":"Night Terror","floor":16.0},{"not_picked":["Cloak And Dagger","Expertise"],"picked":"Deadly Poison","floor":18.0},{"not_picked":["Sucker Punch+1","Infinite Blades"],"picked":"Catalyst+1","floor":20.0},{"not_picked":["Setup","Deflect","Dagger Spray+1"],"picked":"SKIP","floor":21.0},{"not_picked":["Dagger Throw","Acrobatics","Bane"],"picked":"SKIP","floor":24.0},{"not_picked":["Acrobatics","Calculated Gamble"],"picked":"Blade Dance+1","floor":28.0},{"not_picked":["Reflex","Underhanded Strike","Backflip"],"picked":"SKIP","floor":29.0},{"not_picked":["Tools of the Trade","After Image"],"picked":"Bullet Time","floor":33.0},{"not_picked":["Dagger Throw+1","Blade Dance"],"picked":"Noxious Fumes+1","floor":35.0},{"not_picked":["Masterful Stab+1","Deflect+1"],"picked":"Cloak And Dagger","floor":39.0},{"not_picked":["Infinite Blades+1","Quick Slash","Heel Hook"],"picked":"SKIP","floor":41},{"not_picked":["Dagger Spray","Finisher"],"picked":"Dodge and Roll","floor":42},{"not_picked":["PiercingWail+1","Tactician+1"],"picked":"Well Laid Plans","floor":44},{"not_picked":["Eviscerate","Riddle With Holes+1","Poisoned Stab+1"],"picked":"SKIP","floor":45},{"not_picked":["Dodge and Roll","Deadly Poison+1","Setup"],"picked":"SKIP","floor":47},{"not_picked":["Backflip+1","Underhanded Strike+1"],"picked":"Blade Dance","floor":48}],"player_experience":953510,"relics_obtained":[{"floor":8.0,"key":"Kunai"},{"floor":9.0,"key":"Sundial"},{"floor":10.0,"key":"Lizard Tail"},{"floor":24.0,"key":"Happy Flower"},{"floor":26.0,"key":"Ninja Scroll"},{"floor":41,"key":"Du-Vu Doll"},{"floor":43,"key":"Gambling Chip"},{"floor":47,"key":"Molten Egg 2"}],"event_choices":[{"cards_removed":["Strike_G"],"damage_healed":0.0,"max_hp_gain":0.0,"max_hp_loss":0.0,"gold_gain":0.0,"event_name":"Golden Wing","player_choice":"Card Removal","floor":2.0,"gold_loss":0.0,"damage_taken":7.0},{"cards_removed":["Defend_G"],"damage_healed":0.0,"max_hp_gain":0.0,"max_hp_loss":0.0,"gold_gain":0.0,"event_name":"Bonfire Elementals","player_choice":"Offered Basic","floor":19.0,"gold_loss":0.0,"damage_taken":0.0},{"damage_healed":0.0,"max_hp_gain":0.0,"max_hp_loss":0.0,"gold_gain":0.0,"event_name":"The Mausoleum","player_choice":"Opened","floor":31.0,"gold_loss":0.0,"damage_taken":0.0,"relics_obtained":["Torii"]},{"cards_removed":["All Out Attack"],"damage_healed":0.0,"max_hp_gain":0.0,"max_hp_loss":0.0,"gold_gain":0.0,"event_name":"Falling","player_choice":"Removed Attack","floor":36.0,"gold_loss":0.0,"damage_taken":0.0},{"damage_healed":0.0,"max_hp_gain":0.0,"max_hp_loss":0.0,"gold_gain":0.0,"event_name":"Tomb of Lord Red Mask","player_choice":"Paid","floor":38.0,"gold_loss":74.0,"damage_taken":0.0,"relics_obtained":["Red Mask"]}],"is_beta":false,"boss_relics":[{"not_picked":["SacredBark","Cursed Key"],"picked":"Sozu"},{"not_picked":["Coffee Dripper","Black Star"],"picked":"Tiny House"}],"items_purged_floors":[22,30,37],"is_endless":false,"potions_floor_spawned":[3,4,13,14,16,24,28,29,44,45,47,48],"ascension_level":0}}