{"host":"8fuipfsvjht9cgcs","time":1610586449,"event":{"mods":["AchievementEnabler","BaseMod","Colored Map","Colored Powertips","DeckTracker","Minty Spire (QoL Compilation)","Replay The Spire","StSLib","SuperFastMode","The Gatherer"],"gold_per_floor":[19,19,38,38,72,72,88,123,123,151,76,87,100,120,181,280,280,298,298,314,334,334,334,234,266,266,277,293,293,218,218,218,244,313,411,411,429,304,304,304,323,323,323],"floor_reached":42,"language":"KOR","playtime":2426,"items_purged":["Strike_G","Defend_G","Defend_G"],"score":683,"play_id":"0c2be241-ae15-48b8-ad00-092ecdd3b4b3","local_time":"20210114140729","is_ascension_mode":true,"campfire_choices":[{"data":"Apotheosis","floor":6.0,"key":"SMITH"},{"data":"Bouncing Flask","floor":6.0,"key":"SMITH"},{"data":"Burst","floor":23.0,"key":"SMITH"},{"data":"Toxin Wave","floor":23.0,"key":"SMITH"}],"circlet_count":0,"master_deck":["Defend_G","Survivor","Neutralize","Apotheosis+1","Blur","Bouncing Flask+1","Acrobatics","Corpse Explosion","ReplayTheSpireMod:Necrosis","Prepared","ReplayTheSpireMod:Tripwire","Burst+1","Leg Sweep+1","Toxin Wave+1","Well Laid Plans","Die Die Die","After Image"],"relics":["Ring of the Snake","Ring of Misfortune","Replay:Arrowhead","Prayer Wheel","Replay:PocketPolymizer","Letter Opener","Sozu","Nloth\u0027s Gift","Tiny Chest","Paper Crane","Akabeko","Painkiller Herb"],"acts_visited":["Exordium","TheCity","TheBeyond"],"potions_floor_usage":[],"damage_taken":[{"damage":2.0,"enemies":"Jaw Worm","floor":1.0,"turns":4.0},{"damage":0.0,"enemies":"2 Louse","floor":3.0,"turns":4.0},{"damage":3.0,"enemies":"Small Slimes","floor":7.0,"turns":3.0},{"damage":5.0,"enemies":"Lagavulin","floor":8.0,"turns":6.0},{"damage":6.0,"enemies":"3 Sentries","floor":10.0,"turns":7.0},{"damage":0.0,"enemies":"Red Slaver","floor":12.0,"turns":6.0},{"damage":1.0,"enemies":"Blue Slaver","floor":13.0,"turns":4.0},{"damage":6.0,"enemies":"Large Slime","floor":14.0,"turns":6.0},{"damage":6.0,"enemies":"Slime Boss","floor":16.0,"turns":7.0},{"damage":0.0,"enemies":"Spheric Guardian","floor":18.0,"turns":2.0},{"damage":4.0,"enemies":"Chosen","floor":20.0,"turns":3.0},{"damage":4.0,"enemies":"Centurion and Healer","floor":21.0,"turns":6.0},{"damage":10.0,"enemies":"Replay:Snechameleon","floor":25.0,"turns":6.0},{"damage":0.0,"enemies":"3 Cultists","floor":27.0,"turns":2.0},{"damage":0.0,"enemies":"Sentry and Sphere","floor":28.0,"turns":2.0},{"damage":16.0,"enemies":"Slavers","floor":33.0,"turns":5.0},{"damage":16.0,"enemies":"Collector","floor":35.0,"turns":8.0},{"damage":1.0,"enemies":"Orb Walker","floor":37.0,"turns":3.0},{"damage":15.0,"enemies":"3 Shapes","floor":41.0,"turns":3.0}],"seed_played":"2660145894684079892","potions_obtained":[{"floor":3.0,"key":"GamblersBrew"},{"floor":7.0,"key":"AttackPotion"},{"floor":16.0,"key":"ColorlessPotion"}],"is_trial":false,"path_per_floor":["M","?","M","?","?","R","M","E","T","E","$","M","M","M","R_BF","B",null,"M","?","M","M","?","R","$","E","T","M","M","?","?","PTL","PTL","E","R_BF","B",null,"?","T","?","T","?","E"],"character_chosen":"THE_SILENT","items_purchased":[],"campfire_rested":0,"item_purchase_floors":[],"current_hp_per_floor":[61,61,61,61,61,61,58,53,53,47,47,47,46,40,40,34,61,61,61,57,53,53,53,53,43,43,43,43,43,43,43,43,27,27,11,55,54,54,54,54,39,0,0],"gold":323,"neow_bonus":"RANDOM_COLORLESS_2","is_daily":false,"chose_seed":false,"campfire_upgraded":4,"win_rate":0.0,"timestamp":1610586449,"path_taken":["M","?","M","?","?","R","M","E","T","E","?","M","M","M","R_BF","BOSS","M","?","?","M","?","R","$","E","T","M","M","?","?","PTL","PTL","E","R_BF","BOSS","?","T","?","?","?","E"],"items_purchased_type":[],"build_version":"2020-12-22","purchased_purges":3,"victory":false,"max_hp_per_floor":[70,70,70,70,70,70,70,70,70,70,70,70,70,70,70,70,70,70,70,70,70,70,70,70,70,70,70,70,70,70,70,70,70,70,70,70,70,70,70,70,70,70,70],"card_choices":[{"not_picked":["Magnetism","Poisoned Strike"],"picked":"Apotheosis","floor":0.0},{"not_picked":["Flechettes","Sucker Punch"],"picked":"Blur","floor":1.0},{"not_picked":["ReplayTheSpireMod:Exploit Weakness","Blade Dance"],"picked":"Bouncing Flask","floor":3.0},{"not_picked":["Slice","Concentrate"],"picked":"Acrobatics","floor":5.0},{"not_picked":["All Out Attack","Blade Dance","Outmaneuver"],"picked":"SKIP","floor":7.0},{"not_picked":["Deflect","Dagger Throw"],"picked":"Corpse Explosion","floor":8.0},{"not_picked":["All Out Attack","Sneak Up"],"picked":"ReplayTheSpireMod:Necrosis","floor":10.0},{"not_picked":["Underhanded Strike","Accuracy"],"picked":"Prepared","floor":12.0},{"not_picked":["Dagger Spray","ReplayTheSpireMod:Shiv Toss","Endless Agony"],"picked":"SKIP","floor":12.0},{"not_picked":["Dagger Spray","Sucker Punch","Dagger Throw"],"picked":"SKIP","floor":13.0},{"not_picked":["Leg Sweep","ReplayTheSpireMod:The Works","Infinite Blades"],"picked":"SKIP","floor":13.0},{"not_picked":["Toxin Wave","Accuracy","Outmaneuver"],"picked":"SKIP","floor":14.0},{"not_picked":["Predator","Phantasmal Killer","Riddle With Holes"],"picked":"SKIP","floor":14.0},{"not_picked":["Corpse Explosion","After Image"],"picked":"Burst","floor":16.0},{"not_picked":["Backflip","Quick Slash"],"picked":"Leg Sweep+1","floor":18.0},{"not_picked":["Bane","Poisoned Stab","Dagger Throw"],"picked":"SKIP","floor":18.0},{"not_picked":["Envenom","Cloak And Dagger","Endless Agony"],"picked":"SKIP","floor":20.0},{"not_picked":["ReplayTheSpireMod:Speed Training","Quick Slash","ReplayTheSpireMod:Scrap Shanks+1"],"picked":"SKIP","floor":20.0},{"not_picked":["ReplayTheSpireMod:Speed Training","Concentrate","Backflip"],"picked":"SKIP","floor":21.0},{"not_picked":["ReplayTheSpireMod:Scrap Shanks+1","Blade Dance","ReplayTheSpireMod:Tripwire"],"picked":"SKIP","floor":21.0},{"not_picked":["Dagger Spray","Outmaneuver"],"picked":"Well Laid Plans","floor":25.0},{"not_picked":["Cloak And Dagger","A Thousand Cuts","Backflip"],"picked":"SKIP","floor":27.0},{"not_picked":["Toxin Wave","Dodge and Roll","Quick Slash"],"picked":"SKIP","floor":27.0},{"not_picked":["Flying Knee","Hidden Blade","Blade Dance"],"picked":"SKIP","floor":28.0},{"not_picked":["Dodge and Roll","PiercingWail","Dash"],"picked":"SKIP","floor":28.0},{"not_picked":["Poison Darts","Backstab","PiercingWail"],"picked":"SKIP","floor":33.0},{"not_picked":["A Thousand Cuts","Tools of the Trade"],"picked":"After Image","floor":35.0},{"not_picked":["Dash+1","Sucker Punch","Backflip"],"picked":"SKIP","floor":37.0},{"not_picked":["Slice","Bane","Heel Hook"],"picked":"SKIP","floor":37.0},{"not_picked":["Blade Dance+1","Cloak And Dagger","Sneak Up"],"picked":"SKIP","floor":41.0},{"not_picked":["Outmaneuver+1","Sucker Punch","Well Laid Plans+1"],"picked":"SKIP","floor":41.0}],"player_experience":377113,"relics_obtained":[{"floor":2.0,"key":"Ring of Misfortune"},{"floor":2.0,"key":"Ring of Hypnosis"},{"floor":5.0,"key":"Replay:Arrowhead"},{"floor":8.0,"key":"Prayer Wheel"},{"floor":9.0,"key":"Replay:PocketPolymizer"},{"floor":10.0,"key":"Letter Opener"},{"floor":25.0,"key":"Tiny Chest"},{"floor":26.0,"key":"Paper Crane"},{"floor":33.0,"key":"Akabeko"}],"event_choices":[{"cards_removed":["Hallucinations"],"damage_healed":0.0,"max_hp_gain":0.0,"max_hp_loss":0.0,"gold_gain":0.0,"event_name":"Living Wall","player_choice":"Forget","floor":4.0,"gold_loss":0.0,"damage_taken":0.0},{"damage_healed":0.0,"max_hp_gain":0.0,"max_hp_loss":0.0,"gold_gain":0.0,"event_name":"N\u0027loth","player_choice":"Traded Relic","floor":19.0,"relics_lost":["Ring of Hypnosis"],"gold_loss":0.0,"damage_taken":0.0,"relics_obtained":["Nloth\u0027s Gift"]},{"cards_removed":["Strike_G"],"damage_healed":0.0,"max_hp_gain":0.0,"max_hp_loss":0.0,"gold_gain":0.0,"event_name":"Back to Basics","player_choice":"Elegance","floor":22.0,"gold_loss":0.0,"damage_taken":0.0},{"damage_healed":0.0,"max_hp_gain":0.0,"max_hp_loss":0.0,"gold_gain":0.0,"event_name":"Ghosts","player_choice":"Ignored","floor":29.0,"gold_loss":0.0,"damage_taken":0.0},{"cards_removed":["Defend_G"],"damage_healed":0.0,"max_hp_gain":0.0,"max_hp_loss":0.0,"gold_gain":0.0,"event_name":"Beggar","player_choice":"Gave Gold","floor":30.0,"gold_loss":75.0,"damage_taken":0.0},{"cards_removed":["Strike_G"],"damage_healed":0.0,"max_hp_gain":0.0,"max_hp_loss":0.0,"gold_gain":0.0,"event_name":"Falling","player_choice":"Removed Attack","floor":39.0,"gold_loss":0.0,"damage_taken":0.0}],"is_beta":false,"boss_relics":[{"not_picked":["Replay:Wanted Poster","Philosopher\u0027s Stone"],"picked":"Sozu"},{"not_picked":["Ring of Chaos","Busted Crown"],"picked":"Painkiller Herb"}],"items_purged_floors":[11,24,38],"is_endless":false,"potions_floor_spawned":[3,7,16,25,27,33,35],"killed_by":"R_Hoarder","ascension_level":9}}