{"host":"3y2rtlgteqp2nuo3","time":1610617930,"event":{"mods":["2.2 Compatiblity","AchievementEnabler","BaseMod","Colored Map","DeckTracker","Highlight Path","Keyboard Shortcuts","Minty Spire (QoL Compilation)","Permanent Neow","Quick Restart","StSLib","SuperFastMode","everything is the same but u backflip on backflip"],"gold_per_floor":[114,189,114,124,136,136,136,136,136,155,171,171,271,285,285,383,383,403,0,12,30,210,210,229,34,34,34,48,148,159,175,175,276,276,286,286,97,147,147,147,147,147,201,226,237,62,62,73,73,73,73],"floor_reached":50,"language":"KOR","playtime":1474,"items_purged":["Strike_G","Strike_G","Strike_G","Strike_G","Strike_G"],"score":882,"play_id":"8424db8a-c7a0-4be1-87fa-11d957d963bc","local_time":"20210114185210","is_ascension_mode":true,"campfire_choices":[{"data":"Deadly Poison","floor":6.0,"key":"SMITH"},{"data":"Neutralize","floor":8.0,"key":"SMITH"},{"data":"Phantasmal Killer","floor":12.0,"key":"SMITH"},{"data":"Bouncing Flask","floor":15.0,"key":"SMITH"},{"floor":23.0,"key":"REST"},{"floor":27.0,"key":"REST"},{"floor":32.0,"key":"REST"},{"data":"Catalyst","floor":40.0,"key":"SMITH"},{"data":"Catalyst","floor":41.0,"key":"SMITH"},{"data":"Burst","floor":42.0,"key":"SMITH"},{"floor":49.0,"key":"REST"}],"circlet_count":0,"master_deck":["AscendersBane","Defend_G","Defend_G","Defend_G","Defend_G","Defend_G","Survivor","Neutralize+1","Phantasmal Killer+1","Deadly Poison+1","Backstab","Bouncing Flask+1","Glass Knife","Footwork","Bane","Leg Sweep","Burst+1","Adrenaline","Catalyst+1","PiercingWail+1","Escape Plan+1","Catalyst+1","Adrenaline","Wraith Form v2","Catalyst+1","Calculated Gamble"],"relics":["Ring of the Snake","Prayer Wheel","SlaversCollar","Thread and Needle","Ornamental Fan","Tough Bandages","Singing Bowl","Philosopher\u0027s Stone","WingedGreaves","Anchor","Gambling Chip"],"acts_visited":["Exordium","TheCity","TheBeyond"],"potions_floor_usage":[50],"damage_taken":[{"damage":0.0,"enemies":"Cultist","floor":1.0,"turns":4.0},{"damage":2.0,"enemies":"2 Louse","floor":4.0,"turns":3.0},{"damage":0.0,"enemies":"Small Slimes","floor":5.0,"turns":3.0},{"damage":15.0,"enemies":"Gremlin Gang","floor":10.0,"turns":7.0},{"damage":7.0,"enemies":"3 Louse","floor":11.0,"turns":2.0},{"damage":0.0,"enemies":"Exordium Thugs","floor":14.0,"turns":6.0},{"damage":21.0,"enemies":"Slime Boss","floor":16.0,"turns":13.0},{"damage":4.0,"enemies":"Spheric Guardian","floor":18.0,"turns":3.0},{"damage":0.0,"enemies":"Shell Parasite","floor":20.0,"turns":6.0},{"damage":0.0,"enemies":"Cultist and Chosen","floor":21.0,"turns":4.0},{"damage":17.0,"enemies":"Centurion and Healer","floor":24.0,"turns":8.0},{"damage":4.0,"enemies":"Chosen and Byrds","floor":28.0,"turns":4.0},{"damage":2.0,"enemies":"Colosseum Slavers","floor":29.0,"turns":7.0},{"damage":1.0,"enemies":"Colosseum Nobs","floor":29.0,"turns":7.0},{"damage":18.0,"enemies":"Cultist and Chosen","floor":30.0,"turns":8.0},{"damage":3.0,"enemies":"Snake Plant","floor":31.0,"turns":4.0},{"damage":0.0,"enemies":"Collector","floor":33.0,"turns":3.0},{"damage":0.0,"enemies":"Orb Walker","floor":35.0,"turns":6.0},{"damage":0.0,"enemies":"Mind Bloom Boss Battle","floor":38.0,"turns":5.0},{"damage":27.0,"enemies":"Reptomancer","floor":44.0,"turns":6.0},{"damage":0.0,"enemies":"3 Shapes","floor":45.0,"turns":5.0},{"damage":19.0,"enemies":"Sphere and 2 Shapes","floor":48.0,"turns":4.0},{"damage":81,"enemies":"Awakened One","floor":50,"turns":6}],"seed_played":"-1025353414337700343","potions_obtained":[{"floor":1.0,"key":"SkillPotion"},{"floor":5.0,"key":"Strength Potion"},{"floor":16.0,"key":"PowerPotion"},{"floor":20.0,"key":"ColorlessPotion"},{"floor":28.0,"key":"BlessingOfTheForge"},{"floor":30.0,"key":"Energy Potion"},{"floor":35.0,"key":"SpeedPotion"},{"floor":44.0,"key":"Fruit Juice"},{"floor":48.0,"key":"EssenceOfSteel"}],"is_trial":false,"path_per_floor":["M","?","$","M","M","R","?","R","T","M","M","R","?","M","R","B",null,"M","$","M","M","?","R","M","$","T","R","M","?","M","M","R","B",null,"M","?","$","?","$","R","R","R","T","E","M","$","$","M","R","B"],"character_chosen":"THE_SILENT","items_purchased":["Thread and Needle","Catalyst","Calculated Gamble"],"campfire_rested":4,"item_purchase_floors":[19,25,37],"current_hp_per_floor":[63,52,52,50,50,50,50,50,50,35,28,28,28,28,28,7,49,45,45,45,45,26,44,27,27,27,45,41,40,26,25,46,46,65,67,67,67,69,69,69,69,69,69,49,53,53,53,38,65,0,0],"gold":73,"neow_bonus":"THREE_RARE_CARDS","is_daily":false,"chose_seed":false,"campfire_upgraded":7,"win_rate":0.0,"timestamp":1610617930,"path_taken":["M","?","$","M","M","R","?","R","T","M","M","R","?","M","R","BOSS","M","$","?","M","?","R","M","?","T","R","M","?","M","M","R","BOSS","M","?","$","?","$","R","R","R","T","E","M","?","$","M","R","BOSS"],"items_purchased_type":["Relic","Card","Card"],"build_version":"2020-12-22","purchased_purges":5,"victory":false,"max_hp_per_floor":[63,63,63,63,63,63,63,63,63,63,63,63,63,63,63,63,63,63,63,63,63,63,63,63,63,63,63,63,65,69,71,71,71,71,73,73,73,75,75,75,75,75,75,82,86,86,86,90,90,90,90],"card_choices":[{"not_picked":["Venomology","Burst"],"picked":"Phantasmal Killer","floor":0.0},{"not_picked":["Skewer","Prepared"],"picked":"Deadly Poison","floor":1.0},{"not_picked":["Concentrate","Dodge and Roll"],"picked":"Backstab","floor":4.0},{"not_picked":["Poisoned Stab","Dodge and Roll"],"picked":"Bouncing Flask","floor":5.0},{"not_picked":["PiercingWail","Concentrate"],"picked":"Glass Knife","floor":10.0},{"not_picked":["Prepared","Backflip"],"picked":"Footwork","floor":10.0},{"not_picked":["Slice","Poisoned Stab"],"picked":"Bane","floor":11.0},{"not_picked":["Deflect","Backflip","Sucker Punch"],"picked":"SKIP","floor":11.0},{"not_picked":["Setup","Poisoned Stab"],"picked":"Leg Sweep","floor":14.0},{"not_picked":["Acrobatics","Outmaneuver"],"picked":"Burst","floor":14.0},{"not_picked":["Phantasmal Killer","Grand Finale"],"picked":"Adrenaline","floor":16.0},{"not_picked":["Deflect","Bane"],"picked":"Catalyst","floor":18.0},{"not_picked":["Bouncing Flask","Blade Dance","All Out Attack+1"],"picked":"SKIP","floor":18.0},{"not_picked":["Cloak And Dagger","Outmaneuver","Backflip"],"picked":"SKIP","floor":20.0},{"not_picked":["Dash","Slice","Dagger Throw+1"],"picked":"SKIP","floor":20.0},{"not_picked":["Calculated Gamble","Slice"],"picked":"PiercingWail+1","floor":21.0},{"not_picked":["Backflip","Burst","Predator"],"picked":"SKIP","floor":21.0},{"not_picked":["Quick Slash","Dagger Throw"],"picked":"Escape Plan+1","floor":24.0},{"not_picked":["Eviscerate","Calculated Gamble","Backflip"],"picked":"SKIP","floor":24.0},{"not_picked":["All Out Attack","Cloak And Dagger","Blade Dance"],"picked":"SKIP","floor":28.0},{"not_picked":["Bane","Outmaneuver","Accuracy"],"picked":"SKIP","floor":28.0},{"not_picked":["Slice","Dagger Spray+1","Sucker Punch"],"picked":"Singing Bowl","floor":29.0},{"not_picked":["Outmaneuver","Infinite Blades","Quick Slash"],"picked":"Singing Bowl","floor":30.0},{"not_picked":["Acrobatics","Skewer","Flying Knee"],"picked":"Singing Bowl","floor":30.0},{"not_picked":["Predator","Dodge and Roll","PiercingWail"],"picked":"Singing Bowl","floor":31.0},{"not_picked":["Backflip","Predator"],"picked":"Adrenaline","floor":31.0},{"not_picked":["Phantasmal Killer","Burst"],"picked":"Wraith Form v2","floor":33.0},{"not_picked":["Flying Knee","Deadly Poison"],"picked":"Catalyst+1","floor":35.0},{"not_picked":["Poisoned Stab","Blur","Dodge and Roll+1"],"picked":"Singing Bowl","floor":35.0},{"not_picked":["Dagger Spray","PiercingWail","Deflect"],"picked":"Singing Bowl","floor":38.0},{"not_picked":["Expertise+1","Infinite Blades+1","All Out Attack+1"],"picked":"Singing Bowl","floor":44.0},{"not_picked":["Footwork","Backflip","Flying Knee"],"picked":"Singing Bowl","floor":45.0},{"not_picked":["Footwork","Dodge and Roll","Backflip"],"picked":"Singing Bowl","floor":45.0},{"not_picked":["Bane","Underhanded Strike+1","Sucker Punch"],"picked":"Singing Bowl","floor":48.0},{"not_picked":["Outmaneuver","Finisher","Blade Dance"],"picked":"Singing Bowl","floor":48.0}],"player_experience":689182,"relics_obtained":[{"floor":9.0,"key":"Prayer Wheel"},{"floor":26.0,"key":"Ornamental Fan"},{"floor":29.0,"key":"Tough Bandages"},{"floor":29.0,"key":"Singing Bowl"},{"floor":38.0,"key":"WingedGreaves"},{"floor":43.0,"key":"Anchor"},{"floor":44.0,"key":"Gambling Chip"}],"event_choices":[{"damage_healed":0.0,"max_hp_gain":0.0,"max_hp_loss":0.0,"gold_gain":75.0,"event_name":"World of Goop","player_choice":"Gather Gold","floor":2.0,"gold_loss":0.0,"damage_taken":11.0},{"damage_healed":0.0,"max_hp_gain":0.0,"max_hp_loss":0.0,"gold_gain":0.0,"event_name":"Shining Light","player_choice":"Ignored","floor":7.0,"gold_loss":0.0,"damage_taken":0.0},{"damage_healed":0.0,"max_hp_gain":0.0,"max_hp_loss":0.0,"gold_gain":100.0,"event_name":"Golden Shrine","player_choice":"Pray","floor":13.0,"gold_loss":0.0,"damage_taken":0.0},{"damage_healed":0.0,"max_hp_gain":0.0,"max_hp_loss":0.0,"gold_gain":180.0,"event_name":"Knowing Skull","player_choice":"GOLD GOLD ","floor":22.0,"potions_obtained":[],"gold_loss":0.0,"damage_taken":19.0,"cards_obtained":[]},{"damage_healed":0.0,"max_hp_gain":0.0,"max_hp_loss":0.0,"gold_gain":0.0,"event_name":"Colosseum","player_choice":"Fight","floor":29.0,"gold_loss":0.0,"damage_taken":0.0},{"damage_healed":0.0,"max_hp_gain":0.0,"max_hp_loss":0.0,"gold_gain":0.0,"event_name":"Colosseum","player_choice":"Fought Nobs","floor":29.0,"gold_loss":0.0,"damage_taken":0.0},{"damage_healed":0.0,"max_hp_gain":0.0,"max_hp_loss":0.0,"gold_gain":0.0,"event_name":"Tomb of Lord Red Mask","player_choice":"Ignored","floor":36.0,"gold_loss":0.0,"damage_taken":0.0},{"damage_healed":0.0,"max_hp_gain":0.0,"max_hp_loss":0.0,"gold_gain":0.0,"event_name":"MindBloom","player_choice":"Fight","floor":38.0,"gold_loss":0.0,"damage_taken":0.0}],"is_beta":false,"boss_relics":[{"not_picked":["Tiny House","Calling Bell"],"picked":"SlaversCollar"},{"not_picked":["Snecko Eye","Empty Cage"],"picked":"Philosopher\u0027s Stone"}],"items_purged_floors":[3,19,25,37,46],"is_endless":false,"potions_floor_spawned":[1,5,16,20,28,30,31,35,44,48],"killed_by":"Awakened One","ascension_level":11}}