{"host":"oehe2dxjvdgux73m","time":1610604910,"event":{"mods":["AchievementEnabler","BaseMod","Colored Map","Colored Powertips","DeckTracker","Keyboard Shortcuts","Minty Spire (QoL Compilation)","Permanent Neow","Quick Restart","StSLib","SuperFastMode"],"gold_per_floor":[118,193,204,60,77,77,94,119,196,196,196,223,241,241,241,241,241],"floor_reached":16,"language":"KOR","playtime":419,"items_purged":[],"score":187,"play_id":"46dd33b4-cdfe-4ea7-bdca-667fb6b963e6","local_time":"20210114151510","is_ascension_mode":true,"campfire_choices":[{"data":"Dagger Spray","floor":6.0,"key":"SMITH"},{"floor":10.0,"key":"REST"},{"floor":15.0,"key":"REST"}],"circlet_count":0,"master_deck":["AscendersBane","Strike_G","Strike_G","Strike_G","Strike_G","Defend_G","Defend_G","Defend_G","Defend_G","Defend_G","Survivor","Neutralize","Adrenaline","PiercingWail","Masterful Stab","Dagger Spray+1","Calculated Gamble","Backflip","Dash","Bullet Time"],"relics":["Ring of the Snake","Toy Ornithopter","Thread and Needle","InkBottle","Potion Belt","Meat on the Bone"],"acts_visited":["Exordium"],"potions_floor_usage":[16],"damage_taken":[{"damage":6.0,"enemies":"Small Slimes","floor":1.0,"turns":5.0},{"damage":0.0,"enemies":"2 Louse","floor":3.0,"turns":2.0},{"damage":0.0,"enemies":"Cultist","floor":5.0,"turns":3.0},{"damage":3.0,"enemies":"Looter","floor":7.0,"turns":3.0},{"damage":30.0,"enemies":"Lagavulin","floor":8.0,"turns":7.0},{"damage":8.0,"enemies":"Gremlin Nob","floor":12.0,"turns":4.0},{"damage":0.0,"enemies":"2 Fungi Beasts","floor":13.0,"turns":2.0},{"damage":53,"enemies":"Slime Boss","floor":16,"turns":13}],"seed_played":"4311722261307751418","potions_obtained":[{"floor":3.0,"key":"Swift Potion"},{"floor":5.0,"key":"GhostInAJar"}],"is_trial":false,"path_per_floor":["M","?","M","$","M","R","M","E","T","R","?","E","M","?","R","B"],"character_chosen":"THE_SILENT","items_purchased":["Toy Ornithopter"],"campfire_rested":2,"item_purchase_floors":[4],"current_hp_per_floor":[53,42,42,42,42,42,39,9,9,28,28,25,25,22,41,0,0],"gold":241,"neow_bonus":"ONE_RANDOM_RARE_CARD","is_daily":false,"chose_seed":false,"campfire_upgraded":1,"win_rate":0.0,"timestamp":1610604910,"path_taken":["M","?","M","$","M","R","M","E","T","R","?","E","?","?","R","BOSS"],"items_purchased_type":["Relic"],"build_version":"2020-12-22","purchased_purges":0,"victory":false,"max_hp_per_floor":[66,66,66,66,66,66,66,66,66,66,66,66,66,66,66,66,66],"card_choices":[{"not_picked":["Footwork","Outmaneuver"],"picked":"PiercingWail","floor":1.0},{"not_picked":["Prepared","Acrobatics"],"picked":"Masterful Stab","floor":3.0},{"not_picked":["Eviscerate","Choke"],"picked":"Dagger Spray","floor":5.0},{"not_picked":["Underhanded Strike","Prepared"],"picked":"Calculated Gamble","floor":7.0},{"not_picked":["Distraction","Caltrops"],"picked":"Backflip","floor":8.0},{"not_picked":["Bane","Prepared"],"picked":"Bullet Time","floor":12.0},{"not_picked":["Deadly Poison","Dagger Spray","Deflect"],"picked":"SKIP","floor":13.0}],"player_experience":178853,"relics_obtained":[{"floor":8.0,"key":"Thread and Needle"},{"floor":9.0,"key":"InkBottle"},{"floor":12.0,"key":"Potion Belt"}],"event_choices":[{"damage_healed":0.0,"max_hp_gain":0.0,"max_hp_loss":0.0,"gold_gain":75.0,"event_name":"World of Goop","player_choice":"Gather Gold","floor":2.0,"gold_loss":0.0,"damage_taken":11.0},{"damage_healed":0.0,"max_hp_gain":0.0,"max_hp_loss":0.0,"gold_gain":0.0,"cards_transformed":["Strike_G"],"event_name":"Transmorgrifier","player_choice":"Transformed","floor":11.0,"gold_loss":0.0,"damage_taken":0.0,"cards_obtained":["Dash"]},{"damage_healed":0.0,"max_hp_gain":0.0,"max_hp_loss":0.0,"gold_gain":0.0,"event_name":"Scrap Ooze","player_choice":"Success","floor":14.0,"gold_loss":0.0,"damage_taken":3.0,"relics_obtained":["Meat on the Bone"]}],"is_beta":false,"boss_relics":[],"items_purged_floors":[],"is_endless":false,"potions_floor_spawned":[3,5],"killed_by":"Slime Boss","ascension_level":14}}