{"host":"wogey4gsknv4ot2d","time":1610612806,"event":{"mods":["AchievementEnabler","BaseMod","Bestiary","Colored Map","Colored Powertips","Googly Eyes","Key Reminder","Minty Spire (QoL Compilation)","Permanent Neow","Rare Cards Sparkle","Relic Stats","The IronCluck","slay the spire mod where everything is the same but ironclad has a cowboy hat"],"gold_per_floor":[109,119,136,154,154,154,189,189,189,219,290,308,308,319,319,423,423,441,391,203,215,231,231,231,231,231],"floor_reached":25,"language":"ENG","playtime":860,"items_purged":[],"score":203,"play_id":"ca45dda7-11ed-445d-93e7-9cb771c03abc","local_time":"20210114022646","is_ascension_mode":false,"campfire_choices":[{"data":"Hemokinesis","floor":6,"key":"SMITH"},{"data":"Iron Wave","floor":8,"key":"SMITH"},{"floor":15,"key":"REST"},{"floor":23,"key":"REST"}],"circlet_count":0,"master_deck":["Strike_R","Strike_R","Strike_R","Strike_R","Strike_R","Defend_R","Defend_R","Defend_R","Defend_R","Bash+1","Hemokinesis+1","Clothesline","Iron Wave+1","Entrench","Disarm","Iron Wave","Cleave","Feed","Clothesline","Intimidate","Sword Boomerang","Thunderclap","J.A.X."],"relics":["Black Blood","Toy Ornithopter","Question Card","Mummified Hand","Lee\u0027s Waffle"],"acts_visited":["Exordium","TheCity"],"potions_floor_usage":[7,16,18],"damage_taken":[{"damage":10,"enemies":"Cultist","floor":1,"turns":4},{"damage":2,"enemies":"2 Louse","floor":2,"turns":2},{"damage":12,"enemies":"Small Slimes","floor":3,"turns":3},{"damage":23,"enemies":"Exordium Thugs","floor":4,"turns":4},{"damage":11,"enemies":"Lagavulin","floor":7,"turns":5},{"damage":26,"enemies":"Lots of Slimes","floor":12,"turns":5},{"damage":13,"enemies":"Looter","floor":14,"turns":3},{"damage":34,"enemies":"Hexaghost","floor":16,"turns":12},{"damage":34,"enemies":"Shell Parasite","floor":18,"turns":5},{"damage":12,"enemies":"Chosen","floor":21,"turns":5},{"damage":64,"enemies":"3 Cultists","floor":22,"turns":8},{"damage":70,"enemies":"Book of Stabbing","floor":25,"turns":8}],"seed_played":"7521211672894772158","potions_obtained":[{"floor":1,"key":"BlessingOfTheForge"},{"floor":12,"key":"HeartOfIron"},{"floor":16,"key":"LiquidBronze"}],"is_trial":false,"path_per_floor":["M","M","M","M","?","R","E","R","T","?","?","M","?","M","R","B",null,"M","?","$","M","M","R","?","E"],"character_chosen":"IRONCLAD","items_purchased":["Lee\u0027s Waffle","Intimidate"],"campfire_rested":2,"item_purchase_floors":[20,20],"current_hp_per_floor":[76,80,74,57,62,62,62,62,62,62,62,42,42,35,60,37,85,65,65,92,92,40,67,67,0,0],"gold":231,"neow_bonus":"RANDOM_COMMON_RELIC","is_daily":false,"chose_seed":false,"campfire_upgraded":2,"win_rate":0.0,"timestamp":1610612806,"path_taken":["M","M","M","M","?","R","E","R","T","?","?","M","?","M","R","BOSS","M","?","?","?","M","R","?","E"],"items_purchased_type":["Relic","Card"],"build_version":"2020-12-22","purchased_purges":0,"victory":false,"max_hp_per_floor":[80,80,80,80,85,85,85,85,85,85,85,85,85,85,85,85,85,85,85,92,92,92,92,92,92,92],"relic_stats":{"Lee\u0027s Waffle":27,"counters":[12,64],"Mummified Hand":[0],"Black Blood":84,"Question Card":6,"obtain_stats":[{"Lee\u0027s Waffle":20,"Mummified Hand":9,"Black Blood":17,"Question Card":7,"Burning Blood":0,"Toy Ornithopter":0},{"Lee\u0027s Waffle":9,"Mummified Hand":5,"Black Blood":8,"Question Card":5,"Burning Blood":0,"Toy Ornithopter":0},{"Lee\u0027s Waffle":43,"Mummified Hand":18,"Black Blood":38,"Question Card":18,"Burning Blood":0,"Toy Ornithopter":0}],"Toy Ornithopter":12},"card_choices":[{"not_picked":["Flame Barrier","Wild Strike"],"picked":"Hemokinesis","floor":1},{"not_picked":["Shrug It Off","Heavy Blade"],"picked":"Clothesline","floor":2},{"not_picked":["Evolve","Dual Wield"],"picked":"Iron Wave","floor":3},{"not_picked":["Wild Strike","Feel No Pain"],"picked":"Entrench","floor":4},{"not_picked":["Infernal Blade","Perfected Strike"],"picked":"Disarm","floor":7},{"not_picked":["Body Slam","Headbutt","Feel No Pain"],"picked":"Iron Wave","floor":12},{"not_picked":["Thunderclap","Anger","True Grit"],"picked":"Cleave","floor":14},{"not_picked":["Fiend Fire","Impervious","Barricade"],"picked":"Feed","floor":16},{"not_picked":["Headbutt","Feel No Pain","Second Wind"],"picked":"Clothesline","floor":18},{"not_picked":["Shrug It Off","Pommel Strike","Blood for Blood+1"],"picked":"Sword Boomerang","floor":21},{"not_picked":["Searing Blow","Intimidate","Headbutt"],"picked":"Thunderclap","floor":22}],"player_experience":29928,"relics_obtained":[{"floor":7,"key":"Question Card"},{"floor":9,"key":"Mummified Hand"}],"event_choices":[{"damage_healed":0,"gold_gain":0,"player_choice":"Donut","damage_taken":0,"max_hp_gain":5,"max_hp_loss":0,"event_name":"Big Fish","floor":5,"gold_loss":0},{"damage_healed":0,"gold_gain":30,"player_choice":"Searched \u00271\u0027 times","damage_taken":0,"max_hp_gain":0,"max_hp_loss":0,"event_name":"Dead Adventurer","floor":10,"gold_loss":0},{"damage_healed":0,"gold_gain":71,"player_choice":"Gained Gold","damage_taken":0,"max_hp_gain":0,"max_hp_loss":0,"event_name":"Golden Wing","floor":11,"gold_loss":0},{"damage_healed":0,"gold_gain":0,"player_choice":"Upgraded","damage_taken":0,"max_hp_gain":0,"max_hp_loss":0,"event_name":"Upgrade Shrine","floor":13,"gold_loss":0,"cards_upgraded":["Bash"]},{"damage_healed":0,"gold_gain":0,"player_choice":"Bet on Murderer","damage_taken":0,"max_hp_gain":0,"max_hp_loss":0,"event_name":"The Joust","floor":19,"gold_loss":50},{"damage_healed":0,"gold_gain":0,"player_choice":"Obtain J.A.X.","damage_taken":0,"max_hp_gain":0,"max_hp_loss":0,"event_name":"Drug Dealer","floor":24,"gold_loss":0,"cards_obtained":["J.A.X."]}],"is_beta":false,"boss_relics":[{"not_picked":["Empty Cage","Cursed Key"],"picked":"Black Blood"}],"items_purged_floors":[],"is_endless":false,"potions_floor_spawned":[1,12,14,16],"killed_by":"Book of Stabbing","ascension_level":0}}