{"host":"45gjn1i9lq2ky2i9","time":1610634675,"event":{"mods":["2.2 Compatiblity","Act Like it!","Aspiration","Bard","BaseMod","Beaked The Cultist","Better Altar","Better Match","Better Note","Better Sensory Stone","Better Skull","Better Third Choice","Better Vampires","Conspire","Downfall","Halation","Hubris","Infinite Spire","Jedi Mod","Lobotomy","LobotomyExtend","Minty Spire (QoL Compilation)","Pale of the Ancients","Permanent Neow","Replay The Spire","Shop Mod","Spikes Relics","StSLib","The Mystic","The Runesmith","The Wild Card"],"gold_per_floor":[60,98,98,148,188,241,280,311,362,362,60,76,88,121,121,199,199,231,231,231,231,262,262,262,262,262,312,385,395,507,548,548,623,623,664,664,664,704,720,720,233,268,268,281,281,326,336,366,366,366,366],"floor_reached":52,"language":"RUS","playtime":2215,"items_purged":["Strike_B","Defend_B","jedi:reiji"],"score":1274,"play_id":"3e62c5bd-89c4-487a-a3c6-6f21981d03a0","local_time":"20210114223115","is_ascension_mode":true,"campfire_choices":[{"floor":10,"key":"REST"},{"floor":15,"key":"REST"},{"data":"HandOfGreed","floor":23,"key":"SMITH"},{"floor":25,"key":"REST"},{"data":"Defragment","floor":32,"key":"SMITH"},{"data":"Seek","floor":40,"key":"SMITH"},{"data":"ReplayTheSpireMod:Calculation Training","floor":45,"key":"SMITH"},{"floor":49,"key":"REST"}],"circlet_count":0,"master_deck":["AscendersBane","Strike_B","Strike_B","Strike_B","Defend_B","Defend_B","Defend_B","Zap","Dualcast","HandOfGreed+1","hubris:PowerSurge","Conserve Battery","Gash","Glacier","White Noise+1","Defragment+1","ReplayTheSpireMod:Calculation Training+1","Seek+1","Necronomicurse","Reinforced Body","jedi:locknload","Self Repair+1","Core Surge","conspire:SharedLibrary","Core Surge","ReplaySort+1","FIFO Queue","hubris:NaturalOne","infinitespire:Gouge","Capacitor+1","White Noise+1"],"relics":["Cracked Core","hubris:Towel","betterAltar:BloodRelic","Dream Catcher","Tiny Chest","CosmicIsotope","Necronomicon","hubris:Icosahedron","AncientExoskeleton","infinitespire:ShieldingShard","jedi:gremlinknob","Pantograph","Prayer Wheel","Pondfish Scales","Carrot","MerchantsRug","Lizard Tail","Guardian:PocketSentry"],"acts_visited":["Exordium","TheCity","TheBeyond"],"potions_floor_usage":[6,16,16,16,16,33,50],"damage_taken":[{"damage":3,"enemies":"Small Slimes","floor":1,"turns":4},{"damage":4,"enemies":"2 Louse","floor":2,"turns":2},{"damage":0,"enemies":"Cultist","floor":5,"turns":3},{"damage":29,"enemies":"Gremlin Nob","floor":6,"turns":4},{"damage":7,"enemies":"Looter","floor":7,"turns":4},{"damage":0,"enemies":"2 Fungi Beasts","floor":8,"turns":3},{"damage":3,"enemies":"Large Slime","floor":12,"turns":4},{"damage":1,"enemies":"Looter","floor":13,"turns":3},{"damage":12,"enemies":"3 Louse","floor":14,"turns":3},{"damage":9,"enemies":"Fading Forest","floor":16,"turns":11},{"damage":12,"enemies":"Chosen","floor":18,"turns":10},{"damage":0,"enemies":"Spheric Guardian","floor":22,"turns":5},{"damage":0,"enemies":"Book of Stabbing","floor":27,"turns":5},{"damage":5,"enemies":"Centurion and Healer","floor":29,"turns":4},{"damage":0,"enemies":"Snecko","floor":30,"turns":5},{"damage":0,"enemies":"Shelled Parasite and Fungi","floor":31,"turns":6},{"damage":53,"enemies":"Champ","floor":33,"turns":8},{"damage":1,"enemies":"Orb Walker","floor":35,"turns":4},{"damage":12,"enemies":"3 Darklings","floor":38,"turns":8},{"damage":0,"enemies":"Maw","floor":39,"turns":8},{"damage":10,"enemies":"Writhing Mass","floor":42,"turns":6},{"damage":0,"enemies":"Transient","floor":44,"turns":5},{"damage":7,"enemies":"Jaw Worm Horde","floor":46,"turns":5},{"damage":13,"enemies":"3 Darklings","floor":47,"turns":7},{"damage":18,"enemies":"Nightmare","floor":48,"turns":8},{"damage":44,"enemies":"Time Eater","floor":50,"turns":11}],"seed_played":"5247964072961492077","potions_obtained":[{"floor":2,"key":"BlessingOfTheForge"},{"floor":7,"key":"LifebloodPotion"},{"floor":13,"key":"EntropicBrew"},{"floor":16,"key":"Dexterity Potion"},{"floor":22,"key":"GamblersBrew"},{"floor":33,"key":"Guardian:BlockOnCardUsePotion"},{"floor":35,"key":"DuplicationPotion"}],"is_trial":false,"path_per_floor":["M","M","?","?","M","E","M","M","T","R","$","M","M","M","R","B",null,"M","?","?","AVR","M","R","?","R","T","E","T","M","M","M","R","B",null,"M","AVR","?","M","M","R","$","M","T","M","R","M","M","NM","R","B",null,null],"character_chosen":"DEFECT","items_purchased":["Defragment","Tiny Chest","Carrot","MerchantsRug"],"campfire_rested":4,"item_purchase_floors":[11,11,41,41],"current_hp_per_floor":[61,57,57,57,57,28,23,25,25,46,46,45,46,36,57,50,66,56,35,35,35,37,37,33,54,54,58,58,57,71,71,71,28,60,64,64,64,67,71,71,71,71,71,71,71,71,68,63,71,37,37],"gold":366,"neow_bonus":"RANDOM_COLORLESS_2","is_daily":false,"chose_seed":false,"campfire_upgraded":4,"win_rate":0.0,"timestamp":1610634675,"path_taken":["M","M","?","?","M","E","M","?","T","R","$","M","M","M","R","BOSS","M","?","?","AVR","M","R","?","R","T","E","?","M","M","M","R","BOSS","M","AVR","?","M","M","R","$","M","T","M","R","M","M","NM","R","BOSS"],"items_purchased_type":["Card","Relic","Relic","Relic"],"build_version":"2020-12-22","purchased_purges":3,"victory":true,"max_hp_per_floor":[71,71,71,71,71,71,71,71,71,71,71,71,71,71,71,71,71,71,71,71,71,71,71,71,71,71,71,71,71,71,71,71,71,71,71,71,71,71,71,71,71,71,71,71,71,71,71,71,71,71,71],"card_choices":[{"not_picked":["Poisoned Strike","Master of Strategy"],"picked":"HandOfGreed","floor":0},{"not_picked":["Hello World","Force Field"],"picked":"hubris:PowerSurge","floor":1},{"not_picked":["Blizzard","Go for the Eyes"],"picked":"Conserve Battery","floor":2},{"not_picked":["Sweeping Beam","Panic Button"],"picked":"Gash","floor":5},{"not_picked":["Redo","Barrage"],"picked":"Glacier","floor":6},{"not_picked":["Panic Button","Redo","DiskWipe"],"picked":"SKIP","floor":7},{"not_picked":["Stack","Double Energy","hubris:PowerSurge"],"picked":"SKIP","floor":8},{"not_picked":["ReplayTheSpireMod:Repulse","ReplayRNGCard"],"picked":"White Noise","floor":10},{"not_picked":["Fusion","jedi:BurstLightning","Steam Power"],"picked":"SKIP","floor":12},{"not_picked":["Ball Lightning","Gash"],"picked":"ReplayTheSpireMod:Calculation Training","floor":13},{"not_picked":["Barrage","jedi:blockon","Tempest"],"picked":"SKIP","floor":14},{"not_picked":["hubris:DoWhile","ReplayTheSpireMod:Fabricate Wheel"],"picked":"Seek","floor":16},{"not_picked":["jedi:BurstFrost","Darkness"],"picked":"jedi:reiji","floor":18},{"not_picked":["Beam Cell","Leap"],"picked":"Reinforced Body","floor":22},{"not_picked":["jedi:spotbugs","jedi:markofdeath"],"picked":"jedi:locknload","floor":25},{"not_picked":["Redo","jedi:blockon","Conserve Battery"],"picked":"SKIP","floor":27},{"not_picked":["Barrage","Sweeping Beam+1"],"picked":"Self Repair+1","floor":29},{"not_picked":["ReplayTheSpireMod:Repulse","jedi:BurstFrost","Turbo+1"],"picked":"SKIP","floor":30},{"not_picked":["Tempest","Sunder","Ball Lightning"],"picked":"SKIP","floor":31},{"not_picked":["Fission","Biased Cognition"],"picked":"Core Surge","floor":33},{"not_picked":["Reinforced Body","Stack"],"picked":"conspire:SharedLibrary","floor":35},{"not_picked":["Reprogram","Cold Snap+1","Coolheaded"],"picked":"SKIP","floor":35},{"not_picked":["Rebound","Hologram+1","Panic Button+1"],"picked":"SKIP","floor":38},{"not_picked":["Reprogram","Conserve Battery","Coolheaded"],"picked":"SKIP","floor":38},{"not_picked":["Static Discharge+1","Blizzard"],"picked":"Core Surge","floor":39},{"not_picked":["Turbo","Rebound","Rip and Tear"],"picked":"SKIP","floor":39},{"not_picked":["Core Surge","Stack","Turbo"],"picked":"SKIP","floor":42},{"not_picked":["Aggregate+1","Sweeping Beam+1","Steam"],"picked":"SKIP","floor":42},{"not_picked":["Static Discharge","Rebound+1","Chaos+1"],"picked":"SKIP","floor":44},{"not_picked":["Beam Cell","Consume","Cold Snap"],"picked":"SKIP","floor":44},{"not_picked":["Beam Cell","Panic Button","Leap"],"picked":"SKIP","floor":46},{"not_picked":["Stack","ReplaySort+1","Coolheaded"],"picked":"SKIP","floor":46},{"not_picked":["Stack","Coolheaded"],"picked":"ReplaySort+1","floor":46},{"not_picked":["Beam Cell","Panic Button","Leap"],"picked":"SKIP","floor":46},{"not_picked":["jedi:bruteforce","Hologram"],"picked":"FIFO Queue","floor":47},{"not_picked":["Rip and Tear","Gash","Streamline+1"],"picked":"SKIP","floor":47},{"not_picked":["infinitespire:TheBestDefense","infinitespire:FutureSight"],"picked":"infinitespire:Gouge","floor":48},{"not_picked":["Aggregate","Stack"],"picked":"Capacitor+1","floor":48},{"not_picked":["Coolheaded+1","Compile Driver"],"picked":"White Noise+1","floor":49}],"player_experience":540418,"relics_obtained":[{"floor":6,"key":"Blood Vial"},{"floor":9,"key":"Dream Catcher"},{"floor":19,"key":"Necronomicon"},{"floor":26,"key":"infinitespire:ShieldingShard"},{"floor":27,"key":"jedi:gremlinknob"},{"floor":28,"key":"Pantograph"},{"floor":43,"key":"Lizard Tail"},{"floor":48,"key":"Guardian:PocketSentry"}],"event_choices":[{"damage_healed":0,"gold_gain":50,"player_choice":"Pray","damage_taken":0,"max_hp_gain":0,"max_hp_loss":0,"event_name":"Golden Shrine","floor":4,"gold_loss":0},{"damage_healed":0,"gold_gain":0,"player_choice":"Obtained Book","damage_taken":21,"max_hp_gain":0,"max_hp_loss":0,"event_name":"Cursed Tome","floor":19,"gold_loss":0},{"damage_healed":0,"gold_gain":0,"player_choice":" RottenVial ","damage_taken":4,"relics_obtained":["betterAltar:BloodRelic"],"max_hp_gain":37,"max_hp_loss":33,"event_name":"betterAltar:BetterAltar","floor":24,"potions_obtained":[],"relics_lost":["Blood Vial"],"gold_loss":0}],"is_beta":false,"boss_relics":[{"not_picked":["hubris:ScarierMask","Replay:Wanted Poster"],"picked":"CosmicIsotope"},{"not_picked":["Replay:Drink Me","hubris:GrandSneckoEye","Snecko Eye"]}],"items_purged_floors":[11,36,41],"is_endless":false,"potions_floor_spawned":[2,7,13,14,16,22,27,29,31,33,35,38,42],"ascension_level":15}}