{"host":"saki","time":1610609078,"event":{"mods":["BaseMod","Marisa£®ÏF”Í°°ƒß¿Ì…≥£©","Minty Spire (QoL Compilation)","StSLib","TestMod","Waifu the Spire"],"gold_per_floor":[115,115,125,140,157,157,173,200,200,200,225,225,245,262,262,362,362,380,415,460,495,126,151,194,194,246,246,278,278,314,314,314,440,440,478,177,192,205,205,239,239,270,296,326,326,326,336,87,87,87],"floor_reached":51,"language":"ZHS","playtime":2802,"items_purged":["SuperNova+1","WitchOfGreed+1","BinaryStars"],"score":1120,"play_id":"91767345-296c-426a-a0bd-acd183344b38","local_time":"20210114152438","is_ascension_mode":true,"campfire_choices":[{"data":"OortCloud","floor":6,"key":"SMITH"},{"data":"MysteriousBeam","floor":12,"key":"SMITH"},{"data":"OortCloud","floor":15,"key":"SMITH"},{"data":"MachineGunSpark","floor":25,"key":"SMITH"},{"data":"SprinkleStarSeal","floor":27,"key":"SMITH"},{"data":"CasketOfStar","floor":29,"key":"SMITH"},{"data":"MilkyWay","floor":32,"key":"SMITH"},{"data":"OortCloud","floor":41,"key":"SMITH"},{"data":"MillisecondPulsars","floor":49,"key":"SMITH"}],"circlet_count":0,"master_deck":["Strike_MRS","Defend_MRS","Defend_MRS+1","Defend_MRS","Defend_MRS","MasterSpark","UpSweep","OortCloud+1","PropBag","ManaConvection","PropBag","MysteriousBeam+1","OortCloud+1","PowerUp+1","MilkyWay+1","CasketOfStar+1","SprinkleStarSeal+1","MachineGunSpark+1","OortCloud+1","TreasureHunter","UnstableBomb+1","PowerUp","MillisecondPulsars+1","SuperPerseids","PowerUp","CasketOfStar","GrandCross+1","PropBag","DoubleSpark","UltimateShortwave"],"relics":["BewitchedHakkero","testmod-TestBox","testmod-SaigiyounoYou","NeowsBlessing","testmod-LifeArmor","Du-Vu Doll","Sundial","Runic Pyramid","testmod-Charity","Bird Faced Urn","testmod-AssaultLearning","Bronze Scales","Blood Vial","testmod-InjuryResistance","War Paint","PreservedInsect","Vajra","testmod-IndustrialRevolution","Singing Bowl","Smiling Mask","HornCleat","Juzu Bracelet"],"acts_visited":["Exordium","TheCity","TheBeyond"],"potions_floor_usage":[8,13,16,20,23,23,30,37,42,50],"damage_taken":[{"damage":0,"enemies":"Jaw Worm","floor":1,"turns":1},{"damage":0,"enemies":"Cultist","floor":3,"turns":1},{"damage":0,"enemies":"Small Slimes","floor":4,"turns":1},{"damage":9,"enemies":"Gremlin Gang","floor":5,"turns":5},{"damage":16,"enemies":"Lots of Slimes","floor":7,"turns":6},{"damage":7,"enemies":"Lagavulin","floor":8,"turns":5},{"damage":33,"enemies":"3 Sentries","floor":11,"turns":8},{"damage":6,"enemies":"Large Slime","floor":13,"turns":5},{"damage":5,"enemies":"Exordium Wildlife","floor":14,"turns":3},{"damage":6,"enemies":"The Guardian","floor":16,"turns":8},{"damage":18,"enemies":"3 Byrds","floor":18,"turns":6},{"damage":9,"enemies":"Shell Parasite","floor":19,"turns":5},{"damage":13,"enemies":"Shelled Parasite and Fungi","floor":20,"turns":7},{"damage":12,"enemies":"Snake Plant","floor":21,"turns":6},{"damage":18,"enemies":"Gremlin Leader","floor":23,"turns":4},{"damage":0,"enemies":"Snecko","floor":24,"turns":7},{"damage":30,"enemies":"Book of Stabbing","floor":28,"turns":4},{"damage":3,"enemies":"3 Cultists","floor":30,"turns":4},{"damage":6,"enemies":"Champ","floor":33,"turns":9},{"damage":49,"enemies":"3 Shapes","floor":35,"turns":5},{"damage":5,"enemies":"Orb Walker","floor":37,"turns":4},{"damage":0,"enemies":"Maw","floor":38,"turns":7},{"damage":5,"enemies":"Nemesis","floor":40,"turns":7},{"damage":24,"enemies":"Reptomancer","floor":42,"turns":6},{"damage":0,"enemies":"Nemesis","floor":44,"turns":7},{"damage":13,"enemies":"3 Darklings","floor":47,"turns":5},{"damage":52,"enemies":"Time Eater","floor":50,"turns":6}],"seed_played":"-1008256369300809301","potions_obtained":[{"floor":1,"key":"ColorlessPotion"},{"floor":2,"key":"Fire Potion"},{"floor":2,"key":"FairyPotion"},{"floor":2,"key":"Energy Potion"},{"floor":13,"key":"PowerPotion"},{"floor":19,"key":"SkillPotion"},{"floor":20,"key":"AttackPotion"},{"floor":20,"key":"AttackPotion"},{"floor":23,"key":"FearPotion"},{"floor":24,"key":"Energy Potion"},{"floor":30,"key":"DistilledChaos"},{"floor":33,"key":"PowerPotion"},{"floor":37,"key":"Block Potion"},{"floor":38,"key":"BottledSpark"},{"floor":42,"key":"FearPotion"}],"is_trial":false,"path_per_floor":["M","?","M","M","M","R","M","E","T","?","E","R","M","M","R","B",null,"M","M","M","M","$","E","M","R","T","R","E","R","M","?","R","B",null,"M","$","M","M","?","E","R","E","T","E","?","?","M","$","R","B",null],"character_chosen":"MARISA","items_purchased":["testmod-Charity","TreasureHunter","PowerUp","War Paint","DoubleSpark","UltimateShortwave"],"campfire_rested":0,"item_purchase_floors":[22,22,36,36,48,48],"current_hp_per_floor":[69,69,70,72,72,72,65,68,68,68,58,58,62,62,62,69,74,66,62,63,62,62,65,77,77,78,78,66,66,80,80,80,81,81,62,62,77,84,84,85,85,86,87,88,88,88,91,91,91,77],"gold":87,"neow_bonus":"THREE_ENEMY_KILL","is_daily":false,"chose_seed":false,"campfire_upgraded":9,"win_rate":0.0,"timestamp":1610609078,"path_taken":["M","?","?","M","M","R","M","E","T","?","E","R","M","M","R","BOSS","M","?","M","M","$","E","M","R","T","R","E","R","?","?","R","BOSS","M","$","M","M","?","E","R","E","T","E","?","?","M","$","R","BOSS"],"items_purchased_type":["Relic","Card","Card","Relic","Card","Card"],"build_version":"2020-12-18","purchased_purges":3,"victory":true,"max_hp_per_floor":[75,75,75,75,75,75,75,75,75,75,75,75,75,75,75,75,75,75,75,75,75,75,76,77,77,78,78,79,79,80,80,80,81,81,82,82,83,84,84,85,85,86,87,88,88,88,91,91,91,91],"card_choices":[{"not_picked":["GrandCross","WitchLeyline"],"picked":"OortCloud","floor":1},{"not_picked":["IllusionStar","NonDirectionalLaser"],"picked":"PropBag","floor":3},{"not_picked":["DarkMatter","GalacticHalo"],"picked":"ManaConvection","floor":4},{"not_picked":["MagicAbsorber","Orbital"],"picked":"PropBag","floor":5},{"not_picked":["LuminesStrike","UnstableBomb"],"picked":"MysteriousBeam","floor":7},{"not_picked":["Occultation","GalacticHalo"],"picked":"SuperNova","floor":8},{"not_picked":["6A","GravityBeat"],"picked":"OortCloud","floor":11},{"not_picked":["SporeBomb","MilkyWay"],"picked":"PowerUp","floor":13},{"not_picked":["AsteroidBelt","DoubleSpark"],"picked":"MilkyWay","floor":14},{"not_picked":["TreasureHunter","AbsoluteMagnitude"],"picked":"CasketOfStar","floor":16},{"not_picked":["GalacticHalo","IllusionStar"],"picked":"WitchOfGreed+1","floor":18},{"not_picked":["MachineGunSpark","Robbery"],"picked":"SprinkleStarSeal","floor":19},{"not_picked":["PulseMagic","MeteoricShower"],"picked":"MachineGunSpark","floor":20},{"not_picked":["SporeBomb","UnstableBomb"],"picked":"OortCloud","floor":21},{"not_picked":["LuminesStrike","SporeBomb+1","ChargeUpSpray"],"picked":"SKIP","floor":23},{"not_picked":["MilkyWay","GrandCross"],"picked":"UnstableBomb+1","floor":24},{"not_picked":["UnstableBomb","6A","OpenUniverse"],"picked":"SKIP","floor":28},{"not_picked":["SporeBomb","UnstableBomb","DoubleSpark"],"picked":"SKIP","floor":30},{"not_picked":["MaximisePower","TreasureHunter"],"picked":"BinaryStars","floor":33},{"not_picked":["UnstableBomb+1","ShootingEcho+1","AsteroidBelt+1"],"picked":"SKIP","floor":35},{"not_picked":["WitchLeyline","WitchOfGreed+1"],"picked":"MillisecondPulsars","floor":37},{"not_picked":["WitchOfGreed","MysteriousBeam","Orbital"],"picked":"SKIP","floor":38},{"not_picked":["WitchLeyline","BigCrunch"],"picked":"PowerUp","floor":40},{"not_picked":["OpenUniverse+1","LuminesStrike+1"],"picked":"CasketOfStar","floor":42},{"not_picked":["WitchLeyline+1","OortCloud"],"picked":"GrandCross+1","floor":44},{"not_picked":["IllusionStar","ShootingEcho","GravityBeat"],"picked":"Singing Bowl","floor":47}],"player_experience":252798,"relics_obtained":[{"floor":8,"key":"testmod-LifeArmor"},{"floor":9,"key":"Du-Vu Doll"},{"floor":11,"key":"Sundial"},{"floor":23,"key":"Bird Faced Urn"},{"floor":26,"key":"testmod-AssaultLearning"},{"floor":28,"key":"Bronze Scales"},{"floor":28,"key":"Blood Vial"},{"floor":33,"key":"testmod-InjuryResistance"},{"floor":40,"key":"PreservedInsect"},{"floor":40,"key":"Vajra"},{"floor":42,"key":"testmod-IndustrialRevolution"},{"floor":42,"key":"Singing Bowl"},{"floor":43,"key":"Smiling Mask"},{"floor":44,"key":"HornCleat"},{"floor":44,"key":"Juzu Bracelet"}],"event_choices":[{"damage_healed":0,"gold_gain":0,"player_choice":"Got Potions","damage_taken":0,"max_hp_gain":0,"max_hp_loss":0,"event_name":"Lab","floor":2,"gold_loss":0},{"damage_healed":0,"gold_gain":0,"player_choice":"Forge","damage_taken":0,"max_hp_gain":0,"max_hp_loss":0,"event_name":"Accursed Blacksmith","floor":10,"gold_loss":0,"cards_upgraded":["SuperNova"]},{"cards_removed":["Strike_MRS"],"damage_healed":0,"gold_gain":0,"player_choice":"Elegance","damage_taken":0,"max_hp_gain":0,"max_hp_loss":0,"event_name":"Back to Basics","floor":31,"gold_loss":0},{"damage_healed":0,"gold_gain":0,"cards_transformed":["Strike_MRS"],"player_choice":"Transformed","damage_taken":0,"max_hp_gain":0,"max_hp_loss":0,"event_name":"Transmorgrifier","floor":39,"gold_loss":0,"cards_obtained":["SuperPerseids"]},{"cards_removed":["Strike_MRS"],"damage_healed":0,"gold_gain":0,"player_choice":"Removed Attack","damage_taken":0,"max_hp_gain":0,"max_hp_loss":0,"event_name":"Falling","floor":45,"gold_loss":0},{"damage_healed":0,"gold_gain":0,"player_choice":"Copied","damage_taken":0,"max_hp_gain":0,"max_hp_loss":0,"event_name":"Duplicator","floor":46,"gold_loss":0,"cards_obtained":["PropBag"]}],"is_beta":true,"boss_relics":[{"not_picked":["SlaversCollar","testmod-IncinerationGenerator"],"picked":"Runic Pyramid"},{"not_picked":["Busted Crown","testmod-Prudence"],"picked":"BewitchedHakkero"}],"items_purged_floors":[22,36,48],"is_endless":false,"potions_floor_spawned":[1,5,13,19,20,23,30,37,38,42],"ascension_level":8}}