{"host":"kxe6iorzpbw8ioqh","time":1610615119,"event":{"mods":["Act Like it!","BaseMod","Downfall","Minty Spire (QoL Compilation)","StSLib"],"gold_per_floor":[99,99,99,99,99,99,99,130,143,143,157,170,207,307,333,447,447,372,385,407,427,454,454,454,454,108,149,169,192,237,260,285,391,418,343,353,353,380,380,389,413,447,489,258,280,205,80,80,97,97,97,97,97,97],"floor_reached":52,"language":"ZHS","playtime":5326,"items_purged":["Slimebound:Strike_Slimebound","Parasite","Slimebound:ViciousTackle"],"score":764,"play_id":"59ba5623-bb99-4bc6-8bc7-fa6fe45c5c33","local_time":"20210114170519","is_ascension_mode":false,"campfire_choices":[{"data":"Slimebound:Split","floor":1.0,"key":"SMITH"},{"data":"Slimebound:ComboTackle","floor":6.0,"key":"SMITH"},{"data":"Slimebound:Chomp","floor":10.0,"key":"SMITH"},{"data":"Slimebound:ComboTackle","floor":18.0,"key":"SMITH"},{"floor":23.0,"key":"REST"},{"floor":25.0,"key":"RECALL"},{"data":"Slimebound:MinionMaster","floor":35.0,"key":"SMITH"},{"data":"Slimebound:SlimeBarrage","floor":46,"key":"SMITH"}],"circlet_count":0,"master_deck":["Slimebound:Defend_Slimebound","Slimebound:Defend_Slimebound","Slimebound:Defend_Slimebound","Slimebound:Split+1","Slimebound:CorrosiveSpit","Slimebound:ComboTackle+1","Slimebound:FinishingTackle","Slimebound:Chomp+1","Slimebound:Overexert","Slimebound:SplitAcid","Slimebound:ComboTackle+1","Slimebound:OneTwoCombo","Slimebound:SplitBruiser","Slimebound:SplitLeeching","Slimebound:SplitMire","Slimebound:SplitMire","Slimebound:Dissolve","Slimebound:SplitLeeching+1","Slimebound:SplitMire+1","Ghostly+1","Ghostly+1","Ghostly+1","Ghostly+1","Ghostly+1","Slimebound:SlimeTap+1","Slimebound:MinionMaster","Slimebound:MinionMaster+1","Slimebound:SpikyOuterGoop+1","Slimebound:SlimeBarrage+1","Slimebound:LeadByExample+1","Slimebound:SplitAcid+1","Slimebound:Darklings+1","Slimebound:SlimeBarrage+1","Slimebound:MegaLick+1","Slimebound:SplitBruiser+1","Secret Technique+1","Slimebound:Overexert","Slimebound:SamplingLick+1"],"relics":["Slimebound:AbsorbEndCombat","downfall:HeartsMalice","Gambling Chip","Nunchaku","CeramicFish","Philosopher\u0027s Stone","downfall:HeartBlessingGreen","Letter Opener","Strange Spoon","Toxic Egg 2","Astrolabe","downfall:HeartBlessingRed","Blood Vial","Bag of Preparation","DollysMirror","Slimebound:AggressiveSlimeRelic","downfall:HeartBlessingBlue"],"acts_visited":["Exordium","TheCity","TheBeyond","TheEnding"],"potions_floor_usage":[45,45,50],"damage_taken":[{"damage":0.0,"enemies":"Small Slimes","floor":2.0,"turns":1.0},{"damage":0.0,"enemies":"Cultist","floor":3.0,"turns":1.0},{"damage":0.0,"enemies":"Lagavulin","floor":8.0,"turns":1.0},{"damage":3.0,"enemies":"2 Louse","floor":9.0,"turns":2.0},{"damage":6.0,"enemies":"Gremlin Gang","floor":11.0,"turns":2.0},{"damage":11.0,"enemies":"2 Fungi Beasts","floor":12.0,"turns":3.0},{"damage":17.0,"enemies":"3 Sentries","floor":13.0,"turns":4.0},{"damage":15.0,"enemies":"Red Slaver","floor":15.0,"turns":2.0},{"damage":63.0,"enemies":"downfall:Ironclad","floor":16.0,"turns":5.0},{"damage":28.0,"enemies":"Shell Parasite","floor":19.0,"turns":2.0},{"damage":26.0,"enemies":"Spheric Guardian","floor":20.0,"turns":3.0},{"damage":29.0,"enemies":"Cultist and Chosen","floor":21.0,"turns":3.0},{"damage":15.0,"enemies":"Snake Plant","floor":22.0,"turns":2.0},{"damage":38.0,"enemies":"downfall:FleeingMerchant","floor":26.0,"turns":4.0},{"damage":58.0,"enemies":"Book of Stabbing","floor":27.0,"turns":4.0},{"damage":13.0,"enemies":"Shelled Parasite and Fungi","floor":28.0,"turns":2.0},{"damage":21.0,"enemies":"Snecko","floor":29.0,"turns":3.0},{"damage":17.0,"enemies":"Snake Plant","floor":31.0,"turns":2.0},{"damage":19.0,"enemies":"Centurion and Healer","floor":32.0,"turns":2.0},{"damage":26.0,"enemies":"downfall:Defect","floor":33.0,"turns":4.0},{"damage":12.0,"enemies":"Orb Walker","floor":36.0,"turns":3.0},{"damage":9.0,"enemies":"3 Shapes","floor":38.0,"turns":2.0},{"damage":31.0,"enemies":"Writhing Mass","floor":42.0,"turns":2.0},{"damage":50,"enemies":"Nemesis","floor":43,"turns":5},{"damage":37,"enemies":"downfall:FleeingMerchant","floor":44,"turns":4},{"damage":51,"enemies":"Transient","floor":45,"turns":5},{"damage":16,"enemies":"Jaw Worm Horde","floor":49,"turns":2},{"damage":39,"enemies":"downfall:Silent","floor":50,"turns":3},{"damage":72,"enemies":"downfall:CharBossMerchant","floor":52,"turns":3}],"seed_played":"7521106690616563629","potions_obtained":[{"floor":5.0,"key":"Ancient Potion"},{"floor":5.0,"key":"Dexterity Potion"},{"floor":5.0,"key":"PowerPotion"},{"floor":8.0,"key":"Explosive Potion"},{"floor":9.0,"key":"Fire Potion"},{"floor":20.0,"key":"BlessingOfTheForge"},{"floor":22.0,"key":"SpeedPotion"},{"floor":27.0,"key":"SkillPotion"},{"floor":29.0,"key":"Fire Potion"},{"floor":42.0,"key":"SteroidPotion"},{"floor":45,"key":"FearPotion"},{"floor":49,"key":"Fire Potion"}],"is_trial":false,"path_per_floor":["R","M","M","?","?","R","T","E","M","R","M","M","E","?","M","B",null,"R","M","M","M","M","R","T","R","$","E","M","M","?","M","M","B",null,"R","M","?","M","T","?","T","M","E","$","M","R","$","?","M","B",null,"E"],"character_chosen":"SLIMEBOUND","items_purchased":["Slimebound:Dissolve","Strange Spoon","SteroidPotion","Secret Technique+1","DollysMirror","Slimebound:AggressiveSlimeRelic"],"campfire_rested":1,"item_purchase_floors":[26,26,26,44,44,44],"current_hp_per_floor":[60,60,60,60,60,60,60,60,60,60,56,57,56,56,57,14,60,60,48,34,27,26,44,44,44,44,22,25,26,26,28,30,30,30,30,30,30,30,30,30,30,28,25,15,23,33,33,23,29,22,37,0,0,0],"gold":97,"neow_bonus":"THREE_ENEMY_KILL","is_daily":false,"chose_seed":false,"campfire_upgraded":6,"win_rate":0.0,"timestamp":1610615119,"path_taken":["R","M","M","?","?","R","T","E","?","R","M","M","E","?","M","BOSS","R","M","M","M","?","R","T","R","$","E","M","?","?","M","M","BOSS","R","M","?","?","?","?","T","M","E","?","M","R","$","?","M","BOSS","E"],"items_purchased_type":["Card","Relic","Potion","Card","Relic","Relic"],"build_version":"2020-12-22","purchased_purges":3,"victory":false,"max_hp_per_floor":[60,60,60,60,60,60,60,60,60,60,60,60,60,60,60,60,60,60,60,60,60,60,60,60,60,60,60,60,60,30,30,30,30,30,30,30,30,30,30,30,30,30,30,27,27,37,37,37,37,37,37,37,37,37],"card_choices":[{"not_picked":["Slimebound:RollThrough","Slimebound:FinishingTackle"],"picked":"Slimebound:ComboTackle","floor":2.0},{"not_picked":["Slimebound:Repurpose","Slimebound:LeechingTouch"],"picked":"Slimebound:MegaLick","floor":3.0},{"not_picked":["Slimebound:FlameTackle","Slimebound:SlimeSpikes"],"picked":"Slimebound:FinishingTackle","floor":8.0},{"not_picked":["Slimebound:FirmFortitude","Slimebound:ViciousTackle"],"picked":"Slimebound:Chomp","floor":9.0},{"not_picked":["Slimebound:ComboTackle","Slimebound:RollThrough"],"picked":"Slimebound:ViciousTackle","floor":11.0},{"not_picked":["Slimebound:HauntingLick","Slimebound:LeechingTouch"],"picked":"Slimebound:Overexert","floor":12.0},{"not_picked":["Slimebound:ForwardTackle","Slimebound:MegaLick"],"picked":"Slimebound:SplitAcid","floor":13.0},{"not_picked":["Slimebound:ViciousTackle","Slimebound:FormOfPuddle"],"picked":"Slimebound:ComboTackle","floor":15.0},{"not_picked":["Slimebound:PrepareCrush","Slimebound:MassFeed"],"picked":"Slimebound:OneTwoCombo","floor":16.0},{"not_picked":["Slimebound:ViciousTackle+1","Slimebound:PressTheAttack","Slimebound:FinishingTackle"],"picked":"SKIP","floor":19.0},{"not_picked":["Slimebound:SamplingLick","Slimebound:LeechEnergy"],"picked":"Slimebound:SplitBruiser","floor":20.0},{"not_picked":["Slimebound:SlimeSpikes","Slimebound:ForwardTackle"],"picked":"Slimebound:SplitLeeching","floor":21.0},{"not_picked":["Slimebound:FlameTackle","Slimebound:SamplingLick"],"picked":"Slimebound:SplitMire","floor":22.0},{"not_picked":["Slimebound:HauntingLick","Slimebound:ItLooksTasty"],"picked":"Slimebound:SplitMire","floor":26.0},{"not_picked":["Slimebound:Dissolve+1","Slimebound:SlimeSpikes+1"],"picked":"Slimebound:SplitLeeching+1","floor":27.0},{"not_picked":["Slimebound:FinishingTackle","Slimebound:SplitAcid+1","Slimebound:ViciousTackle"],"picked":"SKIP","floor":28.0},{"not_picked":["Slimebound:Schlurp+1","Slimebound:ViciousTackle"],"picked":"Slimebound:SplitMire+1","floor":29.0},{"not_picked":["Slimebound:FinishingTackle","Slimebound:GoopSpray+1"],"picked":"Slimebound:SlimeTap+1","floor":31.0},{"not_picked":["Slimebound:Grow+1","Slimebound:SlimeSpikes+1"],"picked":"Slimebound:MinionMaster","floor":32.0},{"not_picked":["Slimebound:SelfFormingGoo","Slimebound:Teamwork+1"],"picked":"Slimebound:MinionMaster","floor":33.0},{"not_picked":["Slimebound:LeechEnergy+1","Slimebound:SlimeSpikes+1","Slimebound:GoopSpray+1"],"picked":"SKIP","floor":36.0},{"not_picked":["Slimebound:RejuvenatingLick+1","Slimebound:SplitLeeching+1"],"picked":"Slimebound:SplitAcid+1","floor":38.0},{"not_picked":["Slimebound:Nibble+1","Slimebound:SplitBruiser+1"],"picked":"Slimebound:SlimeBarrage","floor":42.0},{"not_picked":["Slimebound:LeechEnergy","Slimebound:ComboTackle+1"],"picked":"Slimebound:MegaLick+1","floor":43},{"not_picked":["Slimebound:GoopSpray+1","Slimebound:ComboTackle+1"],"picked":"Slimebound:SplitBruiser+1","floor":44},{"not_picked":["Slimebound:OozeBath+1","Slimebound:RainOfGoop+1"],"picked":"Slimebound:SamplingLick+1","floor":45},{"not_picked":["Slimebound:GoopSpray+1","Slimebound:PressTheAttack+1","Slimebound:ComboTackle"],"picked":"SKIP","floor":49}],"player_experience":362741,"relics_obtained":[{"floor":7.0,"key":"Gambling Chip"},{"floor":8.0,"key":"Nunchaku"},{"floor":13.0,"key":"CeramicFish"},{"floor":24.0,"key":"Letter Opener"},{"floor":27.0,"key":"Toxic Egg 2"},{"floor":41.0,"key":"Blood Vial"},{"floor":43,"key":"Bag of Preparation"}],"event_choices":[{"damage_healed":0.0,"max_hp_gain":0.0,"max_hp_loss":0.0,"gold_gain":0.0,"event_name":"Lab","player_choice":"Got Potions","floor":5.0,"gold_loss":0.0,"damage_taken":0.0},{"damage_healed":0.0,"max_hp_gain":0.0,"max_hp_loss":30.0,"gold_gain":0.0,"event_name":"Ghosts","player_choice":"Became a Ghost","floor":30.0,"gold_loss":0.0,"damage_taken":0.0,"cards_obtained":["Ghostly","Ghostly","Ghostly","Ghostly","Ghostly"]},{"cards_removed":["Slimebound:MegaLick"],"damage_healed":0.0,"max_hp_gain":0.0,"max_hp_loss":0.0,"gold_gain":0.0,"event_name":"Bonfire Elementals","player_choice":"Offered Uncommon","floor":37.0,"gold_loss":0.0,"damage_taken":0.0}],"is_beta":false,"boss_relics":[{"not_picked":["Velvet Choker","SacredBark"],"picked":"Philosopher\u0027s Stone"},{"not_picked":["Calling Bell","Snecko Eye"],"picked":"Astrolabe"}],"items_purged_floors":[26,44,47],"is_endless":false,"potions_floor_spawned":[8,9,11,20,22,27,29,31,33,42,45,49],"killed_by":"downfall:CharBossMerchant","ascension_level":0}}