{"host":"dth8fvkfiulu86fi","time":1610622607,"event":{"mods":["2.2 Compatiblity","AchievementEnabler","BaseMod","Better Third Choice","Colored Map","Colored Powertips","Minty Spire (QoL Compilation)","Rare Cards Sparkle","StSLib","SuperFastMode","Synergy Search"],"gold_per_floor":[114,129,144,159,9,39,54,69,94,94,109,109,24,39,39,139,139,139,79,79,79,4,4,4,4,4,4,4,4,4,4,4,4,4,4,4,4,4,4],"floor_reached":38,"language":"ENG","playtime":3024,"items_purged":[],"score":504,"play_id":"4722ba85-0eef-42f9-b233-34128e38a1af","local_time":"20210114121007","daily_mods":["Insanity","Uncertain Future","Binary"],"is_ascension_mode":false,"campfire_choices":[{"floor":12,"key":"REST"},{"floor":15,"key":"REST"},{"floor":23,"key":"REST"},{"floor":27,"key":"REST"},{"floor":32,"key":"REST"}],"circlet_count":0,"master_deck":["Dash","Sucker Punch","Distraction","Deadly Poison","Terror","Poisoned Stab","Distraction","Backstab","Blade Dance","Dagger Throw","Dodge and Roll","Concentrate","Crippling Poison","Acrobatics","Distraction","Dash","Skewer","Expertise","Deflect","Heel Hook","Deadly Poison","Deflect","Acrobatics","PiercingWail","Dodge and Roll","Distraction","Dodge and Roll","Cloak And Dagger","Outmaneuver","Leg Sweep","Bane","Prepared","Catalyst","Blade Dance","Flying Knee","Acrobatics","Prepared","All Out Attack","Backflip","Reflex","Dagger Spray","Catalyst","Slice","Tactician","PiercingWail","Deadly Poison","Crippling Poison","Adrenaline","SignatureMove","Calculated Gamble","Trip","Calculated Gamble","Deadly Poison+1","Deflect","All Out Attack","Riddle With Holes","Dagger Throw","Storm of Steel","Backstab+1","Cloak And Dagger+1"],"relics":["Ring of the Snake","Happy Flower","Regal Pillow","Oddly Smooth Stone","Smiling Mask","Ancient Tea Set","Ectoplasm","Strawberry","Bag of Preparation","Empty Cage"],"acts_visited":["Exordium","TheCity","TheBeyond"],"potions_floor_usage":[19,19,33,33,33,38],"damage_taken":[{"damage":4.0,"enemies":"Cultist","floor":1.0,"turns":3.0},{"damage":3.0,"enemies":"2 Louse","floor":2.0,"turns":2.0},{"damage":8.0,"enemies":"Small Slimes","floor":3.0,"turns":2.0},{"damage":0.0,"enemies":"Blue Slaver","floor":4.0,"turns":2.0},{"damage":22.0,"enemies":"Lagavulin","floor":6.0,"turns":5.0},{"damage":0.0,"enemies":"3 Louse","floor":7.0,"turns":3.0},{"damage":17.0,"enemies":"Gremlin Gang","floor":8.0,"turns":4.0},{"damage":0,"enemies":"Red Slaver","floor":11,"turns":3},{"damage":9,"enemies":"Blue Slaver","floor":14,"turns":2},{"damage":31,"enemies":"Slime Boss","floor":16,"turns":8},{"damage":0,"enemies":"Chosen","floor":18,"turns":3},{"damage":0,"enemies":"2 Thieves","floor":19,"turns":4},{"damage":17,"enemies":"Centurion and Healer","floor":20,"turns":5},{"damage":14,"enemies":"Snake Plant","floor":21,"turns":4},{"damage":24,"enemies":"Sentry and Sphere","floor":24,"turns":5},{"damage":19,"enemies":"Snecko","floor":28,"turns":5},{"damage":28,"enemies":"Slavers","floor":31,"turns":6},{"damage":56,"enemies":"Champ","floor":33,"turns":11},{"damage":11,"enemies":"3 Darklings","floor":35,"turns":4},{"damage":34,"enemies":"3 Shapes","floor":36,"turns":4},{"damage":13,"enemies":"Jaw Worm Horde","floor":37,"turns":5},{"damage":39,"enemies":"Spire Growth","floor":38,"turns":6}],"seed_played":"-4891952413640654339","potions_obtained":[{"floor":1.0,"key":"Dexterity Potion"},{"floor":2.0,"key":"SteroidPotion"},{"floor":4.0,"key":"Poison Potion"},{"floor":7.0,"key":"SmokeBomb"},{"floor":11,"key":"SkillPotion"},{"floor":20,"key":"PowerPotion"},{"floor":21,"key":"Weak Potion"},{"floor":31,"key":"Block Potion"},{"floor":33,"key":"Poison Potion"},{"floor":35,"key":"Fire Potion"},{"floor":36,"key":"Regen Potion"}],"is_trial":false,"path_per_floor":["M","M","M","M","$","E","M","M","T","?","M","R","$","M","R","B",null,"M","M","M","M","$","R","M","?","T","R","M","?","?","E","R","B",null,"M","M","M","M"],"character_chosen":"THE_SILENT","items_purchased":["Happy Flower","Trip","DuplicationPotion"],"campfire_rested":5,"item_purchase_floors":[5,13,22],"current_hp_per_floor":[66,63,55,55,55,33,33,16,16,1,1,37,37,28,64,33,70,70,70,53,39,39,70,46,46,53,77,58,58,58,30,68,12,77,66,32,19,0,0],"gold":4,"neow_bonus":"","is_daily":true,"chose_seed":false,"campfire_upgraded":0,"win_rate":0.0,"timestamp":1610622607,"path_taken":["M","M","M","?","?","E","M","M","T","?","M","R","$","M","R","BOSS","M","M","M","M","$","R","M","?","T","R","M","?","?","E","R","BOSS","M","M","?","M"],"items_purchased_type":["Relic","Card","Potion"],"build_version":"2020-12-22","purchased_purges":0,"victory":false,"max_hp_per_floor":[70,70,70,70,70,70,70,70,70,70,70,70,70,70,70,70,70,70,70,70,70,70,70,70,70,77,77,77,77,77,77,77,77,77,77,77,77,77,77],"card_choices":[{"not_picked":["Blade Dance","Dodge and Roll"],"picked":"SKIP","floor":1.0},{"not_picked":["Sucker Punch","PiercingWail"],"picked":"SKIP","floor":2.0},{"not_picked":["Acrobatics","Underhanded Strike"],"picked":"SKIP","floor":3.0},{"not_picked":["Flying Knee","Blade Dance"],"picked":"SKIP","floor":4.0},{"not_picked":["Finisher","PiercingWail"],"picked":"SKIP","floor":6.0},{"not_picked":["Dagger Throw"],"picked":"Crippling Poison","floor":7.0},{"not_picked":["Prepared"],"picked":"Adrenaline","floor":8.0},{"not_picked":["Cloak And Dagger"],"picked":"Calculated Gamble","floor":11},{"not_picked":["Prepared"],"picked":"Calculated Gamble","floor":14},{"not_picked":["Sucker Punch+1"],"picked":"Deadly Poison+1","floor":18},{"not_picked":["Outmaneuver","Unload"],"picked":"SKIP","floor":19},{"not_picked":["Sucker Punch","Prepared"],"picked":"SKIP","floor":20},{"not_picked":["Dodge and Roll"],"picked":"Deflect","floor":21},{"not_picked":["Blade Dance+1","Flying Knee"],"picked":"SKIP","floor":24},{"not_picked":["Flying Knee","Infinite Blades"],"picked":"SKIP","floor":28},{"not_picked":["Prepared"],"picked":"Dagger Throw","floor":31},{"not_picked":["Doppelganger"],"picked":"Storm of Steel","floor":33},{"not_picked":["Quick Slash+1"],"picked":"Backstab+1","floor":35},{"not_picked":["Dodge and Roll","Masterful Stab+1"],"picked":"SKIP","floor":36},{"not_picked":["Calculated Gamble"],"picked":"Cloak And Dagger+1","floor":37}],"player_experience":1143884,"relics_obtained":[{"floor":6.0,"key":"Regal Pillow"},{"floor":9.0,"key":"Oddly Smooth Stone"},{"floor":26,"key":"Strawberry"},{"floor":31,"key":"Bag of Preparation"}],"event_choices":[{"damage_healed":0.0,"max_hp_gain":0.0,"max_hp_loss":0.0,"gold_gain":1.0,"event_name":"betterThird:BetterScrap","player_choice":"Card Relic Relic ","floor":10.0,"gold_loss":0.0,"damage_taken":15.0,"cards_obtained":["SignatureMove","Ragnarok"]},{"damage_healed":0,"gold_gain":0,"player_choice":"Ignored","damage_taken":0,"max_hp_gain":0,"max_hp_loss":0,"event_name":"Ghosts","floor":25,"gold_loss":0},{"damage_healed":0,"gold_gain":0,"cards_transformed":["Accuracy","Well Laid Plans"],"player_choice":"Became Test Subject","damage_taken":0,"max_hp_gain":0,"max_hp_loss":0,"event_name":"Drug Dealer","floor":29,"gold_loss":0,"cards_obtained":["All Out Attack","Riddle With Holes"]},{"damage_healed":0,"gold_gain":0,"player_choice":"Ignored","damage_taken":0,"max_hp_gain":0,"max_hp_loss":0,"event_name":"Purifier","floor":30,"gold_loss":0}],"is_beta":false,"boss_relics":[{"not_picked":["SacredBark","Sozu"],"picked":"Ectoplasm"},{"not_picked":["Calling Bell","SlaversCollar"],"picked":"Empty Cage"}],"items_purged_floors":[],"is_endless":false,"potions_floor_spawned":[1,2,4,7,11,16,20,21,31,33,35,36],"killed_by":"Spire Growth","ascension_level":0}}