{"host":"d23wowvt3mehu8rg","time":1610650498,"event":{"mods":["BaseMod","Colored Powertips","Dark Map","Highlight Path","Minty Spire (QoL Compilation)","Slay-I"],"gold_per_floor":[117,117,127,127,98,98,139,153,153,0,23,23,63,86,86,86,86],"floor_reached":16,"language":"ENG","playtime":937,"items_purged":[],"score":116,"play_id":"3cb09449-43ae-4ab6-a590-d7b2fbafda70","local_time":"20210114195458","is_ascension_mode":true,"campfire_choices":[{"data":"Dash","floor":6,"key":"SMITH"},{"data":"Dodge and Roll","floor":12,"key":"SMITH"},{"floor":15,"key":"REST"}],"circlet_count":0,"master_deck":["Strike_G","Strike_G","Strike_G","Strike_G","Strike_G","Defend_G","Defend_G","Defend_G","Defend_G","Defend_G","Survivor","Neutralize","Dodge and Roll+1","Dash+1","Injury","Underhanded Strike","Backflip","Backflip","Masterful Stab"],"relics":["WristBlade","Golden Idol","HornCleat","Nunchaku","Membership Card","Regal Pillow"],"acts_visited":["Exordium"],"potions_floor_usage":[13,13,16],"damage_taken":[{"damage":0,"enemies":"2 Louse","floor":1,"turns":3},{"damage":1,"enemies":"Jaw Worm","floor":3,"turns":5},{"damage":38,"enemies":"Gremlin Nob","floor":7,"turns":6},{"damage":0,"enemies":"Cultist","floor":8,"turns":4},{"damage":2,"enemies":"Large Slime","floor":11,"turns":9},{"damage":19,"enemies":"Lagavulin","floor":13,"turns":12},{"damage":1,"enemies":"2 Fungi Beasts","floor":14,"turns":3},{"damage":65,"enemies":"Slime Boss","floor":16,"turns":12}],"seed_played":"-1636875116754932229","potions_obtained":[{"floor":8,"key":"Swift Potion"},{"floor":11,"key":"Regen Potion"},{"floor":14,"key":"LiquidMemories"}],"is_trial":false,"path_per_floor":["M","?","M","?","?","R","E","M","T","$","M","R","E","M","R","B"],"character_chosen":"THE_SILENT","items_purchased":["Membership Card"],"campfire_rested":1,"item_purchase_floors":[10],"current_hp_per_floor":[70,70,69,69,69,69,31,31,31,31,29,29,25,24,60,0,0],"gold":86,"neow_bonus":"BOSS_RELIC","is_daily":false,"chose_seed":false,"campfire_upgraded":2,"win_rate":0.0,"timestamp":1610650498,"path_taken":["M","?","M","?","?","R","E","M","T","$","M","R","E","M","R","BOSS"],"items_purchased_type":["Relic"],"build_version":"2020-12-22","purchased_purges":0,"victory":false,"max_hp_per_floor":[70,70,70,70,70,70,70,70,70,70,70,70,70,70,70,70,70],"card_choices":[{"not_picked":["Deflect","Flying Knee"],"picked":"Dodge and Roll","floor":1},{"not_picked":["Backflip","Poisoned Stab"],"picked":"Dash","floor":3},{"not_picked":["Flying Knee","Caltrops"],"picked":"Underhanded Strike","floor":7},{"not_picked":["Bane","Envenom"],"picked":"Backflip","floor":8},{"not_picked":["Calculated Gamble","Choke"],"picked":"Backflip","floor":11},{"not_picked":["Caltrops","Storm of Steel"],"picked":"Masterful Stab","floor":13},{"not_picked":["Outmaneuver","Masterful Stab","Footwork"],"picked":"SKIP","floor":14}],"player_experience":184118,"relics_obtained":[{"floor":7,"key":"HornCleat"},{"floor":9,"key":"Nunchaku"},{"floor":13,"key":"Regal Pillow"}],"event_choices":[{"damage_healed":0,"gold_gain":0,"player_choice":"Ignored","damage_taken":0,"max_hp_gain":0,"max_hp_loss":0,"event_name":"Liars Game","floor":2,"gold_loss":0},{"damage_healed":0,"gold_gain":0,"player_choice":"Take Wound","damage_taken":0,"relics_obtained":["Golden Idol"],"max_hp_gain":0,"max_hp_loss":0,"event_name":"Golden Idol","floor":4,"gold_loss":0,"cards_obtained":["Injury"]},{"damage_healed":0,"gold_gain":0,"player_choice":"Left Gold","damage_taken":0,"max_hp_gain":0,"max_hp_loss":0,"event_name":"World of Goop","floor":5,"gold_loss":29}],"is_beta":false,"boss_relics":[],"items_purged_floors":[],"is_endless":false,"potions_floor_spawned":[8,11,14],"killed_by":"Slime Boss","ascension_level":1}}