{"host":"lxihx0b6awoz2w1j","time":1610596316,"event":{"mods":["Aspiration","BaseMod","Better Third Choice","CapriCore","Colored Powertips","Downfall","Hermit","Hubris","Infinite Spire","JesterMod","Luminous","Marisa????????","Melee Mod","Minty Spire (QoL Compilation)","Prisma Mod","Quick Restart","Relic Stats","Replay The Spire","Shade Mod","Spicy Shops","StSLib","The Alterego","The Blue Laboratory","The Cursed","The Disciple","The Forsaken","The Immortal","The Jungle","The Marked","The Runesmith","The Senshi","The Servant 0.9.4","Waifu the Spire"],"gold_per_floor":[111,128,11,23,23,23,53,53,53,87,105,123,137,152,152,248,248,266,282,301,301,312,312,342,342,342,342,342,375,375,42,42,138,138,157,177,177,177],"floor_reached":37,"language":"ENG","playtime":2767,"items_purged":[],"score":421,"play_id":"aaa571cb-a042-4a2a-9bce-d44806f046ee","local_time":"20210114045156","is_ascension_mode":false,"campfire_choices":[{"data":"theSenshi:RoseThrow","floor":6.0,"key":"SMITH"},{"floor":8.0,"key":"REST"},{"data":"theSenshi:MercurysCunning","floor":8.0,"key":"SMITH"},{"data":"theSenshi:MoonPower","floor":15.0,"key":"SMITH"},{"floor":23.0,"key":"REST"},{"data":"theSenshi:CrisisMakeUp","floor":23.0,"key":"SMITH"},{"floor":25.0,"key":"REST"},{"data":"theSenshi:FatedKiss","floor":25.0,"key":"SMITH"},{"data":"theSenshi:MoonGorgeousMeditation","floor":27.0,"key":"SMITH"},{"floor":30.0,"key":"REST"},{"data":"theSenshi:MoonPrismPowerMakeUp","floor":30.0,"key":"SMITH"},{"floor":32.0,"key":"REST"},{"data":"theSenshi:MercurysCunning","floor":32.0,"key":"SMITH"}],"circlet_count":0,"master_deck":["theSenshi:SailorKick","theSenshi:SailorKick","theSenshi:SailorKick","theSenshi:SailorKick","theSenshi:SailorBlock","theSenshi:SailorBlock+1","theSenshi:SailorBlock","theSenshi:SailorBlock","theSenshi:RoseThrow+1","theSenshi:MoonPrismPowerMakeUp+1","theSenshi:TuxedoMaskAssists","theSenshi:SailorVenusAssists","theSenshi:MercurysCunning+1","theSenshi:InTheNickOfTime","theSenshi:TuxedoSmokingBomber","theSenshi:MoonTiaraMagic","theSenshi:SailorStarFighterAssists","theSenshi:MoonPunch","theSenshi:MoonPrincessHalation","theSenshi:MoonPower+1","theSenshi:MercurysCunning+1","theSenshi:MoonGorgeousMeditation+1","CurseOfTheBell","theSenshi:CrisisMakeUp+1","theSenshi:MoonKick+1","theSenshi:TuxedoSmokingBomber","theSenshi:LunasBite","theSenshi:FatedKiss+1","theSenshi:LateForSchool+1","theSenshi:MoonGorgeousMeditation","theSenshi:JupitersPower","theSenshi:TallSilhouette","theSenshi:TallSilhouette+1"],"relics":["theSenshi:TransformationBroochRelic","hubris:CuriousFeather","infinitespire:Magic Flask","infinitespire:FocusingShard","theForsaken:Lifeblossom","Calling Bell","theSenshi:CutieMoonRodRelic","hubris:DeckOfHolding","aspiration:HatOfInfinitePower","Garlic","Question Card","hubris:AstralHammer","aspiration:HiddenCompartment","War Paint","Black Star"],"acts_visited":["Exordium","TheCity","TheBeyond"],"potions_floor_usage":[36],"damage_taken":[{"damage":0.0,"enemies":"Jaw Worm","floor":1.0,"turns":3.0},{"damage":0.0,"enemies":"2 Louse","floor":2.0,"turns":3.0},{"damage":0.0,"enemies":"Small Slimes","floor":4.0,"turns":4.0},{"damage":10.0,"enemies":"Gremlin Nob","floor":7.0,"turns":4.0},{"damage":9.0,"enemies":"Lagavulin","floor":10.0,"turns":8.0},{"damage":1.0,"enemies":"3 Louse","floor":11.0,"turns":2.0},{"damage":0.0,"enemies":"Lots of Slimes","floor":12.0,"turns":3.0},{"damage":0.0,"enemies":"Blue Slaver","floor":13.0,"turns":3.0},{"damage":3.0,"enemies":"Gremlin Gang","floor":14.0,"turns":3.0},{"damage":41.0,"enemies":"The Guardian","floor":16.0,"turns":10.0},{"damage":3.0,"enemies":"Spheric Guardian","floor":18.0,"turns":4.0},{"damage":16.0,"enemies":"3 Byrds","floor":19.0,"turns":6.0},{"damage":11.0,"enemies":"Snake Plant","floor":20.0,"turns":3.0},{"damage":6.0,"enemies":"Centurion and Healer","floor":22.0,"turns":6.0},{"damage":21.0,"enemies":"Slavers","floor":24.0,"turns":9.0},{"damage":41.0,"enemies":"Nightmare","floor":29.0,"turns":8.0},{"damage":46.0,"enemies":"Champ","floor":33.0,"turns":10.0},{"damage":19,"enemies":"3 Shapes","floor":35,"turns":5},{"damage":22,"enemies":"Orb Walker","floor":36,"turns":3},{"damage":12,"enemies":"Jaw Worm Horde","floor":37,"turns":3}],"seed_played":"4901263918327577909","potions_obtained":[{"floor":1.0,"key":"Energy Potion"},{"floor":11.0,"key":"GamblersBrew"},{"floor":12.0,"key":"blueLaboratory:HummingbirdPotion"},{"floor":14.0,"key":"blueLaboratory:PolymorphPotion"},{"floor":16.0,"key":"hexamod:EctoCoolerPotion"},{"floor":19.0,"key":"SkillPotion"},{"floor":22.0,"key":"SpeedPotion"},{"floor":35,"key":"blueLaboratory:FruitPunch"}],"is_trial":false,"path_per_floor":["M","M","$","M","?","R","E","R","T","E","M","M","M","M","R","B",null,"M","M","M","?","M","R","E","R","T","R","?","NM","R","$","R","B",null,"M","M","M"],"character_chosen":"THE_SENSHI","items_purchased":["theSenshi:MercurysCunning","theSenshi:InTheNickOfTime","theSenshi:MoonGorgeousMeditation","War Paint"],"campfire_rested":5,"item_purchase_floors":[3,3,31,31],"current_hp_per_floor":[54,54,54,54,54,54,44,66,66,57,59,64,69,71,71,34,75,73,60,54,54,54,75,55,75,75,75,75,35,57,57,75,32,75,57,42,35,35],"gold":177,"neow_bonus":"ONE_RARE_RELIC","is_daily":false,"chose_seed":false,"campfire_upgraded":8,"win_rate":0.0,"timestamp":1610596316,"path_taken":["M","M","$","M","?","R","E","R","T","E","M","M","M","M","R","BOSS","M","M","M","?","M","R","E","R","T","R","?","NM","R","$","R","BOSS","M","M","?"],"items_purchased_type":["Card","Card","Card","Relic"],"build_version":"2020-12-22","purchased_purges":0,"victory":false,"max_hp_per_floor":[75,75,75,75,75,75,75,75,75,75,75,75,75,75,75,75,75,75,75,75,75,75,75,75,75,75,75,75,75,75,75,75,75,75,75,77,77,77],"relic_stats":{"counters":[20,100],"Black Star":0,"War Paint":["theSenshi:LateForSchool","theSenshi:SailorBlock"],"Question Card":8,"obtain_stats":[{"theSenshi:CutieMoonRodRelic":17,"theForsaken:Lifeblossom":10,"infinitespire:FocusingShard":9,"infinitespire:Magic Flask":7,"War Paint":31,"Question Card":24,"aspiration:HiddenCompartment":29,"Calling Bell":17,"theSenshi:TransformationBroochRelic":0,"hubris:AstralHammer":26,"hubris:DeckOfHolding":17,"hubris:CuriousFeather":0,"Garlic":21,"Black Star":34,"aspiration:HatOfInfinitePower":17},{"theSenshi:CutieMoonRodRelic":10,"theForsaken:Lifeblossom":5,"infinitespire:FocusingShard":4,"infinitespire:Magic Flask":4,"War Paint":16,"Question Card":15,"aspiration:HiddenCompartment":16,"Calling Bell":10,"theSenshi:TransformationBroochRelic":0,"hubris:AstralHammer":15,"hubris:DeckOfHolding":10,"hubris:CuriousFeather":0,"Garlic":13,"Black Star":17,"aspiration:HatOfInfinitePower":10},{"theSenshi:CutieMoonRodRelic":43,"theForsaken:Lifeblossom":22,"infinitespire:FocusingShard":14,"infinitespire:Magic Flask":14,"War Paint":79,"Question Card":71,"aspiration:HiddenCompartment":79,"Calling Bell":43,"theSenshi:TransformationBroochRelic":0,"hubris:AstralHammer":71,"hubris:DeckOfHolding":43,"hubris:CuriousFeather":0,"Garlic":56,"Black Star":89,"aspiration:HatOfInfinitePower":43}]},"card_choices":[{"not_picked":["theSenshi:UranusStrength","theSenshi:SupersonicWaves"],"picked":"theSenshi:TuxedoMaskAssists","floor":1.0},{"not_picked":["theSenshi:SailorMarsAssists","theSenshi:Sidestep"],"picked":"theSenshi:SailorVenusAssists","floor":2.0},{"not_picked":["theSenshi:SupersonicWaves","theSenshi:RainbowMoonHeartAche"],"picked":"theSenshi:TuxedoSmokingBomber","floor":4.0},{"not_picked":["theSenshi:SailorMercuryAssists","theSenshi:TuxedoMaskAssists"],"picked":"theSenshi:MoonTiaraMagic","floor":7.0},{"not_picked":["theSenshi:MoonTiaraMagic","theSenshi:SteeledNerves"],"picked":"theSenshi:SailorStarFighterAssists","floor":10.0},{"not_picked":["theSenshi:MoonTiaraMagic","theSenshi:SupersonicWaves"],"picked":"theSenshi:MoonPunch","floor":11.0},{"not_picked":["theSenshi:TuxedoSmokingBomber","theSenshi:SailorMarsAssists"],"picked":"theSenshi:MoonPrincessHalation","floor":12.0},{"not_picked":["theSenshi:Sidestep","theSenshi:SupersonicWaves"],"picked":"theSenshi:MoonPower","floor":13.0},{"not_picked":["theSenshi:MoonPrincessHalation","theSenshi:TuxedoSmokingBomber"],"picked":"theSenshi:MercurysCunning","floor":14.0},{"not_picked":["theSenshi:GlimpseOfThePast","theSenshi:JupitersPower"],"picked":"theSenshi:MoonGorgeousMeditation","floor":16.0},{"not_picked":["theSenshi:EncouragingSpeech+1","theSenshi:MercurysCunning+1"],"picked":"theSenshi:CrisisMakeUp","floor":18.0},{"not_picked":["theSenshi:SailorPlanetPower","theSenshi:LateForSchool"],"picked":"theSenshi:MoonKick+1","floor":19.0},{"not_picked":["theSenshi:SailorMarsAssists","theSenshi:MoonsReflection"],"picked":"theSenshi:TuxedoSmokingBomber","floor":20.0},{"not_picked":["theSenshi:DramaticEntrance","theSenshi:SteeledNerves+1"],"picked":"theSenshi:LunasBite","floor":22.0},{"not_picked":["theSenshi:SailorVenusAssists","theSenshi:SailorStarFighterAssists"],"picked":"theSenshi:FatedKiss","floor":24.0},{"not_picked":["theSenshi:MoonPunch","theSenshi:NeptunesGrace+1","theSenshi:MoonCrystalPowerMakeUp"],"picked":"theSenshi:LateForSchool","floor":29.0},{"not_picked":["theSenshi:InTheNameOfTheMoon","theSenshi:MoonGorgeousMeditation","theSenshi:ChibiMoonsLove"],"picked":"theSenshi:JupitersPower","floor":33.0},{"not_picked":["theSenshi:MoonTiaraMagic+1","theSenshi:SailorChibiMoonAssists","theSenshi:MoonPunch+1"],"picked":"theSenshi:TallSilhouette","floor":35},{"not_picked":["theSenshi:MoonSpiralHeartAttack","theSenshi:SailorVenusAssists","theSenshi:MoonPrincessHalation"],"picked":"theSenshi:TallSilhouette+1","floor":36}],"player_experience":598785,"relics_obtained":[{"floor":7.0,"key":"infinitespire:Magic Flask"},{"floor":9.0,"key":"infinitespire:FocusingShard"},{"floor":10.0,"key":"theForsaken:Lifeblossom"},{"floor":17.0,"key":"theSenshi:CutieMoonRodRelic"},{"floor":17.0,"key":"hubris:DeckOfHolding"},{"floor":17.0,"key":"aspiration:HatOfInfinitePower"},{"floor":24.0,"key":"Question Card"},{"floor":26.0,"key":"hubris:AstralHammer"},{"floor":29.0,"key":"aspiration:HiddenCompartment"}],"event_choices":[{"damage_healed":0.0,"max_hp_gain":0.0,"max_hp_loss":0.0,"gold_gain":0.0,"event_name":"The Mausoleum","player_choice":"Opened","floor":21.0,"gold_loss":0.0,"damage_taken":0.0,"relics_obtained":["Garlic"],"cards_obtained":["Writhe"]},{"cards_removed":["Writhe"],"damage_healed":0.0,"max_hp_gain":0.0,"max_hp_loss":0.0,"gold_gain":0.0,"event_name":"Fountain of Cleansing","player_choice":"Removed Curses","floor":28.0,"gold_loss":0.0,"damage_taken":0.0}],"is_beta":false,"boss_relics":[{"not_picked":["Replay:Fungal Core","Runesmith:UraniumAnvil"],"picked":"Calling Bell"},{"not_picked":["hubris:GrandSneckoEye","Kintsugi"],"picked":"Black Star"}],"items_purged_floors":[],"is_endless":true,"potions_floor_spawned":[1,11,12,14,16,19,22,29,35],"killed_by":"Jaw Worm Horde","ascension_level":0}}