{"host":"uy3xxt3jvdg1h0wo","time":1610656615,"event":{"mods":["Act Like it!","Arknights The Spire","Aspiration","Astrologer","BaseMod","Better Sensory Stone","Better Vampires","CatGirl Mod","ChefMod","Colored Powertips","Conspire","Displayed Cursed Tome","Dota2Spire","Fox Events","GifTheSpireLib","Gremlin Skip","Grow up Mod","Halation","Hallownest","Hermit","Hubris","JesterMod","Jorbs\u0027s Wanderer Trilogy","Kratos Character Expansion","Melee Mod","Menagerie","Minty Spire (QoL Compilation)","Poor People Problems","RatMod","Remove Card Discount Mod","Replay The Spire","Retaliation","Robot Space Explorer","SCP261 Mod","Shade Mod","Shop Mod","Spicy Shops","Spikes Relics","Spire Birthday Party","StSLib","Stuff the Spire","The Caster","The Cursed","The Factory","The Forsaken","The Hayseed","The Judge","The Jungle","The Kombatant","The Marked","The Necromancer","The Problem Sleuth","TheVacant","TheWitcher","Transform Curses","Virulent Crown","[IsaacMod]????","thorton","vexMod","????"],"gold_per_floor":[110,110,110,143,162,162,0,0,0,0,0,0,29,29,29,124,124,123,123,122,122,134,4,34,34,34,43,43,43,55,19,19,102,102,114,114,114,14,28,65,85,85,85,103,103,117,117,136,8,13,13,1,1,29,34],"floor_reached":56,"language":"ENG","playtime":4087,"items_purged":[],"score":1218,"play_id":"6eb03af2-eaf6-4ff1-8a3d-2b6e022b7225","local_time":"20210114143655","is_ascension_mode":false,"campfire_choices":[{"floor":6,"key":"RECALL"},{"floor":8,"key":"REST"},{"data":"SnafuTest:PaySmithWorkshop","floor":12,"key":"SMITH"},{"floor":15,"key":"REST"},{"floor":25,"key":"REST"},{"floor":28,"key":"REST"},{"data":"SnafuTest:PaySmithWorkshop","floor":32,"key":"SMITH"},{"floor":42,"key":"REST"}],"circlet_count":0,"master_deck":["hubris:Hubris","SnafuTest:DefaultCommonAttack","SnafuTest:DefaultCommonAttack","SnafuTest:DefaultCommonAttack","SnafuTest:BountyHunt","SnafuTest:DefaultCommonSkill+1","SnafuTest:DefaultCommonSkill","SnafuTest:DefaultCommonSkill","SnafuTest:SignYrden","SnafuTest:SwordDance+1","SnafuTest:ShoulderSlam","SnafuTest:ConciliatoryPresence","SnafuTest:SpellIthlinneProphecy","SnafuTest:BombDragonsDream","SnafuTest:PayArmorSmith","SnafuTest:SignQuen","The Bomb","SnafuTest:SignQuen","SnafuTest:SpellChainLightning","SnafuTest:BombDevilsPuffball","ReplayTheSpireMod:Necrogeddon","SnafuTest:SmashingSlash+1","SnafuTest:SpellBitingFrost","hubris:NaturalOne","SnafuTest:FreyaBlessing","SnafuTest:BombDimeritium+1","SnafuTest:WitchHunt","SnafuTest:SneakKill+1","SnafuTest:Amputation","SnafuTest:WitchHunt+1","SnafuTest:Portal+1","SnafuTest:PowerVainGlory+1","SnafuTest:SpellTortoise","SnafuTest:SmashingSlash","vexMod:StairwayStrike","Mind Blast","SnafuTest:SneakKill","SnafuTest:SneakKill","SnafuTest:LandOfFables"],"relics":["SnafuTest:UnstableMutagenRelic","HushsDoor","SteamSale","halation:PinkSoulGem","MerchantsRug","GuppysHairball","hubris:Icosahedron","Oddly Smooth Stone","Blood Vial","vexMod:ScavengeHelm","TheBean","conspire:SpecialSausage","halation:EternalFortune","The Courier","hubris:Towel","Thread and Needle","Orichalcum"],"acts_visited":["Exordium","TheCity","TheCity","TheEnding"],"potions_floor_usage":[13,18,18,22,24,24,27,40,40,48,50,54,55],"damage_taken":[{"damage":7,"enemies":"conspire:RoseBush","floor":1,"turns":4},{"damage":0,"enemies":"2 Louse","floor":4,"turns":4},{"damage":10,"enemies":"Cultist","floor":5,"turns":4},{"damage":17,"enemies":"3 Sentries","floor":13,"turns":5},{"damage":45,"enemies":"Slime Boss","floor":16,"turns":9},{"damage":20,"enemies":"conspire:FuzzyDice","floor":18,"turns":3},{"damage":18,"enemies":"3 Byrds","floor":20,"turns":4},{"damage":16,"enemies":"3 Cultists","floor":22,"turns":5},{"damage":55,"enemies":"Gremlin Leader","floor":24,"turns":5},{"damage":12,"enemies":"Snake Plant","floor":27,"turns":4},{"damage":12,"enemies":"Shelled Parasite and Fungi","floor":30,"turns":2},{"damage":86,"enemies":"Collector","floor":33,"turns":9},{"damage":0,"enemies":"theFactory:BigBot","floor":35,"turns":6},{"damage":17,"enemies":"theFactory:4_Mini-Bots","floor":39,"turns":3},{"damage":47,"enemies":"theFactory:Manservantes","floor":40,"turns":7},{"damage":14,"enemies":"theFactory:Sentries_and_Big_Bot","floor":41,"turns":5},{"damage":44,"enemies":"theFactory:Orbs_and_Orb_Walker","floor":44,"turns":4},{"damage":28,"enemies":"theFactory:Personnel_and_Mini-Bots","floor":46,"turns":5},{"damage":0,"enemies":"theFactory:DefectiveSentry","floor":48,"turns":4},{"damage":29,"enemies":"theFactory:Guardian2","floor":50,"turns":7},{"damage":42,"enemies":"Shield and Spear","floor":54,"turns":4},{"damage":165,"enemies":"The Heart","floor":55,"turns":10}],"seed_played":"-4579062195614380170","potions_obtained":[{"floor":5,"key":"SCP261:ThunderBarPotion"},{"floor":16,"key":"SneckoOil"},{"floor":18,"key":"Block Potion"},{"floor":22,"key":"FairyPotion"},{"floor":24,"key":"BlessingOfTheForge"},{"floor":33,"key":"Flashbang"},{"floor":35,"key":"Death Potion"},{"floor":46,"key":"Toxic Potion"},{"floor":48,"key":"SkillPotion"}],"is_trial":false,"path_per_floor":["M","?","?","M","M","R","$","R","T","$","?","R","E","T","R","B",null,"M","?","M","?","M","R","E","R","T","M","R","?","M","$","R","B",null,"M","?","?","$","M","E","M","R","T","M","?","M","?","M","R","B",null,"R","$","E","B",null],"character_chosen":"THE_WITCHER","items_purchased":["MerchantsRug","Ancient Tea Set","SnafuTest:PaySmithWorkshop","GuppysHairball","SnafuTest:BombDragonsDream","SnafuTest:PayArmorSmith","SnafuTest:SignQuen","Doom Potion","SCP261:PenguinPunchPotion","The Bomb","Oddly Smooth Stone","vexMod:EmailVexCard","ReplayTheSpireMod:Necrogeddon","TheBean","MealTicket","SnafuTest:WitchHunt","vexMod:TimeEaterHat","CultistPotion","SnafuTest:SmashingSlash","Thread and Needle","vexMod:StairwayStrike","Mind Blast","SnafuTest:SneakKill"],"campfire_rested":5,"item_purchase_floors":[7,7,7,17,17,17,17,17,17,17,23,23,23,31,38,38,49,49,49,52,52,52,52],"current_hp_per_floor":[95,105,115,125,125,135,145,172,182,192,202,212,205,215,242,207,231,221,231,223,233,227,237,192,292,302,302,341,351,349,359,369,295,401,411,421,434,444,437,402,400,484,494,460,470,454,467,479,489,482,587,597,607,575,432],"gold":34,"neow_bonus":"TEN_PERCENT_HP_BONUS","is_daily":false,"chose_seed":false,"campfire_upgraded":2,"win_rate":0.0,"timestamp":1610656615,"path_taken":["M","?","?","?","M","R","$","R","T","$","?","R","E","?","R","BOSS","M","?","?","?","M","R","E","R","T","M","R","?","?","$","R","BOSS","M","?","?","$","M","E","M","R","T","M","?","M","?","M","R","BOSS","R","$","E","BOSS"],"items_purchased_type":["Relic","Relic","Card","Relic","Card","Card","Card","Potion","Potion","Card","Relic","Card","Card","Relic","Relic","Card","Relic","Potion","Card","Relic","Card","Card","Card"],"build_version":"2020-12-22","purchased_purges":0,"victory":true,"max_hp_per_floor":[102,112,122,132,142,152,162,172,182,192,202,212,222,232,242,252,231,241,251,261,271,281,291,301,311,321,331,341,351,361,371,381,391,401,411,421,434,444,454,464,474,484,494,504,514,524,537,547,557,577,587,597,607,617,637],"card_choices":[{"not_picked":["SnafuTest:SpellTortoise","SnafuTest:HermitsErudition"],"picked":"SnafuTest:GetPaid","floor":1},{"not_picked":["SnafuTest:SpellTortoise","SnafuTest:ExcessiveLevies"],"picked":"SnafuTest:SwordDance","floor":4},{"not_picked":["SnafuTest:MCMockAndRun","SnafuTest:BombDragonsDream"],"picked":"SnafuTest:ShoulderSlam","floor":5},{"not_picked":["SnafuTest:PowerAlwaysAWay","SnafuTest:SpellGloemGuard"],"picked":"SnafuTest:ConciliatoryPresence","floor":13},{"not_picked":["SnafuTest:AssassinOfKings","SnafuTest:Awake"],"picked":"SnafuTest:SpellIthlinneProphecy","floor":16},{"not_picked":["SnafuTest:MCFeignDeath","SnafuTest:SpellLifeDrain+1"],"picked":"SnafuTest:SignQuen","floor":18},{"not_picked":["SnafuTest:SignYrden","SnafuTest:PayBank"],"picked":"SnafuTest:SpellChainLightning","floor":20},{"not_picked":["SnafuTest:MCSuccubusSeduction","SnafuTest:Shooting+1"],"picked":"SnafuTest:BombDevilsPuffball","floor":22},{"not_picked":["SnafuTest:QueensGuard","SnafuTest:CareTaker"],"picked":"SnafuTest:SmashingSlash+1","floor":24},{"not_picked":["SnafuTest:ShoulderSlam+1","SnafuTest:Oriole"],"picked":"SnafuTest:SpellBitingFrost","floor":27},{"not_picked":["SnafuTest:CareTaker","SnafuTest:ArmoredSortie"],"picked":"SnafuTest:PaySmithWorkshop","floor":30},{"not_picked":["SnafuTest:PowerContactIsContract","SnafuTest:PowerEternalFlame"],"picked":"SnafuTest:FreyaBlessing","floor":33},{"not_picked":["SnafuTest:ArmoredSortie+1","SnafuTest:FirstAid+1"],"picked":"SnafuTest:BombDimeritium+1","floor":35},{"not_picked":["SnafuTest:SmashingSlash+1","SnafuTest:NoPass"],"picked":"SnafuTest:SneakKill+1","floor":39},{"not_picked":["SnafuTest:BombDancingStar","SnafuTest:BombSamum"],"picked":"SnafuTest:Amputation","floor":40},{"not_picked":["SnafuTest:ArmoredSortie+1","SnafuTest:FlashingEvasion"],"picked":"SnafuTest:WitchHunt+1","floor":41},{"not_picked":["SnafuTest:TrackingSense+1","SnafuTest:FirstAid"],"picked":"SnafuTest:Portal+1","floor":44},{"not_picked":["SnafuTest:AncestralRitual","SnafuTest:ShoulderSlam+1"],"picked":"SnafuTest:PowerVainGlory+1","floor":46},{"not_picked":["SnafuTest:ArmoredSortie","SnafuTest:MCMockAndRun+1"],"picked":"SnafuTest:SpellTortoise","floor":48},{"not_picked":["SnafuTest:SpellGloemGuard+1","SnafuTest:ScholarsIntrigue"],"picked":"SnafuTest:LandOfFables","floor":54}],"player_experience":4856696,"relics_obtained":[{"floor":13,"key":"hubris:OldNail"},{"floor":14,"key":"Replay:Rubber Ducky"},{"floor":24,"key":"Blood Vial"},{"floor":26,"key":"vexMod:ScavengeHelm"},{"floor":40,"key":"BelialBook"},{"floor":43,"key":"The Courier"},{"floor":54,"key":"Orichalcum"}],"event_choices":[{"damage_healed":0,"gold_gain":0,"player_choice":"Ignored","damage_taken":0,"max_hp_gain":0,"max_hp_loss":0,"event_name":"Ghosts","floor":29,"gold_loss":0},{"cards_removed":["vexMod:EmailVexCard"],"damage_healed":0,"gold_gain":0,"player_choice":"Offered Uncommon","damage_taken":0,"max_hp_gain":0,"max_hp_loss":0,"event_name":"Bonfire Elementals","floor":36,"gold_loss":0}],"is_beta":false,"boss_relics":[{"not_picked":["hubris:RunicObelisk","theForsaken:PaleLantern"],"picked":"Snecko Eye"},{"not_picked":[]},{"not_picked":["halation:ForbiddenBikini","aspiration:SilentSkillbook"],"picked":"conspire:SpecialSausage"},{"not_picked":[]}],"items_purged_floors":[],"is_endless":false,"potions_floor_spawned":[5,16,18,22,24,33,35,46,48],"ascension_level":0}}