{"host":"vyjryxuuuxkt43k4","time":1610618883,"event":{"mods":["BaseMod","Colored Map","DeckTracker","Minty Spire (QoL Compilation)","Permanent Neow","Quick Restart","StSLib","SuperFastMode","everything is the same but u backflip on backflip"],"gold_per_floor":[113,131,131,150,161,161,187,187,187,30,64,83,8,26,26,122,122,122],"floor_reached":17,"language":"KOR","playtime":2144,"items_purged":["Strike_B"],"score":184,"play_id":"476e1fda-f3ed-4c22-8f3e-3ed5825ee2b4","local_time":"20210114190803","is_ascension_mode":true,"campfire_choices":[{"data":"Beam Cell","floor":6.0,"key":"SMITH"},{"floor":8.0,"key":"REST"},{"floor":15,"key":"REST"}],"circlet_count":0,"master_deck":["Strike_B","Strike_B","Strike_B","Defend_B","Defend_B","Defend_B","Defend_B","Zap","Dualcast","Compile Driver","Streamline","Coolheaded","Beam Cell+1","Creative AI","FTL+1","Skim","Capacitor"],"relics":["Cracked Core","Bag of Preparation","Pen Nib","Molten Egg 2","ClockworkSouvenir","Incense Burner","Coffee Dripper"],"acts_visited":["Exordium","TheCity"],"potions_floor_usage":[11,11,16],"damage_taken":[{"damage":1.0,"enemies":"Cultist","floor":1.0,"turns":3.0},{"damage":5.0,"enemies":"Small Slimes","floor":2.0,"turns":3.0},{"damage":2.0,"enemies":"Jaw Worm","floor":4.0,"turns":3.0},{"damage":10.0,"enemies":"3 Louse","floor":5.0,"turns":4.0},{"damage":25.0,"enemies":"3 Sentries","floor":7.0,"turns":7.0},{"damage":14,"enemies":"Gremlin Nob","floor":11,"turns":3},{"damage":0,"enemies":"Exordium Thugs","floor":12,"turns":3},{"damage":2,"enemies":"2 Fungi Beasts","floor":14,"turns":3},{"damage":38,"enemies":"The Guardian","floor":16,"turns":10}],"seed_played":"-7703599444708514323","potions_obtained":[{"floor":1.0,"key":"Strength Potion"},{"floor":7.0,"key":"AttackPotion"},{"floor":12,"key":"EssenceOfDarkness"}],"is_trial":false,"path_per_floor":["M","M","?","M","M","R","E","R","T","$","E","M","$","M","R","B",null],"character_chosen":"DEFECT","items_purchased":["ClockworkSouvenir"],"campfire_rested":2,"item_purchase_floors":[10],"current_hp_per_floor":[74,69,51,49,39,39,14,36,36,36,22,22,22,20,42,4,75,75],"gold":122,"neow_bonus":"RANDOM_COMMON_RELIC","is_daily":false,"chose_seed":false,"campfire_upgraded":1,"win_rate":0.0,"timestamp":1610618883,"path_taken":["M","?","?","M","M","R","E","R","T","$","E","M","?","M","R","BOSS"],"items_purchased_type":["Relic"],"build_version":"2020-12-22","purchased_purges":1,"victory":false,"max_hp_per_floor":[75,75,75,75,75,75,75,75,75,75,75,75,75,75,75,75,75,75],"card_choices":[{"not_picked":["Skim","Rebound"],"picked":"Compile Driver","floor":1.0},{"not_picked":["Go for the Eyes","Blizzard"],"picked":"Streamline","floor":2.0},{"not_picked":["Barrage","Leap"],"picked":"Coolheaded","floor":4.0},{"not_picked":["Stack","Streamline"],"picked":"Beam Cell","floor":5.0},{"not_picked":["Undo","Compile Driver+1"],"picked":"Creative AI","floor":7.0},{"not_picked":["Reprogram","Sweeping Beam+1"],"picked":"FTL+1","floor":11},{"not_picked":["Gash+1","Barrage+1"],"picked":"Skim","floor":12},{"not_picked":["Reprogram","White Noise"],"picked":"Capacitor","floor":14}],"player_experience":291896,"relics_obtained":[{"floor":7.0,"key":"Molten Egg 2"},{"floor":11,"key":"Incense Burner"}],"event_choices":[{"damage_healed":0.0,"max_hp_gain":0.0,"max_hp_loss":0.0,"gold_gain":0.0,"event_name":"Scrap Ooze","player_choice":"Success","floor":3.0,"gold_loss":0.0,"damage_taken":18.0,"relics_obtained":["Pen Nib"]}],"is_beta":false,"boss_relics":[{"not_picked":["Sozu","Busted Crown"],"picked":"Coffee Dripper"}],"items_purged_floors":[13],"is_endless":false,"potions_floor_spawned":[1,7,12],"ascension_level":2}}