{"host":"uonldg9uriwfhjjx","time":1610618225,"event":{"mods":["AchievementEnabler","BaseMod","Minty Spire (QoL Compilation)","Relic Stats","StSLib","The Cursed"],"gold_per_floor":[116,4,18,30,30,56,56,75,101,101,129,12,41,55,55,156,156,168,78,96,111,41,41,68,84,84,84,116,0,0,13,13,117,117,133,58,74,88,138,138,166,179,179,179,197,230,230,241,241,241],"floor_reached":51,"language":"ENG","playtime":9515,"items_purged":["TheCursedMod:Strike_TheCursed"],"score":841,"play_id":"45cb1348-a6b5-47dd-aefe-4887016ad4a7","local_time":"20210114045705","is_ascension_mode":true,"campfire_choices":[{"data":"TheCursedMod:CleanUpWorkshop","floor":7,"key":"SMITH"},{"data":"TheCursedMod:ManaBullet","floor":10,"key":"SMITH"},{"floor":15,"key":"REST"},{"floor":23,"key":"REST"},{"data":"TheCursedMod:CircleOfWindfury","floor":27,"key":"SMITH"},{"floor":32,"key":"REST"},{"floor":40,"key":"RECALL"},{"floor":44,"key":"REST"},{"data":"TheCursedMod:DarkBarrier","floor":49,"key":"SMITH"}],"circlet_count":0,"master_deck":["TheCursedMod:Strike_TheCursed","TheCursedMod:Strike_TheCursed","TheCursedMod:Defend_TheCursed","TheCursedMod:Defend_TheCursed","TheCursedMod:Defend_TheCursed","TheCursedMod:Defend_TheCursed","TheCursedMod:CursedWand","TheCursedMod:CleanUpWorkshop+1","TheCursedMod:Dregs","TheCursedMod:CursedAmulet","TheCursedMod:PrepareRite","TheCursedMod:Hemoplague+1","TheCursedMod:CursedStaff","TheCursedMod:CursedMace","TheCursedMod:ManaBullet+1","TheCursedMod:TroublousMinions","TheCursedMod:CircleOfBlood","TheCursedMod:SpitefulPlan","TheCursedMod:Neurasthenia","TheCursedMod:Torture","TheCursedMod:CollectTribute","TheCursedMod:CircleOfWindfury+1","TheCursedMod:SmokeScreen","TheCursedMod:LuckyCharm","TheCursedMod:CursedSpellbook+1","TheCursedMod:HellsGateOpen+1","TheCursedMod:RapidMovement","TheCursedMod:CircleOfBlood","TheCursedMod:Neurasthenia","TheCursedMod:RapidMovement","TheCursedMod:FleshFromBone+1","TheCursedMod:SpitefulPray","TheCursedMod:EmpowerCircles","TheCursedMod:Mangle","TheCursedMod:CursedSpellbook+1","TheCursedMod:DarkBarrier+1","Mind Blast"],"relics":["TheCursedMod:BlackMagicAdvanced","Peace Pipe","Strawberry","Regal Pillow","TheCursedMod:Tack","Anchor","Potion Belt","TheCursedMod:DemonicMark","Dream Catcher","Nilry\u0027s Codex","TheCursedMod:FourLeafCloverCharm","Ice Cream","Art of War","Ginger","Gambling Chip"],"acts_visited":["Exordium","TheCity","TheBeyond"],"potions_floor_usage":[11,24,24,28,41,41,48,50,50],"damage_taken":[{"damage":2,"enemies":"Small Slimes","floor":1,"turns":4},{"damage":5,"enemies":"Cultist","floor":3,"turns":4},{"damage":10,"enemies":"Jaw Worm","floor":4,"turns":7},{"damage":22,"enemies":"3 Sentries","floor":6,"turns":10},{"damage":1,"enemies":"Looter","floor":8,"turns":3},{"damage":27,"enemies":"Lagavulin","floor":11,"turns":4},{"damage":4,"enemies":"3 Sentries","floor":13,"turns":6},{"damage":2,"enemies":"3 Louse","floor":14,"turns":3},{"damage":34,"enemies":"The Guardian","floor":16,"turns":8},{"damage":15,"enemies":"Shell Parasite","floor":18,"turns":4},{"damage":21,"enemies":"2 Thieves","floor":20,"turns":4},{"damage":18,"enemies":"Shelled Parasite and Fungi","floor":21,"turns":4},{"damage":3,"enemies":"Book of Stabbing","floor":24,"turns":4},{"damage":2,"enemies":"Snake Plant","floor":25,"turns":2},{"damage":34,"enemies":"Slavers","floor":28,"turns":6},{"damage":4,"enemies":"3 Cultists","floor":31,"turns":5},{"damage":34,"enemies":"Automaton","floor":33,"turns":10},{"damage":22,"enemies":"Orb Walker","floor":35,"turns":4},{"damage":21,"enemies":"3 Darklings","floor":37,"turns":7},{"damage":10,"enemies":"Jaw Worm Horde","floor":38,"turns":4},{"damage":7,"enemies":"Mind Bloom Boss Battle","floor":39,"turns":7},{"damage":11,"enemies":"Reptomancer","floor":41,"turns":8},{"damage":13,"enemies":"Transient","floor":42,"turns":5},{"damage":0,"enemies":"Maw","floor":45,"turns":8},{"damage":10,"enemies":"Giant Head","floor":46,"turns":7},{"damage":8,"enemies":"Spire Growth","floor":48,"turns":5},{"damage":34,"enemies":"Time Eater","floor":50,"turns":8}],"seed_played":"1861474563173750263","potions_obtained":[{"floor":3,"key":"ColorlessPotion"},{"floor":6,"key":"Explosive Potion"},{"floor":8,"key":"Weak Potion"},{"floor":13,"key":"AttackPotion"},{"floor":18,"key":"DistilledChaos"},{"floor":31,"key":"Ancient Potion"},{"floor":35,"key":"DuplicationPotion"},{"floor":38,"key":"Strength Potion"},{"floor":39,"key":"Weak Potion"},{"floor":42,"key":"LiquidMemories"}],"is_trial":false,"path_per_floor":["M","$","M","M","?","E","R","M","T","R","E","$","E","M","R","B",null,"M","?","M","M","$","R","E","M","T","R","E","?","?","M","R","B",null,"M","$","M","M","?","R","E","M","T","R","M","E","?","M","R","B",null],"character_chosen":"THE_CURSED","items_purchased":["TheCursedMod:PrepareRite","TheCursedMod:Hemoplague","TheCursedMod:CircleOfBlood","TheCursedMod:SpitefulPlan","TheCursedMod:LuckyCharm"],"campfire_rested":4,"item_purchase_floors":[2,2,12,12,22],"current_hp_per_floor":[66,66,61,51,56,41,41,40,40,40,13,13,13,15,54,24,80,65,65,46,32,32,71,68,70,70,70,36,36,20,18,57,29,80,60,60,41,35,30,30,21,18,18,57,59,51,51,47,47,17],"gold":241,"neow_bonus":"ONE_RARE_RELIC","is_daily":false,"chose_seed":false,"campfire_upgraded":4,"win_rate":0.0,"timestamp":1610618225,"path_taken":["M","$","M","M","?","E","R","M","T","R","E","$","E","M","R","BOSS","M","?","M","?","$","R","E","M","T","R","E","?","?","M","R","BOSS","M","$","M","M","?","R","E","M","T","R","M","E","?","M","R","BOSS"],"items_purchased_type":["Card","Card","Card","Card","Card"],"build_version":"2020-12-22","purchased_purges":1,"victory":true,"max_hp_per_floor":[68,68,68,68,73,80,80,80,80,80,80,80,80,80,80,80,80,80,80,80,80,80,80,80,80,80,80,80,80,80,80,80,80,80,80,80,80,80,80,80,80,80,80,80,80,80,80,80,80,80],"relic_stats":{"Peace Pipe":0,"Regal Pillow":60,"Dream Catcher":2,"counters":[27,151],"Gambling Chip":[3],"Art of War":[4],"Ginger":[5],"obtain_stats":[{"Potion Belt":24,"Ice Cream":39,"TheCursedMod:BlackMagic101":0,"Regal Pillow":9,"TheCursedMod:FourLeafCloverCharm":34,"TheCursedMod:BlackMagicAdvanced":17,"Nilry\u0027s Codex":30,"TheCursedMod:Tack":11,"Ginger":43,"TheCursedMod:DemonicMark":26,"Peace Pipe":0,"Anchor":13,"Dream Catcher":28,"Strawberry":6,"Gambling Chip":46,"Art of War":41},{"Potion Belt":13,"Ice Cream":21,"TheCursedMod:BlackMagic101":0,"Regal Pillow":5,"TheCursedMod:FourLeafCloverCharm":17,"TheCursedMod:BlackMagicAdvanced":9,"Nilry\u0027s Codex":15,"TheCursedMod:Tack":6,"Ginger":23,"TheCursedMod:DemonicMark":14,"Peace Pipe":0,"Anchor":7,"Dream Catcher":15,"Strawberry":4,"Gambling Chip":25,"Art of War":22},{"Potion Belt":65,"Ice Cream":110,"TheCursedMod:BlackMagic101":0,"Regal Pillow":28,"TheCursedMod:FourLeafCloverCharm":88,"TheCursedMod:BlackMagicAdvanced":49,"Nilry\u0027s Codex":73,"TheCursedMod:Tack":32,"Ginger":123,"TheCursedMod:DemonicMark":67,"Peace Pipe":0,"Anchor":38,"Dream Catcher":73,"Strawberry":25,"Gambling Chip":138,"Art of War":118}]},"card_choices":[{"not_picked":["TheCursedMod:RapidMovement","TheCursedMod:CircleOfCorruption"],"picked":"TheCursedMod:CursedAmulet","floor":1},{"not_picked":["TheCursedMod:Stigma","TheCursedMod:Torture","TheCursedMod:BloodBarrier"],"picked":"SKIP","floor":3},{"not_picked":["TheCursedMod:CursedMace","TheCursedMod:VitalStrike"],"picked":"TheCursedMod:CursedStaff","floor":4},{"not_picked":["TheCursedMod:CursedBlade","TheCursedMod:SurpriseAttack"],"picked":"TheCursedMod:CursedMace","floor":6},{"not_picked":["TheCursedMod:RavingStaff","TheCursedMod:Stretching"],"picked":"TheCursedMod:ManaBullet","floor":8},{"not_picked":["TheCursedMod:Hemoplague","TheCursedMod:RavingStaff"],"picked":"TheCursedMod:TroublousMinions","floor":11},{"not_picked":["TheCursedMod:SpitefulPray","TheCursedMod:AntiAging"],"picked":"TheCursedMod:Neurasthenia","floor":13},{"not_picked":["TheCursedMod:RavingStaff","TheCursedMod:FleshFromBone"],"picked":"TheCursedMod:Torture","floor":14},{"not_picked":["TheCursedMod:NeowsMight","TheCursedMod:DarkBarrier"],"picked":"TheCursedMod:CollectTribute","floor":16},{"not_picked":["TheCursedMod:TroublousMinions+1","TheCursedMod:SpreadPlague+1"],"picked":"TheCursedMod:CircleOfWindfury","floor":18},{"not_picked":["TheCursedMod:CircleOfFlame","TheCursedMod:CursedShiv"],"picked":"TheCursedMod:SmokeScreen","floor":20},{"not_picked":["TheCursedMod:SpitefulPlan","TheCursedMod:StingEye","TheCursedMod:EmpowerCircles"],"picked":"SKIP","floor":21},{"not_picked":["TheCursedMod:HellfireBreathing+1","TheCursedMod:Stretching+1"],"picked":"TheCursedMod:CursedSpellbook+1","floor":24},{"not_picked":["TheCursedMod:VitalStrike","TheCursedMod:CursedBoomerang"],"picked":"TheCursedMod:HellsGateOpen+1","floor":25},{"not_picked":["TheCursedMod:TacticalStrike+1","TheCursedMod:UltimatePain"],"picked":"TheCursedMod:RapidMovement","floor":28},{"not_picked":["TheCursedMod:CircleOfWindfury","TheCursedMod:CursedSpellbook"],"picked":"TheCursedMod:CircleOfBlood","floor":31},{"not_picked":["TheCursedMod:DarkBarrier","TheCursedMod:CollectTribute"],"picked":"TheCursedMod:Neurasthenia","floor":33},{"not_picked":["TheCursedMod:CursedBlade","TheCursedMod:Stretching"],"picked":"TheCursedMod:RapidMovement","floor":35},{"not_picked":["TheCursedMod:CursedShiv+1","TheCursedMod:WearCloak","TheCursedMod:SaltUponWound"],"picked":"SKIP","floor":37},{"not_picked":["TheCursedMod:ManaBullet","TheCursedMod:SoulCrush"],"picked":"TheCursedMod:FleshFromBone+1","floor":38},{"not_picked":["TheCursedMod:CircleOfFlame+1","TheCursedMod:Obscuration"],"picked":"TheCursedMod:SpitefulPray","floor":39},{"not_picked":["TheCursedMod:SurpriseAttack","TheCursedMod:DemonSword"],"picked":"TheCursedMod:EmpowerCircles","floor":41},{"not_picked":["TheCursedMod:RapidMovement","TheCursedMod:RavingStaff"],"picked":"TheCursedMod:Mangle","floor":42},{"not_picked":["TheCursedMod:VitalStrike","TheCursedMod:BloodBarrier+1"],"picked":"TheCursedMod:CursedSpellbook+1","floor":45},{"not_picked":["TheCursedMod:RapidMovement","TheCursedMod:CursedStaff"],"picked":"TheCursedMod:DarkBarrier","floor":46},{"not_picked":["Jack Of All Trades","Impatience"],"picked":"Mind Blast","floor":47},{"not_picked":["TheCursedMod:TacticalStrike","TheCursedMod:CursedShiv","TheCursedMod:CursedStaff+1"],"picked":"SKIP","floor":48}],"player_experience":787164,"relics_obtained":[{"floor":6,"key":"Strawberry"},{"floor":9,"key":"Regal Pillow"},{"floor":11,"key":"TheCursedMod:Tack"},{"floor":13,"key":"Anchor"},{"floor":24,"key":"Potion Belt"},{"floor":26,"key":"TheCursedMod:DemonicMark"},{"floor":28,"key":"Dream Catcher"},{"floor":30,"key":"Nilry\u0027s Codex"},{"floor":39,"key":"Ice Cream"},{"floor":41,"key":"Art of War"},{"floor":43,"key":"Ginger"},{"floor":46,"key":"Gambling Chip"}],"event_choices":[{"damage_healed":0,"gold_gain":0,"player_choice":"Donut","damage_taken":0,"max_hp_gain":5,"max_hp_loss":0,"event_name":"Big Fish","floor":5,"gold_loss":0},{"cards_removed":["TheCursedMod:Strike_TheCursed"],"damage_healed":0,"gold_gain":0,"player_choice":"Upgrade and Remove","damage_taken":0,"max_hp_gain":0,"max_hp_loss":0,"event_name":"Designer","floor":19,"gold_loss":90,"cards_upgraded":["TheCursedMod:Hemoplague"]},{"damage_healed":0,"gold_gain":0,"player_choice":"Paid Fearfully","damage_taken":0,"max_hp_gain":0,"max_hp_loss":0,"event_name":"Masked Bandits","floor":29,"gold_loss":116},{"damage_healed":0,"gold_gain":0,"player_choice":"Obtained Book","damage_taken":16,"max_hp_gain":0,"max_hp_loss":0,"event_name":"Cursed Tome","floor":30,"gold_loss":0},{"damage_healed":0,"gold_gain":0,"player_choice":"Fight","damage_taken":0,"max_hp_gain":0,"max_hp_loss":0,"event_name":"MindBloom","floor":39,"gold_loss":0},{"damage_healed":0,"gold_gain":0,"player_choice":"Memory 1","damage_taken":0,"max_hp_gain":0,"max_hp_loss":0,"event_name":"SensoryStone","floor":47,"gold_loss":0}],"is_beta":false,"boss_relics":[{"not_picked":["Busted Crown","Sozu"],"picked":"TheCursedMod:BlackMagicAdvanced"},{"not_picked":["Snecko Eye","SacredBark"],"picked":"TheCursedMod:FourLeafCloverCharm"}],"items_purged_floors":[36],"is_endless":false,"potions_floor_spawned":[3,6,8,13,18,21,31,35,38,39,42],"ascension_level":2}}