{"host":"vyjryxuuuxkt43k4","time":1610641335,"event":{"mods":["BaseMod","Colored Map","DeckTracker","Minty Spire (QoL Compilation)","Permanent Neow","Quick Restart","StSLib","SuperFastMode","everything is the same but u backflip on backflip"],"gold_per_floor":[113,131,206,39,39,65,83,98,122,43,53,88,88,102,102,206,206,225,240,258,269,50,50,60,60,60,60,60],"floor_reached":27,"language":"KOR","playtime":1878,"items_purged":["Defend_P"],"score":252,"play_id":"76be3381-0af5-4daf-a8c0-dda6f2edd4f7","local_time":"20210115012215","is_ascension_mode":false,"campfire_choices":[{"data":"Eruption","floor":13.0,"key":"SMITH"},{"data":"Judgement","floor":15.0,"key":"SMITH"},{"floor":23.0,"key":"REST"}],"circlet_count":0,"master_deck":["Strike_P","Strike_P","Strike_P","Strike_P","Defend_P","Defend_P","Defend_P","Eruption+1","Vigilance","Tantrum","FollowUp","EmptyFist+1","BowlingBash","EmptyBody","Judgement+1","FearNoEvil","Swivel","TalkToTheHand","LessonLearned+1","Consecrate","TalkToTheHand+1","Study+1"],"relics":["PureWater","NeowsBlessing","OrangePellets","Tiny Chest","Art of War","Strawberry","Black Star","Nunchaku","Meat on the Bone"],"acts_visited":["Exordium","TheCity"],"potions_floor_usage":[],"damage_taken":[{"damage":0.0,"enemies":"Jaw Worm","floor":1.0,"turns":1.0},{"damage":0.0,"enemies":"Small Slimes","floor":2.0,"turns":1.0},{"damage":0.0,"enemies":"3 Sentries","floor":6.0,"turns":1.0},{"damage":0.0,"enemies":"Cultist","floor":7.0,"turns":2.0},{"damage":0.0,"enemies":"3 Louse","floor":8.0,"turns":2.0},{"damage":9.0,"enemies":"Lots of Slimes","floor":11.0,"turns":3.0},{"damage":16.0,"enemies":"Gremlin Nob","floor":12.0,"turns":3.0},{"damage":0.0,"enemies":"2 Fungi Beasts","floor":14.0,"turns":3.0},{"damage":38.0,"enemies":"Slime Boss","floor":16.0,"turns":9.0},{"damage":15.0,"enemies":"3 Byrds","floor":18.0,"turns":7.0},{"damage":3.0,"enemies":"Chosen","floor":19.0,"turns":4.0},{"damage":29.0,"enemies":"Snecko","floor":20.0,"turns":9.0},{"damage":24.0,"enemies":"Centurion and Healer","floor":21.0,"turns":7.0},{"damage":20.0,"enemies":"Chosen and Byrds","floor":24.0,"turns":8.0},{"damage":12,"enemies":"3 Cultists","floor":27,"turns":2}],"seed_played":"-1139841329691361819","potions_obtained":[{"floor":6.0,"key":"FearPotion"},{"floor":12.0,"key":"Ambrosia"},{"floor":14.0,"key":"PowerPotion"},{"floor":16.0,"key":"Strength Potion"},{"floor":21.0,"key":"Strength Potion"}],"is_trial":false,"path_per_floor":["M","M","?","$","?","E","M","M","T","$","M","E","R","M","R","B",null,"M","M","M","M","$","R","M","?","T","M"],"character_chosen":"WATCHER","items_purchased":["EmptyFist","OrangePellets","Judgement","Nunchaku"],"campfire_rested":1,"item_purchase_floors":[4,4,10,22],"current_hp_per_floor":[72,72,61,61,61,61,61,61,61,61,52,43,43,43,43,5,79,64,61,32,8,8,31,11,11,11,0,0],"gold":60,"neow_bonus":"THREE_ENEMY_KILL","is_daily":false,"chose_seed":false,"campfire_upgraded":2,"win_rate":0.0,"timestamp":1610641335,"path_taken":["M","M","?","$","?","E","M","M","T","$","M","E","R","M","R","BOSS","M","M","M","?","$","R","M","?","T","M"],"items_purchased_type":["Card","Relic","Card","Relic"],"build_version":"2020-12-22","purchased_purges":1,"victory":false,"max_hp_per_floor":[72,72,72,72,72,72,72,72,72,72,72,79,79,79,79,79,79,79,79,79,79,79,79,79,79,79,79,79],"card_choices":[{"not_picked":["Protect","JustLucky"],"picked":"Tantrum","floor":1.0},{"not_picked":["ClearTheMind","Worship"],"picked":"FollowUp","floor":2.0},{"not_picked":["FlyingSleeves","DevaForm"],"picked":"BowlingBash","floor":6.0},{"not_picked":["SashWhip","BowlingBash","PathToVictory"],"picked":"SKIP","floor":7.0},{"not_picked":["ThirdEye","SashWhip"],"picked":"EmptyBody","floor":8.0},{"not_picked":["Crescendo","Tantrum"],"picked":"FearNoEvil","floor":11.0},{"not_picked":["WindmillStrike","SandsOfTime"],"picked":"Swivel","floor":12.0},{"not_picked":["Worship","Evaluate"],"picked":"TalkToTheHand","floor":14.0},{"not_picked":["Judgement","Ragnarok"],"picked":"LessonLearned","floor":16.0},{"not_picked":["ThirdEye","InnerPeace","Evaluate"],"picked":"SKIP","floor":18.0},{"not_picked":["PathToVictory","EmptyFist","Perseverance"],"picked":"SKIP","floor":19.0},{"not_picked":["Collect","CrushJoints"],"picked":"Consecrate","floor":20.0},{"not_picked":["EmptyFist","WindmillStrike"],"picked":"TalkToTheHand+1","floor":21.0},{"not_picked":["Swivel","SignatureMove"],"picked":"Study+1","floor":24.0}],"player_experience":305976,"relics_obtained":[{"floor":6.0,"key":"Tiny Chest"},{"floor":9.0,"key":"Art of War"},{"floor":12.0,"key":"Strawberry"},{"floor":26.0,"key":"Meat on the Bone"}],"event_choices":[{"damage_healed":0.0,"max_hp_gain":0.0,"max_hp_loss":0.0,"gold_gain":75.0,"event_name":"World of Goop","player_choice":"Gather Gold","floor":3.0,"gold_loss":0.0,"damage_taken":11.0},{"damage_healed":0.0,"max_hp_gain":0.0,"max_hp_loss":0.0,"gold_gain":0.0,"event_name":"NoteForYourself","player_choice":"Ignored","floor":5.0,"gold_loss":0.0,"damage_taken":0.0},{"damage_healed":0.0,"max_hp_gain":0.0,"max_hp_loss":0.0,"gold_gain":0.0,"event_name":"Upgrade Shrine","player_choice":"Upgraded","floor":25.0,"gold_loss":0.0,"damage_taken":0.0,"cards_upgraded":["LessonLearned"]}],"is_beta":false,"boss_relics":[{"not_picked":["Empty Cage","Runic Dome"],"picked":"Black Star"}],"items_purged_floors":[22],"is_endless":false,"potions_floor_spawned":[6,12,14,16,21],"killed_by":"3 Cultists","ascension_level":0}}