{"host":"dtm4abeon6jfxj1d","time":1610656132,"event":{"mods":["BaseMod","Downfall","Minty Spire (QoL Compilation)","Rare Cards Sparkle","StSLib"],"gold_per_floor":[118,118,129,142,27,56,76,76,76,76,251,151,151,164,164,164,164],"floor_reached":16,"language":"ENG","playtime":439,"items_purged":["Strike_P","Doubt"],"score":165,"play_id":"07376243-6273-49de-ab25-bef77084eeb3","local_time":"20210114152852","is_ascension_mode":true,"campfire_choices":[{"data":"Nirvana","floor":8,"key":"SMITH"},{"data":"Nirvana","floor":10,"key":"SMITH"},{"floor":15,"key":"REST"}],"circlet_count":0,"master_deck":["AscendersBane","Strike_P","Strike_P","Strike_P","Defend_P+1","Defend_P","Defend_P+1","Defend_P","Eruption","Vigilance","Judgement+1","ThirdEye","CutThroughFate","Nirvana+1","WheelKick","Nirvana+1"],"relics":["PureWater","Orichalcum","Blood Vial"],"acts_visited":["Exordium"],"potions_floor_usage":[6,6],"damage_taken":[{"damage":0.0,"enemies":"2 Louse","floor":1.0,"turns":3.0},{"damage":7.0,"enemies":"Small Slimes","floor":3.0,"turns":3.0},{"damage":0,"enemies":"Jaw Worm","floor":4,"turns":1},{"damage":19,"enemies":"Gremlin Nob","floor":6,"turns":5},{"damage":0,"enemies":"2 Fungi Beasts","floor":7,"turns":2},{"damage":9,"enemies":"Red Slaver","floor":14,"turns":2},{"damage":31,"enemies":"Hexaghost","floor":16,"turns":10}],"seed_played":"1002383943453683983","potions_obtained":[{"floor":3.0,"key":"Explosive Potion"},{"floor":4,"key":"PowerPotion"},{"floor":14,"key":"FearPotion"}],"is_trial":false,"path_per_floor":["M","?","M","M","$","E","M","R","T","R","?","$","?","M","R","B"],"character_chosen":"WATCHER","items_purchased":["Nirvana"],"campfire_rested":1,"item_purchase_floors":[5],"current_hp_per_floor":[65,65,58,58,58,39,39,39,39,39,39,39,25,18,39,10,10],"gold":164,"neow_bonus":"ONE_RANDOM_RARE_CARD","is_daily":false,"chose_seed":false,"campfire_upgraded":2,"win_rate":0.0,"timestamp":1610656132,"path_taken":["M","?","M","M","$","E","M","R","T","R","?","$","?","M","R","BOSS"],"items_purchased_type":["Card"],"build_version":"2020-12-22","purchased_purges":2,"victory":false,"max_hp_per_floor":[72,72,72,72,72,72,72,72,72,72,72,72,72,72,72,72,72],"card_choices":[{"not_picked":["EmptyMind","SignatureMove"],"picked":"ThirdEye","floor":1.0},{"not_picked":["Adaptation","BattleHymn"],"picked":"CutThroughFate","floor":3.0},{"not_picked":["CrushJoints","Halt","EmptyFist"],"picked":"SKIP","floor":4},{"not_picked":["PathToVictory","Halt"],"picked":"WheelKick","floor":6},{"not_picked":["JustLucky","FlurryOfBlows"],"picked":"Nirvana","floor":7},{"not_picked":["Prostrate","WheelKick","Swivel"],"picked":"SKIP","floor":14}],"player_experience":227069,"relics_obtained":[{"floor":6,"key":"Orichalcum"},{"floor":9,"key":"Blood Vial"}],"event_choices":[{"damage_healed":0.0,"max_hp_gain":0.0,"max_hp_loss":0.0,"gold_gain":0.0,"event_name":"Living Wall","player_choice":"Grow","floor":2.0,"gold_loss":0.0,"damage_taken":0.0,"cards_upgraded":["Judgement"]},{"damage_healed":0,"gold_gain":175,"player_choice":"AGREE","damage_taken":0,"max_hp_gain":0,"max_hp_loss":0,"event_name":"Liars Game","floor":11,"gold_loss":0,"cards_obtained":["Doubt"]},{"damage_healed":0,"gold_gain":0,"player_choice":"Entered Light","damage_taken":14,"max_hp_gain":0,"max_hp_loss":0,"event_name":"Shining Light","floor":13,"gold_loss":0,"cards_upgraded":["Defend_P","Defend_P"]}],"is_beta":false,"boss_relics":[],"items_purged_floors":[5,12],"is_endless":false,"potions_floor_spawned":[3,4,14],"killed_by":"Hexaghost","ascension_level":13}}