{"host":"a4220vmwe0snk9yx","time":1610636014,"event":{"mods":["100% Spire Juice","AchievementEnabler","BaseMod","Bestiary","Better Skull","BetterRewards","CapriCore","Card Forge","Chen","Gold Saver","HololiveMod","Koishi","Marisa（霧雨　魔理沙）","Minty Spire (QoL Compilation)","Prisma Mod","Reimu（博??梦）","StSLib","SuperFastMode","The Alterego","The Animator","The Immortal","The Wild Card","Waifu the Spire","WarShipGirlsR/??少女R mod","Yakumo Yukari mod"],"gold_per_floor":[2439,2450,2254,1774,1788,1788,1815,1815,1840,1866,1866,1878,1048,1063,1063,1139,1139,1155,1172,1188,1188,1207,1233,1246,1315,1338,1372,1385,1418,1388,1398,1398,1477,1477,1492,1405,1425,1502,1512,1540,1540,1566,1644,1644,1660,1678,1678,1708,1708,1708,1708,1708,1708,1743,1743,1743],"floor_reached":55,"language":"ENG","playtime":3075,"items_purged":["Defend_MRS","Strike_MRS","MagicChant","Defend_MRS","Defend_MRS"],"score":1969,"play_id":"3feaf733-a58f-4198-983a-5c1c82375d1e","local_time":"20210114095334","is_ascension_mode":true,"campfire_choices":[{"data":"DeepEcoloBomb","floor":6,"key":"SMITH"},{"floor":8,"key":"RECALL"},{"data":"UpSweep","floor":15,"key":"SMITH"},{"data":"ChargingUp","floor":32,"key":"SMITH"},{"data":"NonDirectionalLaser","floor":41,"key":"SMITH"},{"data":"DoubleSpark","floor":44,"key":"SMITH"},{"data":"DoubleSpark","floor":47,"key":"SMITH"},{"data":"MasterSpark","floor":49,"key":"SMITH"},{"data":"Defend_MRS","floor":52,"key":"SMITH"}],"circlet_count":0,"master_deck":["AscendersBane","Strike_MRS","Strike_MRS","Strike_MRS","Defend_MRS+1","MasterSpark+1","UpSweep+1","Master of Strategy+1","DoubleSpark+1","ChargingUp+1","NonDirectionalLaser+1","BlazeAway+1","DoubleSpark+1","MagicChant+1","DeepEcoloBomb+1","Deep Breath+1","MagicAbsorber+1","GalacticHalo+1","MagicAbsorber+1","MagicAbsorber+1","UltimateShortwave+1","PowerUp+1","PulseMagic+1","Flash of Steel+1"],"relics":["MiniHakkero","Hammer of Thor","Seething Fire","Anvil of the Gods","CrazyTorch:ReiMu","Matryoshka","Shuriken","Toxic Egg 2","Question Card","Tiny Chest","Bag of Marbles","Regal Pillow","Pocketwatch","Molten Egg 2","HandmadeGrimoire","DollysMirror","Runic Pyramid","HornCleat","Sundial","Happy Flower","Dream Catcher","StoneCalendar","Kunai","RampagingMagicTools","Ornamental Fan","Turnip","Hololive_LightStick","Gremlin Horn","Anchor","Lizard Tail"],"acts_visited":["Exordium","TheCity","TheBeyond","TheEnding"],"potions_floor_usage":[16,23,33,50,50,55],"damage_taken":[{"damage":0,"enemies":"Cultist","floor":1,"turns":3},{"damage":0,"enemies":"Jaw Worm","floor":2,"turns":1},{"damage":0,"enemies":"Small Slimes","floor":5,"turns":2},{"damage":3,"enemies":"Lagavulin","floor":7,"turns":3},{"damage":0,"enemies":"Gremlin Nob","floor":10,"turns":2},{"damage":0,"enemies":"Looter","floor":12,"turns":1},{"damage":0,"enemies":"Exordium Thugs","floor":14,"turns":1},{"damage":15,"enemies":"Hexaghost","floor":16,"turns":6},{"damage":0,"enemies":"3 Byrds","floor":18,"turns":2},{"damage":0,"enemies":"2 Thieves","floor":19,"turns":1},{"damage":0,"enemies":"Shelled Parasite and Fungi","floor":20,"turns":3},{"damage":0,"enemies":"Snake Plant","floor":22,"turns":3},{"damage":3,"enemies":"Book of Stabbing","floor":23,"turns":3},{"damage":3,"enemies":"Centurion and Healer","floor":24,"turns":4},{"damage":20,"enemies":"Slavers","floor":27,"turns":4},{"damage":0,"enemies":"Shelled Parasite and Fungi","floor":28,"turns":1},{"damage":7,"enemies":"Gremlin Leader","floor":29,"turns":3},{"damage":0,"enemies":"Snecko","floor":31,"turns":2},{"damage":7,"enemies":"Collector","floor":33,"turns":6},{"damage":0,"enemies":"Orb Walker","floor":35,"turns":2},{"damage":0,"enemies":"3 Shapes","floor":37,"turns":1},{"damage":7,"enemies":"Spire Growth","floor":39,"turns":2},{"damage":0,"enemies":"Reptomancer","floor":40,"turns":4},{"damage":0,"enemies":"Giant Head","floor":42,"turns":5},{"damage":0,"enemies":"Transient","floor":45,"turns":5},{"damage":0,"enemies":"3 Darklings","floor":46,"turns":1},{"damage":0,"enemies":"Reptomancer","floor":48,"turns":1},{"damage":21,"enemies":"Donu and Deca","floor":50,"turns":5},{"damage":0,"enemies":"Shield and Spear","floor":54,"turns":4},{"damage":100,"enemies":"The Heart","floor":55,"turns":6}],"seed_played":"1405487997457701481","potions_obtained":[{"floor":2,"key":"Strength Potion"},{"floor":5,"key":"SpeedPotion"},{"floor":14,"key":"Explosive Potion"},{"floor":18,"key":"BottledSpark"},{"floor":24,"key":"BlessingOfTheForge"},{"floor":35,"key":"Regen Potion"},{"floor":54,"key":"AttackPotion"}],"is_trial":false,"path_per_floor":["M","M","$","$","M","R","E","R","T","E","?","M","$","M","R","B",null,"M","M","M","?","M","E","M","T","T","E","M","E","?","M","R","B",null,"M","$","M","T","M","E","R","E","T","R","M","M","R","E","R","B",null,"R","$","E","B"],"character_chosen":"MARISA","items_purchased":["CrazyTorch:ReiMu","Master of Strategy","DoubleSpark","Matryoshka","MagicChant","ChargingUp","NonDirectionalLaser","Shuriken","Toxic Egg 2","BlazeAway+1","DeepEcoloBomb","Question Card","Deep Breath+1","Molten Egg 2","HandmadeGrimoire","DollysMirror","Flash of Steel+1"],"campfire_rested":0,"item_purchase_floors":[0,0,0,0,0,0,0,0,0,0,3,4,4,13,13,13,36],"current_hp_per_floor":[63,63,63,63,63,63,60,60,60,60,60,60,60,60,60,45,64,64,64,64,64,64,61,58,58,58,38,38,31,31,31,31,24,59,59,59,59,59,52,52,52,52,52,52,52,52,52,52,52,45,64,64,64,64,0,0],"gold":1743,"neow_bonus":"","is_daily":false,"chose_seed":false,"campfire_upgraded":8,"win_rate":0.0,"timestamp":1610636014,"path_taken":["M","M","?","$","M","R","E","R","T","E","?","?","$","M","R","BOSS","M","M","M","?","M","E","M","?","T","E","M","E","?","?","R","BOSS","M","$","?","?","M","E","R","E","T","R","M","M","R","E","R","BOSS","R","$","E","BOSS"],"items_purchased_type":["Relic","Card","Card","Relic","Card","Card","Card","Relic","Relic","Card","Card","Relic","Card","Relic","Relic","Relic","Card"],"build_version":"2020-12-22","purchased_purges":5,"victory":false,"max_hp_per_floor":[70,70,70,70,70,70,70,70,70,70,70,70,70,70,70,70,70,70,70,70,70,70,70,70,70,70,70,70,70,70,70,70,70,70,70,70,70,70,70,70,70,70,70,70,70,70,70,70,70,70,70,70,70,70,70,70],"card_choices":[{"not_picked":["MysteriousBeam","PowerUp+1"],"picked":"DoubleSpark","floor":1},{"not_picked":["GalacticHalo+1","PropBag+1"],"picked":"MagicChant+1","floor":2},{"not_picked":["NonDirectionalLaser","WitchOfGreed","6A"],"picked":"MagicAbsorber+1","floor":5},{"not_picked":["PowerUp+1","SporeBomb+1","FairyDestructionRay","DC"],"picked":"SKIP","floor":7},{"not_picked":["TreasureHunter","DoubleSpark","WitchOfGreed"],"picked":"GalacticHalo+1","floor":10},{"not_picked":["GrandCross","MysteriousBeam","MilkyWay+1"],"picked":"MagicAbsorber+1","floor":12},{"not_picked":["BlazeAway+1","NonDirectionalLaser+1","IllusionStar+1","ManaRampage+1"],"picked":"SKIP","floor":14},{"not_picked":["MaximisePower+1","TreasureHunter+1","MillisecondPulsars"],"picked":"UltimateShortwave+1","floor":16},{"not_picked":["GrandCross+1","Acceleration+1","UnstableBomb+1","NonDirectionalLaser+1"],"picked":"SKIP","floor":18},{"not_picked":["6A+1","NonDirectionalLaser+1","DoubleSpark+1"],"picked":"PowerUp+1","floor":19},{"not_picked":["Orbital+1","EventHorizon+1","GalacticHalo+1"],"picked":"PulseMagic+1","floor":20},{"not_picked":["Orbital+1","UnstableBomb+1","DarkMatter+1","GasGiant+1"],"picked":"SKIP","floor":22},{"not_picked":["DoubleSpark+1","SatelliteIllusion","IllusionStar+1","SprinkleStarSeal+1"],"picked":"SKIP","floor":23},{"not_picked":["DC+1","LuminesStrike+1","ShootingEcho+1","GravityBeat+1"],"picked":"SKIP","floor":24},{"not_picked":["ShootingEcho+1","PulseMagic+1","BlazeAway+1","SuperPerseids+1"],"picked":"SKIP","floor":27},{"not_picked":["SatelliteIllusion","UnstableBomb+1","SporeBomb+1","ShootTheMoon+1"],"picked":"SKIP","floor":28},{"not_picked":["Orbital+1","DC+1","SuperPerseids+1","MaximisePower+1"],"picked":"SKIP","floor":29},{"not_picked":["EventHorizon","WitchLeyline+1","MilkyWay+1","DoubleSpark+1"],"picked":"SKIP","floor":31},{"not_picked":["SprinkleStarSeal+1","WitchLeyline+1","UnstableBomb+1","WitchOfGreed"],"picked":"SKIP","floor":35},{"not_picked":["WitchOfGreed","GravityBeat+1","ShootingEcho+1","MilkyWay+1"],"picked":"SKIP","floor":37},{"not_picked":["DoubleSpark+1","EnergyRecoil+1","PropBag+1","MysteriousBeam+1"],"picked":"SKIP","floor":39},{"not_picked":["OrrerysSun+1","GalacticHalo+1","BlazeAway+1","EnergyRecoil+1"],"picked":"SKIP","floor":40},{"not_picked":["Singularity","WitchOfGreed","MeteoricShower+1","Robbery+1"],"picked":"SKIP","floor":42},{"not_picked":["IllusionStar+1","MilkyWay+1","GrandCross+1","Occultation+1"],"picked":"SKIP","floor":45},{"not_picked":["MilkyWay+1","MysteriousBeam+1","StarDustReverie+1","SuperPerseids+1"],"picked":"SKIP","floor":46},{"not_picked":["UnstableBomb+1","SporeBomb+1","PulseMagic+1","DoubleSpark+1"],"picked":"SKIP","floor":48},{"not_picked":["IllusionStar+1","BlazingStar+1","DoubleSpark+1","DarkMatter+1"],"picked":"SKIP","floor":54}],"player_experience":908550,"relics_obtained":[{"floor":7,"key":"Tiny Chest"},{"floor":9,"key":"Bag of Marbles"},{"floor":9,"key":"Regal Pillow"},{"floor":10,"key":"Pocketwatch"},{"floor":23,"key":"Sundial"},{"floor":25,"key":"Happy Flower"},{"floor":26,"key":"Dream Catcher"},{"floor":27,"key":"StoneCalendar"},{"floor":29,"key":"Kunai"},{"floor":38,"key":"Ornamental Fan"},{"floor":40,"key":"Turnip"},{"floor":42,"key":"Hololive_LightStick"},{"floor":43,"key":"Gremlin Horn"},{"floor":48,"key":"Anchor"},{"floor":54,"key":"Lizard Tail"}],"event_choices":[{"damage_healed":0,"gold_gain":0,"player_choice":"Upgraded","damage_taken":0,"max_hp_gain":0,"max_hp_loss":0,"event_name":"Upgrade Shrine","floor":11,"gold_loss":0,"cards_upgraded":["Master of Strategy"]},{"damage_healed":0,"gold_gain":0,"player_choice":"Opened","damage_taken":0,"relics_obtained":["HornCleat"],"max_hp_gain":0,"max_hp_loss":0,"event_name":"The Mausoleum","floor":21,"gold_loss":0}],"is_beta":false,"boss_relics":[{"not_picked":["Hololive_ChaosS","Cursed Key"],"picked":"Runic Pyramid"},{"not_picked":["Runic Dome","Hololive_TopUpMoneyS"],"picked":"RampagingMagicTools"}],"items_purged_floors":[0,0,3,4,13],"is_endless":false,"potions_floor_spawned":[2,5,14,18,20,24,31,35,37,40,54],"killed_by":"The Heart","ascension_level":14}}