{"host":"7zdktqb5xjtif29d","time":1610661757,"event":{"mods":["AchievementEnabler","BaseMod","Colored Map","Colored Powertips","Highlight Path","Minty Spire (QoL Compilation)","Rare Cards Sparkle","SuperFastMode","Waifu the Spire","everything is the same but u backflip on backflip"],"gold_per_floor":[112,124,124,199,374,417,417,432,513,91,127,148,171,17,17,17,17],"floor_reached":16,"language":"ENG","playtime":562,"items_purged":["Doubt"],"score":146,"play_id":"83ddbf6f-5bf4-4980-a30d-d41f0c444314","local_time":"20210114220237","is_ascension_mode":true,"campfire_choices":[{"floor":7,"key":"REST"},{"floor":15,"key":"REST"}],"circlet_count":0,"master_deck":["Strike_R","Strike_R","Strike_R","Strike_R","Strike_R","Defend_R","Defend_R","Defend_R","Defend_R","Feed","Flex","Twin Strike","Infernal Blade","Spot Weakness","Flex","Perfected Strike","Perfected Strike","Pommel Strike"],"relics":["Burning Blood","Golden Idol","Nunchaku","Ornamental Fan","Ginger","Frozen Egg 2","Orrery"],"acts_visited":["Exordium"],"potions_floor_usage":[11],"damage_taken":[{"damage":8,"enemies":"2 Louse","floor":1,"turns":2},{"damage":7,"enemies":"Small Slimes","floor":2,"turns":4},{"damage":48,"enemies":"3 Sentries","floor":6,"turns":12},{"damage":7,"enemies":"Jaw Worm","floor":8,"turns":3},{"damage":31,"enemies":"Lagavulin","floor":11,"turns":5},{"damage":6,"enemies":"Blue Slaver","floor":12,"turns":3},{"damage":0,"enemies":"Exordium Wildlife","floor":13,"turns":2},{"damage":59,"enemies":"Hexaghost","floor":16,"turns":9}],"seed_played":"-8033181994297244473","potions_obtained":[{"floor":2,"key":"LiquidMemories"}],"is_trial":false,"path_per_floor":["M","M","?","?","?","E","R","M","T","$","E","M","M","$","R","B"],"character_chosen":"IRONCLAD","items_purchased":["Spot Weakness","Ginger","Orrery"],"campfire_rested":2,"item_purchase_floors":[10,10,14],"current_hp_per_floor":[81,83,62,51,51,12,38,40,40,40,18,21,27,27,56,0,0],"gold":17,"neow_bonus":"TRANSFORM_CARD","is_daily":false,"chose_seed":false,"campfire_upgraded":0,"win_rate":0.0,"timestamp":1610661757,"path_taken":["M","M","?","?","?","E","R","M","T","$","E","M","M","?","R","BOSS"],"items_purchased_type":["Card","Relic","Relic"],"build_version":"2020-12-22","purchased_purges":1,"victory":false,"max_hp_per_floor":[83,86,86,86,86,89,89,92,92,92,95,98,98,98,98,98,98],"card_choices":[{"not_picked":["True Grit","Sword Boomerang"],"picked":"Flex","floor":1},{"not_picked":["Havoc","Shockwave"],"picked":"Twin Strike","floor":2},{"not_picked":["Blood for Blood","Carnage","Sword Boomerang"],"picked":"SKIP","floor":6},{"not_picked":["Warcry","Havoc"],"picked":"Infernal Blade","floor":8},{"not_picked":["True Grit","Headbutt"],"picked":"Flex","floor":11},{"not_picked":["Body Slam","Clash"],"picked":"Perfected Strike","floor":12},{"not_picked":["Shrug It Off","Clothesline","Combust+1"],"picked":"SKIP","floor":13},{"not_picked":["Armaments","Entrench"],"picked":"Perfected Strike","floor":14},{"not_picked":["Double Tap","Iron Wave"],"picked":"Pommel Strike","floor":14}],"player_experience":212157,"relics_obtained":[{"floor":6,"key":"Nunchaku"},{"floor":9,"key":"Ornamental Fan"},{"floor":11,"key":"Frozen Egg 2"}],"event_choices":[{"damage_healed":0,"gold_gain":0,"player_choice":"Take Damage","damage_taken":21,"relics_obtained":["Golden Idol"],"max_hp_gain":0,"max_hp_loss":0,"event_name":"Golden Idol","floor":3,"gold_loss":0},{"damage_healed":0,"gold_gain":75,"player_choice":"Gather Gold","damage_taken":11,"max_hp_gain":0,"max_hp_loss":0,"event_name":"World of Goop","floor":4,"gold_loss":0},{"damage_healed":0,"gold_gain":175,"player_choice":"AGREE","damage_taken":0,"max_hp_gain":0,"max_hp_loss":0,"event_name":"Liars Game","floor":5,"gold_loss":0,"cards_obtained":["Doubt"]}],"is_beta":false,"boss_relics":[],"items_purged_floors":[10],"is_endless":false,"potions_floor_spawned":[2],"killed_by":"Hexaghost","ascension_level":2}}