{"host":"9d9dhukr2jywmy0f","time":1610665450,"event":{"mods":["2.2 Compatiblity","Alarm Clock","BaseMod","Bestiary","Block Reminder","Clockwork Mod","Colored Map","Colored Powertips","Curses Come First","DeckTracker","Highlight Path","Key Reminder","Minty Spire (QoL Compilation)","Quick Restart","Rare Cards Sparkle","Relic Sorter","Relic Stats","Spire Birthday Party","StSLib","SuperFastMode","Synergy Search","Unceasing Turn Reminder","Unknown Chances"],"gold_per_floor":[115,115,127,139,158,158,172,191,191,191,211,211,222,6,6,111,111,122,52,62,62,76,110,110,139,162,176,176,201,219,250,250,352,352,363,363,414,431,431,465,465,492,516,550,550,576,191,141,141,141,141,141,1,30,30],"floor_reached":56,"language":"ZHS","playtime":4455,"items_purged":["Clockwork:AdaptiveShield+1","Clockwork:Strike+1"],"score":1728,"play_id":"e21c6430-6d20-47cd-ab08-d0bc7911a9cf","local_time":"20210115070410","is_ascension_mode":true,"campfire_choices":[{"data":"Clockwork:RevUp","floor":6.0,"key":"SMITH"},{"data":"Clockwork:AdaptiveShield","floor":10.0,"key":"SMITH"},{"data":"Clockwork:AssemblyLine","floor":15.0,"key":"SMITH"},{"floor":24.0,"key":"REST"},{"data":"Clockwork:Roundhouse","floor":32.0,"key":"SMITH"},{"floor":41.0,"key":"REST"},{"floor":49.0,"key":"RECALL"},{"data":"Deep Breath","floor":52.0,"key":"SMITH"}],"circlet_count":0,"master_deck":["Clockwork:Shield+1","Clockwork:Tinker+1","Clockwork:WarmUp+1","Clockwork:RevUp+1","Clockwork:PerfectForm+1","Clockwork:Roundhouse+1","Clockwork:Roundhouse+1","Clockwork:Improve+1","Clockwork:OccamsRazor+1","Deep Breath+1"],"relics":["Clockwork:MomentumEngine","Pantograph","Clockwork:SomewhatSmoothStone","TheAbacus","Black Star","Clockwork:BloodPhial","Frozen Egg 2","The Courier","Toy Ornithopter","Art of War","Akabeko","Molten Egg 2","Bag of Preparation","Lantern","Clockwork:Varja","WingedGreaves","PreservedInsect","Bag of Marbles","Anchor","Juzu Bracelet","Whetstone","White Beast Statue","Ancient Tea Set","Bronze Scales","InkBottle","Membership Card","Pen Nib","Nunchaku","Shuriken","Ginger","Unceasing Top","War Paint"],"acts_visited":["Exordium","TheCity","TheBeyond","TheEnding"],"potions_floor_usage":[55,55,55,55],"damage_taken":[{"damage":0.0,"enemies":"Small Slimes","floor":1.0,"turns":7.0},{"damage":0.0,"enemies":"Cultist","floor":3.0,"turns":5.0},{"damage":0.0,"enemies":"2 Louse","floor":4.0,"turns":6.0},{"damage":0.0,"enemies":"Large Slime","floor":5.0,"turns":7.0},{"damage":2.0,"enemies":"Exordium Wildlife","floor":7.0,"turns":8.0},{"damage":0.0,"enemies":"Looter","floor":8.0,"turns":3.0},{"damage":0.0,"enemies":"Blue Slaver","floor":11.0,"turns":7.0},{"damage":0.0,"enemies":"Large Slime","floor":13.0,"turns":10.0},{"damage":0.0,"enemies":"The Guardian","floor":16.0,"turns":7.0},{"damage":0.0,"enemies":"Shell Parasite","floor":18.0,"turns":8.0},{"damage":0.0,"enemies":"2 Thieves","floor":20.0,"turns":5.0},{"damage":7.0,"enemies":"Snecko","floor":22.0,"turns":11.0},{"damage":12.0,"enemies":"Gremlin Leader","floor":23.0,"turns":9.0},{"damage":27.0,"enemies":"Book of Stabbing","floor":25.0,"turns":9.0},{"damage":0.0,"enemies":"Snake Plant","floor":27.0,"turns":3.0},{"damage":20.0,"enemies":"Gremlin Leader","floor":29.0,"turns":4.0},{"damage":0.0,"enemies":"3 Cultists","floor":30.0,"turns":3.0},{"damage":0.0,"enemies":"Book of Stabbing","floor":31.0,"turns":5.0},{"damage":0.0,"enemies":"Collector","floor":33.0,"turns":5.0},{"damage":16.0,"enemies":"3 Shapes","floor":35.0,"turns":10.0},{"damage":59.0,"enemies":"2 Orb Walkers","floor":37.0,"turns":7.0},{"damage":0.0,"enemies":"Orb Walker","floor":38.0,"turns":4.0},{"damage":0.0,"enemies":"Nemesis","floor":40.0,"turns":3.0},{"damage":0.0,"enemies":"Giant Head","floor":42.0,"turns":3.0},{"damage":0.0,"enemies":"Reptomancer","floor":44.0,"turns":4.0},{"damage":6.0,"enemies":"Nemesis","floor":46.0,"turns":3.0},{"damage":0.0,"enemies":"Awakened One","floor":50.0,"turns":3.0},{"damage":0,"enemies":"Shield and Spear","floor":54,"turns":2},{"damage":4,"enemies":"The Heart","floor":55,"turns":6}],"seed_played":"5009914265339447622","potions_obtained":[{"floor":1.0,"key":"BlessingOfTheForge"},{"floor":4.0,"key":"LiquidMemories"},{"floor":7.0,"key":"SkillPotion"},{"floor":11.0,"key":"SkillPotion"},{"floor":22.0,"key":"BlessingOfTheForge"},{"floor":25.0,"key":"EssenceOfSteel"},{"floor":27.0,"key":"ColorlessPotion"},{"floor":31.0,"key":"FairyPotion"},{"floor":37.0,"key":"BlessingOfTheForge"},{"floor":38.0,"key":"LiquidMemories"},{"floor":46.0,"key":"GamblersBrew"},{"floor":54,"key":"EntropicBrew"}],"is_trial":false,"path_per_floor":["M","?","M","M","M","R","M","M","T","R","M","?","M","$","R","B",null,"M","$","M","?","M","E","R","E","T","M","?","E","M","E","R","B",null,"M","?","?","M","?","E","R","E","T","E","?","E","$","$","R","B",null,"R","$","E","B",null],"character_chosen":"CLOCKWORK","items_purchased":["TheAbacus","Clockwork:AssemblyLine","Clockwork:SmithsMallet","Membership Card","Pen Nib","Nunchaku","Shuriken","Ginger","SkillPotion"],"campfire_rested":2,"item_purchase_floors":[14,14,19,47,47,47,47,53,53],"current_hp_per_floor":[61,61,61,61,61,61,59,59,59,59,59,59,59,59,59,84,85,85,85,85,69,68,58,85,60,60,62,62,49,51,53,53,80,90,79,79,22,29,29,41,66,68,68,70,60,56,56,56,56,83,85,85,85,85,81],"gold":30,"neow_bonus":"REMOVE_TWO","is_daily":false,"chose_seed":false,"campfire_upgraded":5,"win_rate":0.0,"timestamp":1610665450,"path_taken":["M","?","M","?","M","R","M","M","T","R","?","?","?","$","R","BOSS","M","$","M","?","M","E","R","E","T","M","?","E","M","E","R","BOSS","M","?","?","M","?","E","R","E","T","E","?","E","$","$","R","BOSS","R","$","E","BOSS"],"items_purchased_type":["Relic","Card","Card","Relic","Relic","Relic","Relic","Relic","Potion"],"build_version":"2020-11-30","purchased_purges":2,"victory":true,"max_hp_per_floor":[85,85,85,85,85,85,85,85,85,85,85,85,85,85,85,85,85,85,85,85,90,90,90,90,90,90,90,90,90,90,90,90,90,90,90,85,85,85,85,85,85,85,85,85,85,85,85,85,85,85,85,85,85,85,85],"relic_stats":{"counters":[29,167],"PreservedInsect":329,"Pen Nib":[4],"Bag of Preparation":[22],"Juzu Bracelet":1,"Whetstone":[],"Ginger":[2],"War Paint":[],"Nunchaku":[4],"TheAbacus":[1680],"Shuriken":[12],"Pantograph":75,"Bronze Scales":[54],"Black Star":9,"Art of War":[15],"obtain_stats":[{"Lantern":31,"Clockwork:BloodPhial":22,"Clockwork:Varja":33,"Bag of Preparation":31,"Juzu Bracelet":42,"Whetstone":43,"Ginger":53,"Ancient Tea Set":44,"Nunchaku":47,"TheAbacus":14,"Pantograph":9,"WingedGreaves":37,"InkBottle":46,"Clockwork:SomewhatSmoothStone":11,"The Courier":23,"PreservedInsect":40,"Pen Nib":47,"Frozen Egg 2":23,"War Paint":54,"Akabeko":29,"White Beast Statue":44,"Clockwork:MomentumEngine":0,"keyreminder:keyreminder":26,"Anchor":42,"Shuriken":47,"Bronze Scales":46,"Molten Egg 2":29,"Black Star":17,"Art of War":25,"Bag of Marbles":40,"Membership Card":47,"Toy Ornithopter":25,"Unceasing Top":54},{"Lantern":18,"Clockwork:BloodPhial":12,"Clockwork:Varja":19,"Bag of Preparation":18,"Juzu Bracelet":24,"Whetstone":24,"Ginger":27,"Ancient Tea Set":25,"Nunchaku":26,"TheAbacus":8,"Pantograph":6,"WingedGreaves":21,"InkBottle":26,"Clockwork:SomewhatSmoothStone":7,"The Courier":13,"PreservedInsect":23,"Pen Nib":26,"Frozen Egg 2":13,"War Paint":28,"Akabeko":16,"White Beast Statue":25,"Clockwork:MomentumEngine":0,"keyreminder:keyreminder":14,"Anchor":24,"Shuriken":26,"Bronze Scales":26,"Molten Egg 2":16,"Black Star":9,"Art of War":14,"Bag of Marbles":23,"Membership Card":26,"Toy Ornithopter":14,"Unceasing Top":28},{"Lantern":117,"Clockwork:BloodPhial":78,"Clockwork:Varja":121,"Bag of Preparation":117,"Juzu Bracelet":149,"Whetstone":149,"Ginger":159,"Ancient Tea Set":153,"Nunchaku":156,"TheAbacus":53,"Pantograph":36,"WingedGreaves":139,"InkBottle":156,"Clockwork:SomewhatSmoothStone":39,"The Courier":93,"PreservedInsect":146,"Pen Nib":156,"Frozen Egg 2":93,"War Paint":161,"Akabeko":109,"White Beast Statue":153,"Clockwork:MomentumEngine":0,"keyreminder:keyreminder":102,"Anchor":149,"Shuriken":156,"Bronze Scales":156,"Molten Egg 2":109,"Black Star":60,"Art of War":102,"Bag of Marbles":146,"Membership Card":156,"Toy Ornithopter":102,"Unceasing Top":161}],"Toy Ornithopter":25,"InkBottle":[5],"Unceasing Top":[0]},"card_choices":[{"not_picked":["Clockwork:Clone","Clockwork:Redundancy"],"picked":"Clockwork:RevUp","floor":1.0},{"not_picked":["Clockwork:HeadStart","Clockwork:Redundancy"],"picked":"Clockwork:SmithsMallet","floor":3.0},{"not_picked":["Clockwork:FalseStart","Clockwork:ChargingBlade","Clockwork:ReserveSystems"],"picked":"SKIP","floor":4.0},{"not_picked":["Clockwork:RampUp","Clockwork:ForgeStrike"],"picked":"Clockwork:Downsize","floor":5.0},{"not_picked":["Clockwork:StasisBreak","Clockwork:PerfectedShield"],"picked":"Clockwork:AdaptiveShield","floor":7.0},{"not_picked":["Clockwork:CraftVarja","Clockwork:SpurOn"],"picked":"Clockwork:CraftSomewhatSmoothStone","floor":8.0},{"not_picked":["Clockwork:Pluck","Clockwork:HoardingStrike"],"picked":"Clockwork:Improve","floor":11.0},{"not_picked":["Clockwork:TiltAWhirl","Clockwork:AdaptiveShield"],"picked":"Clockwork:PerfectForm","floor":13.0},{"not_picked":["Clockwork:Halt","Clockwork:AeonShield"],"picked":"Clockwork:CraftMomentumEngine","floor":16.0},{"not_picked":["Clockwork:Friction","Clockwork:ForgeStrike+1","Clockwork:ReserveSystems"],"picked":"SKIP","floor":18.0},{"not_picked":["Clockwork:FalseStart+1","Clockwork:ElasticNanites+1"],"picked":"Clockwork:CraftBloodPhial+1","floor":20.0},{"not_picked":["Clockwork:Friction","Clockwork:CogToss+1"],"picked":"Clockwork:Roundhouse","floor":22.0},{"not_picked":["Clockwork:SearingStrike","Clockwork:MechanicalBulk","Clockwork:AdaptiveCannon"],"picked":"SKIP","floor":23.0},{"not_picked":["Clockwork:CraftQuicksilverHourglass","Clockwork:HeadStart+1"],"picked":"Clockwork:Roundhouse","floor":25.0},{"not_picked":["Clockwork:SystemHardening","Clockwork:Enhance+1","Clockwork:Efficiency"],"picked":"SKIP","floor":27.0},{"not_picked":["Clockwork:Randomization+1","Clockwork:InertialShield","Clockwork:ChargingShield"],"picked":"SKIP","floor":29.0},{"not_picked":["Clockwork:Downsize","Clockwork:TestingEnvironment"],"picked":"Clockwork:Improve+1","floor":30.0},{"not_picked":["Clockwork:AdaptiveShield","Clockwork:ForgeStrike+1"],"picked":"Clockwork:CraftVarja+1","floor":31.0},{"not_picked":["Clockwork:Halt","Clockwork:SiegeStrike+1"],"picked":"Clockwork:CraftMomentumEngine","floor":33.0},{"not_picked":["Clockwork:ForgeStrike+1","Clockwork:CogShield+1","Clockwork:SearingStrike+1"],"picked":"SKIP","floor":35.0},{"not_picked":["Clockwork:StasisBreak+1","Clockwork:CogShield","Clockwork:CogToss+1"],"picked":"SKIP","floor":38.0},{"not_picked":["Clockwork:CogBarrier","Clockwork:HeadStart+1","Clockwork:ElasticNanites+1"],"picked":"SKIP","floor":40.0},{"not_picked":["Clockwork:Minimalism","Clockwork:Enhance+1"],"picked":"Clockwork:OccamsRazor+1","floor":42.0},{"not_picked":["Clockwork:CogToss+1","Clockwork:Enhance+1","Clockwork:UnlimitedCogworks+1"],"picked":"SKIP","floor":44.0},{"not_picked":["Clockwork:CogToss+1","Clockwork:Enhance+1","Clockwork:UnlimitedCogworks+1"],"picked":"SKIP","floor":44.0},{"not_picked":["Swift Strike+1","Dark Shackles"],"picked":"Deep Breath","floor":45.0},{"not_picked":["Clockwork:SpringShield+1","Clockwork:TimeOut","Clockwork:ChargingShield+1"],"picked":"SKIP","floor":46.0},{"not_picked":["Clockwork:Roundhouse+1","Clockwork:OccamsRazor+1","Clockwork:ChargingShield+1"],"picked":"SKIP","floor":54}],"player_experience":834842,"relics_obtained":[{"floor":9.0,"key":"Pantograph"},{"floor":23.0,"key":"Frozen Egg 2"},{"floor":23.0,"key":"The Courier"},{"floor":25.0,"key":"Toy Ornithopter"},{"floor":25.0,"key":"Art of War"},{"floor":29.0,"key":"Akabeko"},{"floor":29.0,"key":"Molten Egg 2"},{"floor":31.0,"key":"Bag of Preparation"},{"floor":31.0,"key":"Lantern"},{"floor":37.0,"key":"WingedGreaves"},{"floor":40.0,"key":"PreservedInsect"},{"floor":40.0,"key":"Bag of Marbles"},{"floor":42.0,"key":"Anchor"},{"floor":42.0,"key":"Juzu Bracelet"},{"floor":43.0,"key":"Whetstone"},{"floor":44.0,"key":"White Beast Statue"},{"floor":44.0,"key":"Ancient Tea Set"},{"floor":46.0,"key":"Bronze Scales"},{"floor":46.0,"key":"InkBottle"},{"floor":54,"key":"Unceasing Top"},{"floor":54,"key":"War Paint"}],"event_choices":[{"cards_removed":["Clockwork:Shield"],"damage_healed":0.0,"max_hp_gain":0.0,"max_hp_loss":0.0,"gold_gain":0.0,"event_name":"Purifier","player_choice":"Purged","floor":2.0,"gold_loss":0.0,"damage_taken":0.0},{"cards_removed":["Clockwork:Improve"],"damage_healed":0.0,"max_hp_gain":0.0,"max_hp_loss":0.0,"gold_gain":0.0,"event_name":"Wheel of Change","player_choice":"Card Removal","floor":12.0,"gold_loss":0.0,"damage_taken":0.0},{"damage_healed":0.0,"max_hp_gain":5.0,"max_hp_loss":0.0,"gold_gain":0.0,"event_name":"Forgotten Altar","player_choice":"Shed Blood","floor":21.0,"gold_loss":0.0,"damage_taken":21.0},{"damage_healed":0.0,"max_hp_gain":0.0,"max_hp_loss":0.0,"gold_gain":0.0,"event_name":"Vampires","player_choice":"Ignored","floor":28.0,"gold_loss":0.0,"damage_taken":0.0},{"damage_healed":0.0,"max_hp_gain":0.0,"max_hp_loss":5.0,"gold_gain":0.0,"event_name":"Winding Halls","player_choice":"Max HP","floor":36.0,"gold_loss":0.0,"damage_taken":0.0},{"damage_healed":0.0,"max_hp_gain":0.0,"max_hp_loss":0.0,"gold_gain":0.0,"event_name":"Mysterious Sphere","player_choice":"Fight","floor":37.0,"gold_loss":0.0,"damage_taken":0.0},{"cards_removed":["Clockwork:AssemblyLine"],"damage_healed":0.0,"max_hp_gain":0.0,"max_hp_loss":0.0,"gold_gain":0.0,"event_name":"Falling","player_choice":"Removed Power","floor":39.0,"gold_loss":0.0,"damage_taken":0.0},{"damage_healed":0.0,"max_hp_gain":0.0,"max_hp_loss":0.0,"gold_gain":0.0,"event_name":"SensoryStone","player_choice":"Memory 3","floor":45.0,"gold_loss":0.0,"damage_taken":10.0}],"is_beta":false,"boss_relics":[{"not_picked":["Snecko Eye","Runic Pyramid"],"picked":"Black Star"},{"not_picked":["Velvet Choker","Sozu","Astrolabe"]}],"items_purged_floors":[47,48],"is_endless":false,"potions_floor_spawned":[1,4,7,8,11,18,22,25,27,31,37,38,46,54],"ascension_level":1}}