{"host":"wonp23fsqqcu31ie","time":1610665638,"event":{"mods":["2.2 Compatiblity","AchievementEnabler","Aspiration","BaseMod","Bestiary","Better Altar","Better Match","Better Sensory Stone","Better Skull","Better Third Choice","BetterRewards","Block Reminder","Colored Map","Colored Powertips","Conspire","Curses Come First","DeckTracker","Displayed Cursed Tome","Downfall","Energized Spire","Evolution","Hermit","Highlight Path","Hubris","Infinite Spire","Marisa????????","Minty Spire (QoL Compilation)","Permanent Neow","Prisma Mod","Quick Restart","Rare Cards Sparkle","Relic Stats","Replay The Spire","Robot Space Explorer","Shade Mod","Shop Mod","StSLib","SuperFastMode","The Animator","The Bug Knight","The Construct","The Cursed","The Disciple","The Dragon Tamer","The Gatherer","The Hierophant","The Marked","The Necromancer","The Poker Player","The Runesmith","The Saiyan","The Servant 0.9.4","TheBandit"],"gold_per_floor":[109,120,120,120,120,120,120,120],"floor_reached":6,"language":"ENG","playtime":128,"items_purged":[],"score":36,"play_id":"c7833cef-1503-4730-98a8-becd57e05779","local_time":"20210115100718","is_ascension_mode":true,"metric_token":3410,"campfire_choices":[],"circlet_count":0,"master_deck":["PokerPlayerMod:Diamond1","PokerPlayerMod:Diamond2","PokerPlayerMod:Diamond3","PokerPlayerMod:Diamond4","PokerPlayerMod:Diamond5","PokerPlayerMod:Spade1","PokerPlayerMod:Spade2","PokerPlayerMod:Spade3","PokerPlayerMod:Spade4","PokerPlayerMod:Club1","PokerPlayerMod:Club2","PokerPlayerMod:Heart2","PokerPlayerMod:ClubsClub","PokerPlayerMod:BadJoker","PokerPlayerMod:RoyalStrike","PokerPlayerMod:Spade6","PokerPlayerMod:SpadeStrike"],"relics":["PokerPlayerMod:DeckCase","EVO:Axolotl","Chemical X","Replay:Mystery Machine","aspiration:ChemicalBlood","Replay:Arrowhead","MerchantsRug"],"acts_visited":["Exordium"],"potions_floor_usage":[],"damage_taken":[{"damage":0,"enemies":"Jaw Worm","floor":1,"turns":1},{"damage":0,"enemies":"Cultist","floor":2,"turns":3},{"damage":38,"enemies":"Lagavulin","floor":6,"turns":5}],"seed_played":"-946249477066389760","potions_obtained":[],"is_trial":false,"path_per_floor":["M","M","$","?","$","E"],"character_chosen":"THE_POKER_PLAYER","items_purchased":["Chemical X","Replay:Mystery Machine","aspiration:ChemicalBlood","MerchantsRug","PokerPlayerMod:RoyalStrike","Toxic Potion"],"campfire_rested":0,"item_purchase_floors":[0,0,0,0,0,0],"current_hp_per_floor":[29,31,31,31,31,0,0,0],"gold":120,"neow_bonus":"","is_daily":false,"chose_seed":false,"campfire_upgraded":0,"win_rate":0.0,"timestamp":1610665638,"path_taken":["M","M","$","?","?","E"],"items_purchased_type":["Relic","Relic","Relic","Relic","Card","Potion"],"build_version":"2020-12-22","purchased_purges":0,"victory":false,"max_hp_per_floor":[54,54,54,54,54,54,54,54],"relic_stats":{"counters":[137,573],"Chemical X":[1],"obtain_stats":[{"hubris:BallOfYels":23,"infinitespire:Cubic Diamond":2,"Whetstone":10,"Ginger":0,"FrozenCore":17,"aspiration:EnhancedActuators":22,"Sundial":23,"MealTicket":48,"Replay:Bottled Flurry":54,"Kunai":39,"HollowMod:PaleOreRelic":27,"Replay:Wax Seal":9,"MerchantsRug":21,"ReplayTheSpireMod:Ring of Addiction":38,"Pen Nib":36,"Replay:Ancient Bell":70,"Guardian:PocketSentry":72,"Akabeko":7,"aspiration:FrozenJewel":53,"SlaversCollar":34,"hubris:BottledHeart":20,"infinitespire:Broken Mirror":36,"MutagenicStrength":20,"hubris:TenFootPole":4,"infinitespire:Cupcake":34,"Lantern":37,"PokerPlayerMod:PenAndEraser":39,"Singing Bowl":39,"Blue Doll":12,"hubris:EmptyBottle":38,"Ancient Tea Set":44,"Smiling Mask":6,"aspiration:AnachronicSnailShell":0,"Ring of Peace":36,"hubris:FunFungus":24,"Chemical X":0,"aspiration:ChemicalBlood":25,"Ring of the Snake":0,"Potion Belt":26,"Circlet":38,"infinitespire:Lucky Rock":28,"hubris:Towel":45,"energizedSpire:SpiderWeb":34,"MawBank":27,"Replay:Arrowhead":0,"Busted Crown":47,"Ornamental Fan":6,"Turnip":0,"Art of War":14,"Runesmith:AutoHammer":19,"Bottled Lightning":64,"ReplayTheSpireMod:Ring of Challenge":36,"conspire:DeflatedDodgeball":9,"hubris:VirtuousBlindfold":34,"EVO:Axolotl":36,"Lizard Tail":40,"DollysMirror":0,"Strawberry":26,"Prayer Wheel":11,"aspiration:ArtOfWarUpgrade":32,"Iron Hammer":26,"Girya":12,"Ring of Hypnosis":36,"hubris:DuctTape":40,"aspiration:Nostalgia":0,"ReplayTheSpireMod:CursedCoin":10,"Oddly Smooth Stone":23,"Guardian:ModeShifter":2,"Ring of Chaos":38,"conspire:SlowCooker":17,"conspire:Boomerang":0,"Letter Opener":21,"Replay:Kaleidoscope":13,"aspiration:SeaSaltIceCream":43,"WarpedTongs":50,"Bottled Flame":54,"Replay:Baseball":47,"Shuriken":26,"Bronze Scales":53,"Onion Ring":21,"ReplayTheSpireMod:TigerMarble":9,"Black Star":53,"CatCart":48,"Meat on the Bone":0,"Replay:PocketPolymizer":0,"SacredBark":56,"aspiration:TomeofQuesting":30,"conspire:SpecialSausage":19,"Replay:Mystery Machine":0,"PrismaticShard":19,"ClockworkSouvenir":39,"aspiration:StickyExplosives_weak":11,"Nunchaku":12,"PokerPlayerMod:DeckCase":43,"hubris:Icosahedron":27,"Pantograph":21,"hubris:Stopwatch":17,"Tiny Chest":9,"Replay:Bottled Snecko":45,"Cracked Core":0,"Gremlin Food":7,"hubris:KleinBottle":43,"Guide Book":53,"hubris:MedicalManual":0,"infinitespire:FocusingShard":70,"Replay:WaspNest":10,"Medical Kit":44,"Mercury Hourglass":10,"Anchor":29,"infinitespire:WardingShard":0,"PokerPlayerMod:JackpotMachine":70,"Membership Card":38,"FossilizedHelix":15,"ReplayTheSpireMod:ShopPack":22},{"hubris:BallOfYels":36,"infinitespire:Cubic Diamond":114,"Whetstone":5,"Ginger":113,"FrozenCore":9,"aspiration:EnhancedActuators":35,"Sundial":123,"MealTicket":21,"Replay:Bottled Flurry":77,"Kunai":17,"HollowMod:PaleOreRelic":61,"Replay:Wax Seal":50,"MerchantsRug":11,"ReplayTheSpireMod:Ring of Addiction":17,"Pen Nib":17,"Replay:Ancient Bell":108,"Guardian:PocketSentry":109,"Akabeko":4,"aspiration:FrozenJewel":76,"SlaversCollar":16,"hubris:BottledHeart":34,"infinitespire:Broken Mirror":67,"MutagenicStrength":122,"hubris:TenFootPole":80,"infinitespire:Cupcake":66,"Lantern":17,"PokerPlayerMod:PenAndEraser":130,"Singing Bowl":130,"Blue Doll":83,"hubris:EmptyBottle":17,"Ancient Tea Set":19,"Smiling Mask":115,"aspiration:AnachronicSnailShell":24,"Ring of Peace":130,"hubris:FunFungus":88,"Chemical X":134,"aspiration:ChemicalBlood":60,"Ring of the Snake":78,"Potion Belt":89,"Circlet":17,"infinitespire:Lucky Rock":126,"hubris:Towel":19,"energizedSpire:SpiderWeb":129,"MawBank":14,"Replay:Arrowhead":134,"Busted Crown":74,"Ornamental Fan":50,"Turnip":78,"Art of War":8,"Runesmith:AutoHammer":34,"Bottled Lightning":107,"ReplayTheSpireMod:Ring of Challenge":40,"conspire:DeflatedDodgeball":117,"hubris:VirtuousBlindfold":39,"EVO:Axolotl":67,"Lizard Tail":70,"DollysMirror":113,"Strawberry":13,"Prayer Wheel":6,"aspiration:ArtOfWarUpgrade":15,"Iron Hammer":37,"Girya":30,"Ring of Hypnosis":40,"hubris:DuctTape":43,"aspiration:Nostalgia":78,"ReplayTheSpireMod:CursedCoin":117,"Oddly Smooth Stone":12,"Guardian:ModeShifter":114,"Ring of Chaos":17,"conspire:SlowCooker":55,"conspire:Boomerang":113,"Letter Opener":11,"Replay:Kaleidoscope":120,"aspiration:SeaSaltIceCream":131,"WarpedTongs":99,"Bottled Flame":23,"Replay:Baseball":74,"Shuriken":124,"Bronze Scales":22,"Onion Ring":86,"ReplayTheSpireMod:TigerMarble":27,"Black Star":100,"CatCart":75,"Meat on the Bone":45,"Replay:PocketPolymizer":24,"SacredBark":102,"aspiration:TomeofQuesting":64,"conspire:SpecialSausage":85,"Replay:Mystery Machine":134,"PrismaticShard":122,"ClockworkSouvenir":94,"aspiration:StickyExplosives_weak":118,"Nunchaku":7,"PokerPlayerMod:DeckCase":96,"hubris:Icosahedron":37,"Pantograph":11,"hubris:Stopwatch":32,"Tiny Chest":4,"Replay:Bottled Snecko":96,"Cracked Core":0,"Gremlin Food":81,"hubris:KleinBottle":131,"Guide Book":76,"hubris:MedicalManual":45,"infinitespire:FocusingShard":108,"Replay:WaspNest":117,"Medical Kit":131,"Mercury Hourglass":28,"Anchor":14,"infinitespire:WardingShard":113,"PokerPlayerMod:JackpotMachine":108,"Membership Card":41,"FossilizedHelix":83,"ReplayTheSpireMod:ShopPack":35},{"hubris:BallOfYels":177,"infinitespire:Cubic Diamond":499,"Whetstone":18,"Ginger":497,"FrozenCore":38,"aspiration:EnhancedActuators":173,"Sundial":525,"MealTicket":114,"Replay:Bottled Flurry":340,"Kunai":87,"HollowMod:PaleOreRelic":266,"Replay:Wax Seal":231,"MerchantsRug":49,"ReplayTheSpireMod:Ring of Addiction":87,"Pen Nib":87,"Replay:Ancient Bell":478,"Guardian:PocketSentry":480,"Akabeko":13,"aspiration:FrozenJewel":336,"SlaversCollar":85,"hubris:BottledHeart":170,"infinitespire:Broken Mirror":292,"MutagenicStrength":522,"hubris:TenFootPole":352,"infinitespire:Cupcake":289,"Lantern":87,"PokerPlayerMod:PenAndEraser":548,"Singing Bowl":548,"Blue Doll":367,"hubris:EmptyBottle":87,"Ancient Tea Set":101,"Smiling Mask":502,"aspiration:AnachronicSnailShell":132,"Ring of Peace":548,"hubris:FunFungus":394,"Chemical X":564,"aspiration:ChemicalBlood":262,"Ring of the Snake":348,"Potion Belt":400,"Circlet":87,"infinitespire:Lucky Rock":534,"hubris:Towel":101,"energizedSpire:SpiderWeb":543,"MawBank":67,"Replay:Arrowhead":564,"Busted Crown":321,"Ornamental Fan":231,"Turnip":348,"Art of War":28,"Runesmith:AutoHammer":170,"Bottled Lightning":475,"ReplayTheSpireMod:Ring of Challenge":197,"conspire:DeflatedDodgeball":505,"hubris:VirtuousBlindfold":194,"EVO:Axolotl":292,"Lizard Tail":307,"DollysMirror":497,"Strawberry":61,"Prayer Wheel":20,"aspiration:ArtOfWarUpgrade":74,"Iron Hammer":181,"Girya":150,"Ring of Hypnosis":197,"hubris:DuctTape":211,"aspiration:Nostalgia":348,"ReplayTheSpireMod:CursedCoin":505,"Oddly Smooth Stone":56,"Guardian:ModeShifter":499,"Ring of Chaos":87,"conspire:SlowCooker":246,"conspire:Boomerang":497,"Letter Opener":49,"Replay:Kaleidoscope":514,"aspiration:SeaSaltIceCream":551,"WarpedTongs":452,"Bottled Flame":129,"Replay:Baseball":321,"Shuriken":527,"Bronze Scales":123,"Onion Ring":382,"ReplayTheSpireMod:TigerMarble":141,"Black Star":461,"CatCart":327,"Meat on the Bone":214,"Replay:PocketPolymizer":132,"SacredBark":464,"aspiration:TomeofQuesting":279,"conspire:SpecialSausage":378,"Replay:Mystery Machine":564,"PrismaticShard":522,"ClockworkSouvenir":426,"aspiration:StickyExplosives_weak":508,"Nunchaku":26,"PokerPlayerMod:DeckCase":437,"hubris:Icosahedron":181,"Pantograph":49,"hubris:Stopwatch":160,"Tiny Chest":13,"Replay:Bottled Snecko":437,"Cracked Core":0,"Gremlin Food":362,"hubris:KleinBottle":551,"Guide Book":336,"hubris:MedicalManual":214,"infinitespire:FocusingShard":478,"Replay:WaspNest":505,"Medical Kit":551,"Mercury Hourglass":144,"Anchor":67,"infinitespire:WardingShard":497,"PokerPlayerMod:JackpotMachine":478,"Membership Card":201,"FossilizedHelix":367,"ReplayTheSpireMod:ShopPack":173}]},"card_choices":[{"not_picked":["PokerPlayerMod:Fold","PokerPlayerMod:Club2","PokerPlayerMod:Spade1"],"picked":"SKIP","floor":1},{"not_picked":["PokerPlayerMod:Spade4","PokerPlayerMod:Spade3"],"picked":"PokerPlayerMod:SpadeStrike","floor":2}],"player_experience":524759,"relics_obtained":[],"event_choices":[{"damage_healed":0,"gold_gain":0,"player_choice":"Ignored","damage_taken":0,"max_hp_gain":0,"max_hp_loss":0,"event_name":"NoteForYourself","floor":4,"gold_loss":0}],"is_beta":false,"boss_relics":[],"items_purged_floors":[],"is_endless":false,"potions_floor_spawned":[],"killed_by":"Lagavulin","ascension_level":1}}