{"host":"fq1bpa5mgr3rtgnr","time":1610602204,"event":{"mods":["AchievementEnabler","BaseMod","Colored Map","Colored Powertips","Highlight Path","Minty Spire (QoL Compilation)","Relic Stats","StSLib","The Bug Knight"],"gold_per_floor":[115,115,115,126,140,169,181,209,255,283,283,299,318,337,337,337,337],"floor_reached":16,"language":"ENG","playtime":916,"items_purged":[],"score":130,"play_id":"6e0334c0-9da0-4537-973b-635eca128541","local_time":"20210114003004","is_ascension_mode":true,"campfire_choices":[{"data":"HollowMod:CycloneSlash","floor":11,"key":"SMITH"},{"data":"HollowMod:DungDefenderAura","floor":15,"key":"SMITH"}],"circlet_count":0,"master_deck":["HollowMod:NailStrikeStart","HollowMod:NailStrikeStart","HollowMod:NailStrikeStart","HollowMod:NailStrikeStart","HollowMod:QuickDashStart","HollowMod:QuickDashStart","HollowMod:QuickDashStart+1","HollowMod:QuickDashStart","HollowMod:FocusHealStart","HollowMod:PogoStrike+1","HollowMod:QuirrelsAssistance","Shame","HollowMod:SoulStrike","HollowMod:RecoilStrike","HollowMod:CycloneSlash+1","HollowMod:HowlingWraiths","HollowMod:BaldurShell","HollowMod:DungDefenderAura+1","HollowMod:QuirrelsAssistance","HollowMod:Grubsong"],"relics":["HollowMod:VesselMask","HollowMod:PaleOreRelic","Centennial Puzzle","InkBottle","Art of War","PreservedInsect"],"acts_visited":["Exordium"],"potions_floor_usage":[16,16,16],"damage_taken":[{"damage":1,"enemies":"Jaw Worm","floor":1,"turns":3},{"damage":0,"enemies":"Small Slimes","floor":4,"turns":3},{"damage":0,"enemies":"Cultist","floor":5,"turns":2},{"damage":19,"enemies":"Lagavulin","floor":6,"turns":6},{"damage":5,"enemies":"Lots of Slimes","floor":7,"turns":2},{"damage":13,"enemies":"Gremlin Nob","floor":8,"turns":4},{"damage":18,"enemies":"Lagavulin","floor":10,"turns":7},{"damage":4,"enemies":"Blue Slaver","floor":12,"turns":3},{"damage":1,"enemies":"2 Fungi Beasts","floor":13,"turns":3},{"damage":8,"enemies":"Exordium Wildlife","floor":14,"turns":2},{"damage":42,"enemies":"Hexaghost","floor":16,"turns":12}],"seed_played":"-1603558499875449860","potions_obtained":[{"floor":1,"key":"SneckoOil"},{"floor":6,"key":"AttackPotion"},{"floor":8,"key":"Fruit Juice"},{"floor":13,"key":"SteroidPotion"},{"floor":14,"key":"Strength Potion"}],"is_trial":false,"path_per_floor":["M","?","?","M","M","E","M","E","T","E","R","M","M","M","R","B"],"character_chosen":"THE_BUGKNIGHT","items_purchased":[],"campfire_rested":0,"item_purchase_floors":[],"current_hp_per_floor":[74,59,59,65,65,46,47,40,40,28,28,30,35,27,27,0,0],"gold":337,"neow_bonus":"RANDOM_COMMON_RELIC","is_daily":false,"chose_seed":false,"campfire_upgraded":2,"win_rate":0.0,"timestamp":1610602204,"path_taken":["M","?","?","M","?","E","M","E","T","E","R","M","M","M","R","BOSS"],"items_purchased_type":[],"build_version":"2020-12-22","purchased_purges":0,"victory":false,"max_hp_per_floor":[75,75,75,75,75,75,75,75,75,75,75,75,75,75,75,80,80],"relic_stats":{"Centennial Puzzle":[21],"counters":[11,47],"PreservedInsect":0,"Art of War":[1],"obtain_stats":[{"Centennial Puzzle":6,"HollowMod:VesselMask":0,"PreservedInsect":10,"Art of War":9,"HollowMod:PaleOreRelic":0,"InkBottle":8},{"Centennial Puzzle":4,"HollowMod:VesselMask":0,"PreservedInsect":7,"Art of War":6,"HollowMod:PaleOreRelic":0,"InkBottle":6},{"Centennial Puzzle":14,"HollowMod:VesselMask":0,"PreservedInsect":27,"Art of War":20,"HollowMod:PaleOreRelic":0,"InkBottle":20}],"InkBottle":[8]},"card_choices":[{"not_picked":["HollowMod:CoiledNail","HollowMod:InfectedCysts"],"picked":"HollowMod:QuirrelsAssistance","floor":1},{"not_picked":["HollowMod:InfectedCysts","HollowMod:DashSlash"],"picked":"HollowMod:SoulStrike","floor":4},{"not_picked":["HollowMod:SiblingsShadow","HollowMod:MawleksShell"],"picked":"HollowMod:RecoilStrike","floor":5},{"not_picked":["HollowMod:VengefulVoid","HollowMod:PureVessel"],"picked":"HollowMod:CycloneSlash","floor":6},{"not_picked":["HollowMod:SiblingsShadow","HollowMod:GoodIntentions"],"picked":"HollowMod:HowlingWraiths","floor":7},{"not_picked":["HollowMod:SiblingsSouls","HollowMod:CoiledNail"],"picked":"HollowMod:BaldurShell","floor":8},{"not_picked":["HollowMod:ShadowDash","HollowMod:DoubleDash","HollowMod:DescendingDark"],"picked":"SKIP","floor":10},{"not_picked":["HollowMod:CornifersMapStart","HollowMod:NewGlowingWomb"],"picked":"HollowMod:DungDefenderAura","floor":12},{"not_picked":["HollowMod:TaintedHusks","HollowMod:GoodIntentions"],"picked":"HollowMod:QuirrelsAssistance","floor":13},{"not_picked":["HollowMod:VengefulVoid","HollowMod:BrokenVessel"],"picked":"HollowMod:Grubsong","floor":14}],"player_experience":403487,"relics_obtained":[{"floor":6,"key":"Centennial Puzzle"},{"floor":8,"key":"InkBottle"},{"floor":9,"key":"Art of War"},{"floor":10,"key":"PreservedInsect"}],"event_choices":[{"damage_healed":0,"gold_gain":0,"player_choice":"Entered Light","damage_taken":15,"max_hp_gain":0,"max_hp_loss":0,"event_name":"Shining Light","floor":2,"gold_loss":0,"cards_upgraded":["HollowMod:QuickDashStart","HollowMod:PogoStrike"]},{"damage_healed":0,"gold_gain":0,"player_choice":"1 cards matched","damage_taken":0,"max_hp_gain":0,"max_hp_loss":0,"event_name":"Match and Keep!","floor":3,"gold_loss":0,"cards_obtained":["Shame"]}],"is_beta":false,"boss_relics":[],"items_purged_floors":[],"is_endless":false,"potions_floor_spawned":[1,6,8,13,14],"killed_by":"Hexaghost","ascension_level":1}}