{"host":"wik2u884rt5bbues","time":1610657547,"event":{"mods":["AchievementEnabler","BaseMod","Colored Map","Colored Powertips","DeckTracker","Googly Eyes","Minty Spire (QoL Compilation)","Permanent Neow","Quick Restart","Shop Mod","StSLib","SuperFastMode"],"gold_per_floor":[115,131,131,143,158,187,21,46,46,64,93,93,44,60,60,159,159,176,121,137,37,52,52,52,68,68,100,114,61,61,93,93,190,190,210,124,141,141,141],"floor_reached":38,"language":"ENG","playtime":3856,"items_purged":["Pain","Strike_R"],"score":707,"play_id":"193dd48d-1350-426c-bf46-5741d2cd90f3","local_time":"20210114205227","is_ascension_mode":true,"campfire_choices":[{"data":"Flex","floor":15,"key":"SMITH"},{"data":"Double Tap","floor":23,"key":"SMITH"},{"floor":30,"key":"REST"},{"floor":32,"key":"REST"}],"circlet_count":0,"master_deck":["AscendersBane","Defend_R","Defend_R","Defend_R","Defend_R","Bash","Metallicize+1","Shrug It Off","Flex","Intimidate","Deep Breath","Cleave+1","Headbutt+1","Iron Wave+1","Flex+1","Clothesline+1","Double Tap+1","Cleave+1","Body Slam+1","Twin Strike+1","Heavy Blade+1","Berserk","Shockwave+1","Body Slam+1","Exhume","Limit Break","Offering+1","Exhume+1","Uppercut+1","Battle Trance","Flex","Metallicize"],"relics":["Burning Blood","WarpedTongs","Bronze Scales","Molten Egg 2","Bag of Marbles","Black Star","Ancient Tea Set","Vajra","Mercury Hourglass","Question Card","Omamori","MerchantsRug"],"acts_visited":["Exordium","TheCity","TheBeyond"],"potions_floor_usage":[6,6,11,18,24,37,38],"damage_taken":[{"damage":1,"enemies":"Cultist","floor":1,"turns":4},{"damage":3,"enemies":"2 Louse","floor":2,"turns":4},{"damage":4,"enemies":"Jaw Worm","floor":4,"turns":5},{"damage":19,"enemies":"Large Slime","floor":5,"turns":9},{"damage":32,"enemies":"Lagavulin","floor":6,"turns":10},{"damage":31,"enemies":"3 Sentries","floor":8,"turns":10},{"damage":0,"enemies":"Looter","floor":10,"turns":3},{"damage":17,"enemies":"Gremlin Nob","floor":11,"turns":4},{"damage":8,"enemies":"Blue Slaver","floor":14,"turns":2},{"damage":23,"enemies":"The Guardian","floor":16,"turns":11},{"damage":18,"enemies":"2 Thieves","floor":18,"turns":4},{"damage":13,"enemies":"Spheric Guardian","floor":20,"turns":3},{"damage":20,"enemies":"Cultist and Chosen","floor":22,"turns":6},{"damage":0,"enemies":"Book of Stabbing","floor":24,"turns":1},{"damage":6,"enemies":"Snecko","floor":25,"turns":4},{"damage":23,"enemies":"Slavers","floor":27,"turns":4},{"damage":6,"enemies":"Centurion and Healer","floor":28,"turns":5},{"damage":33,"enemies":"Gremlin Leader","floor":31,"turns":5},{"damage":30,"enemies":"Collector","floor":33,"turns":8},{"damage":14,"enemies":"Orb Walker","floor":35,"turns":2},{"damage":20,"enemies":"3 Darklings","floor":37,"turns":4},{"damage":43,"enemies":"2 Orb Walkers","floor":38,"turns":3}],"seed_played":"-5646971601359939913","potions_obtained":[{"floor":2,"key":"BloodPotion"},{"floor":5,"key":"Explosive Potion"},{"floor":8,"key":"BloodPotion"},{"floor":11,"key":"SkillPotion"},{"floor":20,"key":"Explosive Potion"},{"floor":22,"key":"SmokeBomb"},{"floor":25,"key":"ElixirPotion"},{"floor":37,"key":"FearPotion"}],"is_trial":false,"path_per_floor":["M","M","?","M","M","E","$","E","T","M","E","?","$","M","R","B",null,"M","?","M","$","M","R","E","M","T","E","M","$","R","E","R","B",null,"M","$","M","?"],"character_chosen":"IRONCLAD","items_purchased":["Deep Breath","Flex","Body Slam+1","MerchantsRug","Flex"],"campfire_rested":2,"item_purchase_floors":[7,13,29,36,36],"current_hp_per_floor":[77,80,80,80,67,57,57,32,32,38,43,43,43,41,41,24,66,54,54,47,47,33,33,39,39,39,22,22,22,46,19,43,19,65,57,57,43,0,0],"gold":141,"neow_bonus":"REMOVE_CARD","is_daily":false,"chose_seed":false,"campfire_upgraded":2,"win_rate":0.0,"timestamp":1610657547,"path_taken":["M","M","?","M","?","E","$","E","T","M","E","?","$","M","R","BOSS","M","?","M","$","M","R","E","?","T","E","M","$","R","E","R","BOSS","M","$","M","?"],"items_purchased_type":["Card","Card","Card","Relic","Card"],"build_version":"2020-12-22","purchased_purges":2,"victory":false,"max_hp_per_floor":[80,80,80,80,80,80,80,80,80,80,80,80,80,80,80,80,80,80,80,80,80,80,80,80,80,80,80,80,80,80,80,80,80,80,80,80,80,80,80],"card_choices":[{"not_picked":["Cleave","Havoc"],"picked":"Metallicize","floor":1},{"not_picked":["Thunderclap","Entrench"],"picked":"Shrug It Off","floor":2},{"not_picked":["Carnage","Dual Wield"],"picked":"Flex","floor":4},{"not_picked":["Searing Blow","Bloodletting"],"picked":"Intimidate","floor":5},{"not_picked":["Blood for Blood","Bloodletting","Wild Strike"],"picked":"SKIP","floor":6},{"not_picked":["Headbutt+1","Pommel Strike+1"],"picked":"Cleave+1","floor":8},{"not_picked":["Brutality","Iron Wave+1"],"picked":"Headbutt+1","floor":10},{"not_picked":["Infernal Blade","Offering"],"picked":"Iron Wave+1","floor":11},{"not_picked":["Warcry","Headbutt+1"],"picked":"Clothesline+1","floor":14},{"not_picked":["Fiend Fire+1","Feed+1"],"picked":"Double Tap","floor":16},{"not_picked":["Armaments","Heavy Blade+1"],"picked":"Cleave+1","floor":18},{"not_picked":["Headbutt+1","Power Through"],"picked":"Body Slam+1","floor":20},{"not_picked":["Dropkick+1","Fire Breathing"],"picked":"Twin Strike+1","floor":22},{"not_picked":["Feel No Pain+1","Cleave+1"],"picked":"Heavy Blade+1","floor":25},{"not_picked":["Twin Strike+1","Clash+1"],"picked":"Berserk","floor":27},{"not_picked":["Shrug It Off","Headbutt+1","Power Through+1"],"picked":"Shockwave+1","floor":28},{"not_picked":["Dark Embrace","Bloodletting","Heavy Blade+1"],"picked":"Exhume","floor":31},{"not_picked":["Feed+1","Juggernaut","Immolate+1"],"picked":"Limit Break","floor":33},{"not_picked":["Power Through","Thunderclap+1","Havoc+1"],"picked":"Battle Trance","floor":35},{"not_picked":["Body Slam+1","Anger+1","Sword Boomerang+1"],"picked":"Metallicize","floor":37}],"player_experience":770030,"relics_obtained":[{"floor":6,"key":"Bronze Scales"},{"floor":8,"key":"Molten Egg 2"},{"floor":11,"key":"Bag of Marbles"},{"floor":26,"key":"Vajra"},{"floor":27,"key":"Mercury Hourglass"},{"floor":27,"key":"Question Card"},{"floor":31,"key":"Omamori"},{"floor":31,"key":"StrikeDummy"}],"event_choices":[{"damage_healed":0,"gold_gain":0,"player_choice":"Rummage","damage_taken":0,"relics_obtained":["WarpedTongs"],"max_hp_gain":0,"max_hp_loss":0,"event_name":"Accursed Blacksmith","floor":3,"gold_loss":0,"cards_obtained":["Pain"]},{"damage_healed":0,"gold_gain":0,"player_choice":"Upgraded","damage_taken":0,"max_hp_gain":0,"max_hp_loss":0,"event_name":"Upgrade Shrine","floor":12,"gold_loss":0,"cards_upgraded":["Metallicize"]},{"damage_healed":0,"gold_gain":0,"player_choice":"Paid Gold","damage_taken":0,"relics_obtained":["Ancient Tea Set"],"max_hp_gain":0,"max_hp_loss":0,"event_name":"WeMeetAgain","floor":19,"gold_loss":55},{"damage_healed":0,"gold_gain":0,"player_choice":"Fight","damage_taken":0,"max_hp_gain":0,"max_hp_loss":0,"event_name":"Mysterious Sphere","floor":38,"gold_loss":0}],"is_beta":false,"boss_relics":[{"not_picked":["Calling Bell","Coffee Dripper"],"picked":"Black Star"},{"not_picked":["Runic Dome","Pandora\u0027s Box"],"picked":"Astrolabe"}],"items_purged_floors":[7,21],"is_endless":false,"potions_floor_spawned":[2,5,8,11,20,22,25,37],"killed_by":"2 Orb Walkers","ascension_level":11}}