{"host":"pletss163z7s8pvv","time":1610601095,"event":{"mods":["AchievementEnabler","BaseMod","Colored Map","Colored Powertips","Minty Spire (QoL Compilation)"],"gold_per_floor":[113,113,126,145,145,145,183,26,26,45,45,60,75,94,94,223,223,239,260,283,308,308,308,308,308,308,326,326,345,43,74,74,202,202,225,558,1,21,39,39,51,68,95,120,140,0,0,11,11,11],"floor_reached":51,"language":"ENG","playtime":1431,"items_purged":["Decay"],"score":880,"play_id":"b9cd3cd5-5f6e-4ea2-8769-55aec163cce2","local_time":"20210113231135","daily_mods":["Shiny","Uncertain Future","Lethality"],"is_ascension_mode":false,"campfire_choices":[{"floor":6,"key":"REST"},{"data":"Corruption","floor":11,"key":"SMITH"},{"floor":15,"key":"REST"},{"data":"Berserk","floor":23,"key":"SMITH"},{"data":"Double Tap","floor":25,"key":"SMITH"},{"data":"Exhume","floor":32,"key":"SMITH"},{"data":"Apotheosis","floor":40,"key":"SMITH"},{"data":"Limit Break","floor":47,"key":"SMITH"},{"floor":49,"key":"REST"}],"circlet_count":0,"master_deck":["Double Tap","Demon Form","Bludgeon","Feed","Limit Break+1","Corruption+1","Barricade","Fiend Fire","Berserk+1","Impervious","Juggernaut","Brutality","Reaper","Exhume+1","Offering","Immolate","Cleave","Carnage","Twin Strike","Flex","Twin Strike","Twin Strike","Double Tap+1","Heavy Blade","Feed","Shrug It Off+1","Pummel","Fire Breathing","Seeing Red+1","Flex","Headbutt","Anger","Armaments+1","SashWhip","Apotheosis+1","CurseOfTheBell","Armaments+1","Clash","Flex","Combust","Violence","Bandage Up","Armaments+1","Heavy Blade","CutThroughFate","PiercingWail","Perseverance+1","Intimidate+1","Heavy Blade+1","CrushJoints","Cloak And Dagger"],"relics":["Burning Blood","Paper Frog","Membership Card","Bag of Marbles","SlaversCollar","MutagenicStrength","Eternal Feather","Darkstone Periapt","Nilry\u0027s Codex","Red Skull","Ancient Tea Set","PrismaticShard","MealTicket","Calling Bell","Dream Catcher","Mummified Hand","Torii","StrikeDummy","Meat on the Bone","Frozen Eye","Smiling Mask","War Paint","Red Mask"],"acts_visited":["Exordium","TheCity","TheBeyond"],"potions_floor_usage":[4,16,16,33,33,33,50,50,50],"damage_taken":[{"damage":14,"enemies":"Jaw Worm","floor":1,"turns":2},{"damage":9,"enemies":"Cultist","floor":3,"turns":3},{"damage":19,"enemies":"2 Louse","floor":4,"turns":2},{"damage":6,"enemies":"Lagavulin","floor":7,"turns":3},{"damage":6,"enemies":"Looter","floor":10,"turns":1},{"damage":6,"enemies":"2 Fungi Beasts","floor":12,"turns":1},{"damage":6,"enemies":"Large Slime","floor":13,"turns":3},{"damage":36,"enemies":"Exordium Thugs","floor":14,"turns":4},{"damage":37,"enemies":"The Guardian","floor":16,"turns":6},{"damage":0,"enemies":"Spheric Guardian","floor":18,"turns":2},{"damage":22,"enemies":"Chosen","floor":19,"turns":2},{"damage":20,"enemies":"Shelled Parasite and Fungi","floor":20,"turns":2},{"damage":32,"enemies":"Snake Plant","floor":21,"turns":2},{"damage":4,"enemies":"3 Cultists","floor":27,"turns":3},{"damage":6,"enemies":"Shelled Parasite and Fungi","floor":29,"turns":2},{"damage":0,"enemies":"Gremlin Leader","floor":31,"turns":1},{"damage":56,"enemies":"Collector","floor":33,"turns":4},{"damage":27,"enemies":"3 Shapes","floor":35,"turns":4},{"damage":8,"enemies":"Orb Walker","floor":38,"turns":2},{"damage":41,"enemies":"Spire Growth","floor":39,"turns":3},{"damage":69,"enemies":"Maw","floor":41,"turns":7},{"damage":0,"enemies":"Jaw Worm Horde","floor":42,"turns":2},{"damage":12,"enemies":"Reptomancer","floor":44,"turns":1},{"damage":48,"enemies":"Spire Growth","floor":45,"turns":4},{"damage":36,"enemies":"Maw","floor":48,"turns":3},{"damage":66,"enemies":"Time Eater","floor":50,"turns":6}],"seed_played":"-8552796104836930463","potions_obtained":[{"floor":1,"key":"CultistPotion"},{"floor":3,"key":"ColorlessPotion"},{"floor":10,"key":"Weak Potion"},{"floor":13,"key":"SkillPotion"},{"floor":16,"key":"Ancient Potion"},{"floor":18,"key":"ColorlessPotion"},{"floor":20,"key":"DistilledChaos"},{"floor":21,"key":"Strength Potion"},{"floor":33,"key":"PowerPotion"},{"floor":39,"key":"ColorlessPotion"},{"floor":48,"key":"LiquidBronze"}],"is_trial":true,"path_per_floor":["M","?","M","M","?","R","E","$","T","M","R","M","M","M","R","B",null,"M","M","M","M","?","R","?","R","T","M","?","M","$","E","R","B",null,"M","?","$","M","M","R","M","M","T","E","M","?","R","M","R","B",null],"character_chosen":"IRONCLAD","items_purchased":["Membership Card","Red Skull","Ancient Tea Set","PrismaticShard","Anger","Armaments","StrikeDummy","Meat on the Bone","Clash","Flex","Frozen Eye","Combust","Violence","Bandage Up","Armaments"],"campfire_rested":3,"item_purchase_floors":[8,30,30,30,30,30,37,37,37,37,37,37,37,37,37],"current_hp_per_floor":[75,55,52,42,42,66,69,69,69,86,86,86,86,56,81,65,86,89,86,72,46,46,46,46,64,64,69,53,53,53,59,77,86,101,83,83,98,101,72,99,58,64,64,80,65,65,92,66,101,63],"gold":11,"neow_bonus":"","is_daily":false,"chose_seed":false,"campfire_upgraded":6,"win_rate":0.0,"timestamp":1610601095,"path_taken":["M","?","M","M","?","R","E","$","T","M","R","?","M","M","R","BOSS","M","M","M","M","?","R","?","R","T","M","?","M","$","E","R","BOSS","M","?","$","M","M","R","M","M","T","E","M","?","R","?","R","BOSS"],"items_purchased_type":["Relic","Relic","Relic","Relic","Card","Card","Relic","Relic","Card","Card","Relic","Card","Card","Card","Card"],"build_version":"2020-12-22","purchased_purges":1,"victory":true,"max_hp_per_floor":[80,80,80,83,83,83,86,86,86,86,86,86,86,86,86,86,86,89,92,92,92,92,92,92,92,92,95,95,95,95,95,95,95,101,101,101,101,101,101,101,101,101,101,101,101,101,101,101,101,105],"card_choices":[{"not_picked":["Armaments","Body Slam"],"picked":"Cleave","floor":1},{"not_picked":["True Grit","Sever Soul"],"picked":"Carnage","floor":3},{"not_picked":["Uppercut","Armaments"],"picked":"Twin Strike","floor":4},{"not_picked":["Hemokinesis","Uppercut"],"picked":"Flex","floor":7},{"not_picked":["Combust","Warcry"],"picked":"Twin Strike","floor":10},{"not_picked":["Body Slam","True Grit"],"picked":"Twin Strike","floor":12},{"not_picked":["Sword Boomerang","Cleave"],"picked":"Double Tap","floor":13},{"not_picked":["Sentinel","Headbutt"],"picked":"Heavy Blade","floor":14},{"not_picked":["Offering","Immolate"],"picked":"Feed","floor":16},{"not_picked":["Twin Strike+1","Pommel Strike+1"],"picked":"Shrug It Off+1","floor":18},{"not_picked":["Pommel Strike","Thunderclap"],"picked":"Pummel","floor":19},{"not_picked":["Havoc","Body Slam"],"picked":"Fire Breathing","floor":20},{"not_picked":["Feel No Pain","Dark Embrace"],"picked":"Seeing Red+1","floor":21},{"not_picked":["Perfected Strike+1","Shockwave"],"picked":"Flex","floor":27},{"not_picked":["Pommel Strike","Combust+1"],"picked":"Headbutt","floor":29},{"not_picked":["JustLucky","Sword Boomerang"],"picked":"SashWhip","floor":31},{"not_picked":["Double Tap","A Thousand Cuts"],"picked":"Apotheosis","floor":33},{"not_picked":["Leap","Second Wind"],"picked":"Armaments+1","floor":35},{"not_picked":["Perfected Strike+1","Armaments"],"picked":"Heavy Blade","floor":38},{"not_picked":["Force Field","Undo"],"picked":"CutThroughFate","floor":39},{"not_picked":["ClearTheMind+1","Chaos"],"picked":"PiercingWail","floor":41},{"not_picked":["Underhanded Strike","Prostrate"],"picked":"Perseverance+1","floor":42},{"not_picked":["Pray","Heel Hook+1"],"picked":"Intimidate+1","floor":44},{"not_picked":["Hologram+1","Anger+1"],"picked":"Heavy Blade+1","floor":45},{"not_picked":["Concentrate","Blizzard+1"],"picked":"CrushJoints","floor":48},{"not_picked":["Compile Driver+1","Collect+1"],"picked":"Cloak And Dagger","floor":49}],"player_experience":416117,"relics_obtained":[{"floor":7,"key":"Paper Frog"},{"floor":9,"key":"Bag of Marbles"},{"floor":26,"key":"Darkstone Periapt"},{"floor":28,"key":"Nilry\u0027s Codex"},{"floor":31,"key":"MealTicket"},{"floor":34,"key":"Dream Catcher"},{"floor":34,"key":"Mummified Hand"},{"floor":34,"key":"Torii"},{"floor":43,"key":"Smiling Mask"},{"floor":44,"key":"War Paint"}],"event_choices":[{"damage_healed":0,"gold_gain":0,"player_choice":"Take Damage","damage_taken":20,"relics_obtained":["Golden Idol"],"max_hp_gain":0,"max_hp_loss":0,"event_name":"Golden Idol","floor":2,"gold_loss":0},{"damage_healed":0,"gold_gain":0,"player_choice":"Cursed","damage_taken":0,"max_hp_gain":0,"max_hp_loss":0,"event_name":"Wheel of Change","floor":5,"gold_loss":0,"cards_obtained":["Decay"]},{"damage_healed":0,"gold_gain":0,"player_choice":"Inject Mutagens","damage_taken":0,"relics_obtained":["MutagenicStrength"],"max_hp_gain":0,"max_hp_loss":0,"event_name":"Drug Dealer","floor":22,"gold_loss":0},{"damage_healed":0,"gold_gain":0,"player_choice":"Opened","damage_taken":0,"relics_obtained":["Eternal Feather"],"max_hp_gain":0,"max_hp_loss":0,"event_name":"The Mausoleum","floor":24,"gold_loss":0},{"damage_healed":0,"gold_gain":0,"player_choice":"Obtained Book","damage_taken":16,"max_hp_gain":0,"max_hp_loss":0,"event_name":"Cursed Tome","floor":28,"gold_loss":0},{"damage_healed":0,"gold_gain":333,"player_choice":"Gave Idol","damage_taken":0,"max_hp_gain":0,"max_hp_loss":0,"event_name":"The Moai Head","floor":36,"relics_lost":["Golden Idol"],"gold_loss":0},{"damage_healed":0,"gold_gain":0,"player_choice":"Paid","damage_taken":0,"relics_obtained":["Red Mask"],"max_hp_gain":0,"max_hp_loss":0,"event_name":"Tomb of Lord Red Mask","floor":46,"gold_loss":140}],"is_beta":false,"boss_relics":[{"not_picked":["Ectoplasm","Fusion Hammer"],"picked":"SlaversCollar"},{"not_picked":["Runic Pyramid","Tiny House"],"picked":"Calling Bell"}],"items_purged_floors":[30],"is_endless":false,"potions_floor_spawned":[1,3,10,13,16,18,20,21,33,39,48],"ascension_level":0}}