{"host":"22s5scuj7mu87reg","time":1610620951,"event":{"mods":["BaseMod","Colored Powertips","Dota2Spire","Downfall","Duelist Mod","GungeonMod","Halation","Hubris","Infinite Spire","Koishi","KomeijiMod","Minty Spire (QoL Compilation)","Replay The Spire","StSLib","SuperFastMode","The Jungle","The Mystic","The Necromancer","Wandering Minibosses"],"gold_per_floor":[142,155,167,167,43,76,76,76,122,141,141,141,168,184,184,285,285,297,297,312,520,520,554,508,543,593,605,624,581,496,517,517,606,606,617,629,629,629,634,634,634,629,629],"floor_reached":42,"language":"POL","playtime":3245,"items_purged":["theDuelist:Sparks","theDuelist:CastleWalls"],"score":493,"play_id":"c9d1e68b-a540-4cd0-be95-597009205da4","local_time":"20210114114231","is_ascension_mode":false,"campfire_choices":[{"data":"theDuelist:DarkHorizon","floor":7,"key":"SMITH"},{"data":"theDuelist:SangaThunder","floor":12,"key":"SMITH"},{"data":"theDuelist:Illusionist","floor":15,"key":"SMITH"},{"floor":32,"key":"REST"},{"floor":40,"key":"REST"}],"circlet_count":0,"master_deck":["theDuelist:CastleWalls","theDuelist:DarkMagician","theDuelist:MysticalElf","theDuelist:MysticalElf+1","theDuelist:NeoMagic","theDuelist:NeoMagic","theDuelist:Sparks","theDuelist:Sparks","theDuelist:DarkHorizon+1","theDuelist:FlyingSaucer","theDuelist:SangaThunder+1","theDuelist:Illusionist+1","theDuelist:InvitationDarkSleep","theDuelist:Illusionist+1","theDuelist:GrandSpellbookTower","theDuelist:SangaThunder","theDuelist:DarkHorizon+1","theDuelist:InjectionFairy+1","theDuelist:Illusionist+1","theDuelist:GrandSpellbookTower","theDuelist:SkilledDarkMagician+1","theDuelist:DoomShaman","theDuelist:ExodiaHead","theDuelist:SangaThunder","theDuelist:ExodiaLA+1","theDuelist:ExodiaNecross","theDuelist:ExodiaHead"],"relics":["theDuelist:MillenniumPuzzle","theDuelist:CardPoolRelic","theDuelist:CardPoolBasicRelic","NeowsBlessing","Solar Panel","Potion Belt","theDuelist:SpellcasterOrb","Dota2Spire:BlackKingBar","DemoMod:MonsterBlood","Mark of Pain","ReplayTheSpireMod:Ninjato","Dota2Spire:AghanimScepter","Bag of Marbles","theDuelist:CardRewardRelicB","Replay:Wax Seal","hubris:VirtuousBlindfold","Pen Nib","Pondfish Scales"],"acts_visited":["Exordium","TheCity","TheBeyond"],"potions_floor_usage":[24,28,29,29,33,33],"damage_taken":[{"damage":0,"enemies":"Cultist","floor":1,"turns":1},{"damage":0,"enemies":"Jaw Worm","floor":2,"turns":1},{"damage":0,"enemies":"Small Slimes","floor":3,"turns":2},{"damage":9,"enemies":"3 Sentries","floor":6,"turns":8},{"damage":0,"enemies":"Exordium Wildlife","floor":10,"turns":2},{"damage":16,"enemies":"Lagavulin","floor":13,"turns":5},{"damage":6,"enemies":"3 Louse","floor":14,"turns":3},{"damage":11,"enemies":"Fading Forest","floor":16,"turns":11},{"damage":11,"enemies":"Spheric Guardian","floor":18,"turns":4},{"damage":12,"enemies":"Shell Parasite","floor":20,"turns":4},{"damage":5,"enemies":"Replay:Snechameleon","floor":23,"turns":5},{"damage":23,"enemies":"3 Cultists","floor":24,"turns":6},{"damage":22,"enemies":"Nightmare","floor":25,"turns":9},{"damage":2,"enemies":"Snecko","floor":27,"turns":4},{"damage":8,"enemies":"Centurion and Healer","floor":28,"turns":4},{"damage":27,"enemies":"Snake Plant","floor":29,"turns":6},{"damage":6,"enemies":"Slavers","floor":31,"turns":4},{"damage":40,"enemies":"Automaton","floor":33,"turns":9},{"damage":49,"enemies":"3 Darklings","floor":35,"turns":8},{"damage":2,"enemies":"Orb Walker","floor":36,"turns":3},{"damage":44,"enemies":"Transient","floor":39,"turns":5},{"damage":44,"enemies":"hubris:GrandSnecko","floor":42,"turns":6}],"seed_played":"5695918956044522032","potions_obtained":[{"floor":2,"key":"theDuelist:IcePotion"},{"floor":10,"key":"theDuelist:StunPotion"},{"floor":13,"key":"theDuelist:DebuffFuryPotion"},{"floor":14,"key":"theDuelist:TokenPotionB"},{"floor":18,"key":"Block Potion"},{"floor":25,"key":"Milkshake"},{"floor":29,"key":"SkillPotion"},{"floor":31,"key":"DemoMod:BlankPotion"},{"floor":39,"key":"SteroidPotion"}],"is_trial":false,"path_per_floor":["M","M","M","T","$","E","R","?","T","M","?","R","E","M","R","B",null,"M","?","M","?","?","E","M","NM","T","M","M","M","?","E","R","B",null,"M","M","?","AVR","M","R","?","B"],"character_chosen":"THE_DUELIST","items_purchased":["theDuelist:SangaThunder"],"campfire_rested":2,"item_purchase_floors":[5],"current_hp_per_floor":[80,80,80,80,80,73,73,57,57,57,57,57,52,50,50,53,87,76,76,68,47,47,48,30,23,23,25,32,14,14,13,39,8,87,45,50,50,50,11,37,37,0,0],"gold":629,"neow_bonus":"THREE_ENEMY_KILL","is_daily":false,"chose_seed":false,"campfire_upgraded":3,"win_rate":0.0,"timestamp":1610620951,"path_taken":["M","M","?","?","?","E","R","?","T","?","?","R","E","M","R","BOSS","M","?","?","?","?","E","M","NM","T","M","M","?","?","E","R","BOSS","M","M","?","AVR","?","R","?","BOSS"],"items_purchased_type":["Card"],"build_version":"2020-12-13","purchased_purges":2,"victory":false,"max_hp_per_floor":[80,80,80,80,80,80,80,80,80,80,80,80,87,87,87,87,87,87,87,87,87,87,87,87,87,87,87,87,87,87,87,87,87,87,87,87,87,87,87,87,87,87,87],"card_choices":[{"not_picked":["theDuelist:AncientElf","theDuelist:DarkMagician"],"picked":"theDuelist:DarkHorizon","floor":1},{"not_picked":["theDuelist:ThousandEyesIdol","theDuelist:Mudballman","theDuelist:FlyingSaucer"],"picked":"SKIP","floor":2},{"not_picked":["theDuelist:NeoMagic","theDuelist:DarkMagician"],"picked":"theDuelist:FlyingSaucer","floor":3},{"not_picked":["theDuelist:DarkMagicianGirl","theDuelist:LordD"],"picked":"theDuelist:Illusionist","floor":6},{"not_picked":["theDuelist:GeminiElf","theDuelist:Graverobber","theDuelist:NeoMagic"],"picked":"SKIP","floor":10},{"not_picked":["theDuelist:SpellShatteringArrow","theDuelist:ExodiaRL"],"picked":"theDuelist:InvitationDarkSleep","floor":13},{"not_picked":["theDuelist:SpiritHarp","theDuelist:DiffusionWaveMotion"],"picked":"theDuelist:Illusionist","floor":14},{"not_picked":["theDuelist:ThousandEyesRestrict","theDuelist:QueenDragunDjinn"],"picked":"theDuelist:GrandSpellbookTower","floor":16},{"not_picked":["theDuelist:BlizzardWarrior","theDuelist:DarkHorizon"],"picked":"theDuelist:SangaThunder","floor":18},{"not_picked":["theDuelist:CallAtlanteans","theDuelist:SkilledDarkMagician"],"picked":"theDuelist:InjectionFairy+1","floor":20},{"not_picked":["theDuelist:ExodiaLA","theDuelist:OjamaKing"],"picked":"theDuelist:Illusionist+1","floor":21},{"not_picked":["theDuelist:SangaThunder+1","theDuelist:MindAir+1"],"picked":"theDuelist:GrandSpellbookTower","floor":23},{"not_picked":["theDuelist:OjamaBlack+1","theDuelist:CharcoalInpachi+1","theDuelist:OjamaKnight"],"picked":"SKIP","floor":24},{"not_picked":["theDuelist:AltarTribute","theDuelist:LordD"],"picked":"theDuelist:SkilledDarkMagician+1","floor":25},{"not_picked":["theDuelist:ThousandEyesIdol","theDuelist:LordD"],"picked":"theDuelist:DoomShaman","floor":27},{"not_picked":["theDuelist:SpellShatteringArrow","theDuelist:OjamaYellow"],"picked":"theDuelist:ExodiaHead","floor":28},{"not_picked":["theDuelist:GuardianAngel+1","theDuelist:DarkMagicianGirl"],"picked":"theDuelist:SangaThunder","floor":29},{"not_picked":["theDuelist:Ojamuscle","theDuelist:LordD+1"],"picked":"theDuelist:ExodiaLA+1","floor":31},{"not_picked":["theDuelist:IceQueen","theDuelist:IrisEarthMother"],"picked":"theDuelist:ExodiaNecross","floor":33},{"not_picked":["theDuelist:GrandSpellbookTower","theDuelist:GateGuardian"],"picked":"theDuelist:ExodiaHead","floor":33},{"not_picked":["theDuelist:SangaThunder","theDuelist:PowerKaishin","theDuelist:AlienTelepath"],"picked":"SKIP","floor":35},{"not_picked":["theDuelist:CharcoalInpachi+1","theDuelist:IcyCrevasse","theDuelist:Illusionist+1"],"picked":"SKIP","floor":35},{"not_picked":["theDuelist:AltarTribute+1","theDuelist:ThousandEyesIdol+1","theDuelist:SangaThunder"],"picked":"SKIP","floor":35},{"not_picked":["theDuelist:OjamaKnight","theDuelist:QueenDragunDjinn","theDuelist:LordD"],"picked":"SKIP","floor":36},{"not_picked":["theDuelist:Mudballman+1","theDuelist:ApprenticeIllusionMagician+1","theDuelist:NeoMagic+1"],"picked":"SKIP","floor":39}],"player_experience":112740,"relics_obtained":[{"floor":4,"key":"Solar Panel"},{"floor":6,"key":"Potion Belt"},{"floor":9,"key":"theDuelist:SpellcasterOrb"},{"floor":13,"key":"DemoMod:MonsterBlood"},{"floor":23,"key":"ReplayTheSpireMod:Ninjato"},{"floor":25,"key":"Dota2Spire:AghanimScepter"},{"floor":26,"key":"Bag of Marbles"},{"floor":31,"key":"Replay:Wax Seal"}],"event_choices":[{"damage_healed":0,"gold_gain":0,"player_choice":"Entered Light","damage_taken":16,"max_hp_gain":0,"max_hp_loss":0,"event_name":"Shining Light","floor":8,"gold_loss":0,"cards_upgraded":["theDuelist:Illusionist","theDuelist:MysticalElf"]},{"damage_healed":0,"gold_gain":0,"player_choice":"Box","damage_taken":0,"relics_obtained":["Dota2Spire:BlackKingBar"],"max_hp_gain":0,"max_hp_loss":0,"event_name":"Big Fish","floor":11,"gold_loss":0,"cards_obtained":["Regret"]},{"damage_healed":0,"gold_gain":0,"player_choice":"Copied","damage_taken":0,"max_hp_gain":0,"max_hp_loss":0,"event_name":"Duplicator","floor":19,"gold_loss":0,"cards_obtained":["theDuelist:DarkHorizon"]},{"cards_removed":["Regret"],"damage_healed":0,"gold_gain":0,"player_choice":"Purged","damage_taken":0,"max_hp_gain":0,"max_hp_loss":0,"event_name":"Purifier","floor":22,"gold_loss":0},{"damage_healed":0,"gold_gain":0,"player_choice":"Obtained Relic","damage_taken":0,"relics_obtained":["theDuelist:CardRewardRelicB"],"max_hp_gain":0,"max_hp_loss":0,"event_name":"Addict","floor":30,"gold_loss":85},{"damage_healed":0,"gold_gain":0,"player_choice":"Gave Potion","damage_taken":0,"relics_obtained":["Pen Nib"],"max_hp_gain":0,"max_hp_loss":0,"event_name":"WeMeetAgain","floor":37,"gold_loss":0},{"damage_healed":0,"gold_gain":0,"player_choice":"Took Portal","damage_taken":0,"max_hp_gain":0,"max_hp_loss":0,"event_name":"SecretPortal","floor":41,"gold_loss":0}],"is_beta":false,"boss_relics":[{"not_picked":["hubris:TerracottaHorce","halation:Yufonium"],"picked":"Mark of Pain"},{"not_picked":["Calling Bell","Replay:Drink Me"],"picked":"hubris:VirtuousBlindfold"}],"items_purged_floors":[5,38],"is_endless":false,"potions_floor_spawned":[2,10,13,14,18,25,29,31,39],"killed_by":"hubris:GrandSnecko","ascension_level":0}}