{"host":"81vb4cbob60wa1na","time":1610635143,"event":{"mods":["BaseMod","Downfall","GifTheSpireLib","Hermit","Highlight Path","Minty Spire (QoL Compilation)","StSLib","The Cursed","The Disciple"],"gold_per_floor":[99,114,129,144,159,159,184,199,214,49,49,64,64,26,41,141,141,141,141,156,156,156,156,181,196,226,226,241,256,256,151,166,266,266,266,281,281,286,336,336,386,386,386,146,161,72,72,38,53,53,53,53],"floor_reached":50,"language":"ENG","playtime":3201,"items_purged":[],"score":552,"play_id":"3751de78-99a0-4654-a72d-a4260d774f6d","local_time":"20210114093903","daily_mods":["downfall:ChampStances","Diverse","downfall:ExchangeController"],"is_ascension_mode":false,"campfire_choices":[{"data":"champ:Execute","floor":1,"key":"SMITH"},{"data":"Tempo","floor":6,"key":"SMITH"},{"data":"Slimebound:Schlurp","floor":11,"key":"SMITH"},{"data":"ForeignInfluence","floor":13,"key":"SMITH"},{"data":"Guardian:CompilePackage","floor":18,"key":"SMITH"},{"floor":27,"key":"REST"},{"floor":30,"key":"REST"},{"data":"HandsUpC","floor":35,"key":"SMITH"},{"floor":40,"key":"REST"},{"floor":43,"key":"REST"},{"floor":47,"key":"REST"}],"circlet_count":0,"master_deck":["champ:Defend","champ:Defend","champ:Defend","champ:Defend+1","champ:Execute+1","champ:Taunt","LockedAnchor","JustLucky","sneckomod:Unknown1Cost+1","Scrape","Sweeping Beam","Slimebound:Schlurp+1","ForeignInfluence+1","sneckomod:Unknown1Cost","Gash","Guardian:CompilePackage+1","Setup","Slimebound:Tackle+1","Slimebound:Tackle+1","Slimebound:Tackle+1","RitualDagger","Electrodynamics","Tactician","Collect+1","Prepared","PanicButton+1","HandsUpC+1","Blasphemy","TheCursedMod:CircleOfAmplification","CutThroughFate","hermit:Quickdraw","expansioncontent:TimeRipple","TheCursedMod:Wield+1","Terror+1","LockedScales+1","Bouncing Flask","Turbo+1","sneckomod:TrashToTreasure","sneckomod:UnknownClassDEFAULT_GRAY_COLOR","Conserve Battery"],"relics":["champ:ChampionCrownUpgraded","champ:ChampStancesModRelic","downfall:NeowBlessing_Player","War Paint","Lee\u0027s Waffle","Philosopher\u0027s Stone","Blood Vial","Bag of Marbles","Gambling Chip","Bird Faced Urn","MealTicket","champ:Barbells","ClockworkSouvenir"],"acts_visited":["Exordium","TheCity","TheBeyond"],"potions_floor_usage":[],"damage_taken":[{"damage":5,"enemies":"Cultist","floor":2,"turns":3},{"damage":8,"enemies":"2 Louse","floor":3,"turns":4},{"damage":13,"enemies":"Small Slimes","floor":4,"turns":3},{"damage":26,"enemies":"Blue Slaver","floor":5,"turns":8},{"damage":9,"enemies":"3 Louse","floor":8,"turns":5},{"damage":39,"enemies":"Gremlin Gang","floor":9,"turns":10},{"damage":3,"enemies":"downfall:FleeingMerchant","floor":10,"turns":4},{"damage":8,"enemies":"Red Slaver","floor":12,"turns":4},{"damage":7,"enemies":"downfall:FleeingMerchant","floor":14,"turns":4},{"damage":17,"enemies":"Blue Slaver","floor":15,"turns":5},{"damage":86,"enemies":"Slime Boss","floor":16,"turns":11},{"damage":19,"enemies":"Chosen","floor":20,"turns":4},{"damage":33,"enemies":"Centurion and Healer","floor":25,"turns":6},{"damage":73,"enemies":"Slavers","floor":26,"turns":5},{"damage":26,"enemies":"Snake Plant","floor":28,"turns":3},{"damage":48,"enemies":"Sentry and Sphere","floor":29,"turns":6},{"damage":38,"enemies":"downfall:FleeingMerchant","floor":31,"turns":4},{"damage":26,"enemies":"Snecko","floor":32,"turns":4},{"damage":192,"enemies":"downfall:Silent","floor":33,"turns":12},{"damage":47,"enemies":"3 Darklings","floor":36,"turns":4},{"damage":128,"enemies":"2 Orb Walkers","floor":38,"turns":7},{"damage":219,"enemies":"Mind Bloom Boss Battle","floor":39,"turns":13},{"damage":28,"enemies":"downfall:FleeingMerchant","floor":44,"turns":4},{"damage":44,"enemies":"3 Shapes","floor":45,"turns":4},{"damage":33,"enemies":"downfall:FleeingMerchant","floor":46,"turns":4},{"damage":0,"enemies":"downfall:FleeingMerchant","floor":48,"turns":1},{"damage":44,"enemies":"Jaw Worm Horde","floor":49,"turns":4},{"damage":307,"enemies":"downfall:Ironclad","floor":50,"turns":18}],"seed_played":"-4891952413640654339","potions_obtained":[{"floor":2,"key":"SteroidPotion"},{"floor":4,"key":"Swift Potion"},{"floor":12,"key":"SmokeBomb"},{"floor":16,"key":"GamblersBrew"},{"floor":25,"key":"Explosive Potion"},{"floor":26,"key":"EssenceOfSteel"},{"floor":29,"key":"PowerPotion"},{"floor":33,"key":"SmokeBomb"},{"floor":36,"key":"BlessingOfTheForge"},{"floor":39,"key":"Regen Potion"},{"floor":45,"key":"DuplicationPotion"}],"is_trial":false,"path_per_floor":["R","M","M","M","M","R","T","M","M","$","R","M","R","$","M","B",null,"R","?","M","?","?","?","T","M","E","R","M","M","R","$","M","B",null,"R","M","?","?","?","R","T","?","R","$","M","$","R","$","M","B"],"character_chosen":"THE_CHAMP","items_purchased":["Lee\u0027s Waffle","sneckomod:Unknown1Cost","PanicButton","champ:Barbells","DistilledChaos","Bouncing Flask","ClockworkSouvenir","sneckomod:TrashToTreasure","sneckomod:UnknownClassDEFAULT_GRAY_COLOR","Slimebound:ThreeZeroPotion"],"campfire_rested":5,"item_purchase_floors":[10,14,31,44,44,46,48,48,48,48],"current_hp_per_floor":[190,190,190,185,162,162,162,159,128,197,197,194,194,187,170,94,297,297,297,292,292,286,286,286,255,184,273,254,208,297,271,247,68,397,397,355,355,229,12,131,131,131,250,239,203,194,313,330,292,0,0,0],"gold":53,"neow_bonus":"","is_daily":true,"chose_seed":false,"campfire_upgraded":6,"win_rate":0.0,"timestamp":1610635143,"path_taken":["R","M","M","M","?","R","T","M","M","$","R","M","R","?","M","BOSS","R","?","M","?","?","?","T","?","E","R","M","M","R","$","M","BOSS","R","M","?","?","?","R","T","?","R","?","M","?","R","$","M","BOSS"],"items_purchased_type":["Relic","Card","Card","Relic","Potion","Card","Relic","Card","Card","Potion"],"build_version":"2020-12-22","purchased_purges":0,"victory":false,"max_hp_per_floor":[190,190,190,190,190,190,190,190,190,197,197,197,197,197,197,197,297,297,297,297,297,297,297,297,297,297,297,297,297,297,297,297,297,397,397,397,397,397,397,397,397,397,397,397,397,397,397,397,397,397,397,397],"card_choices":[{"not_picked":["Guardian:Gem_Purple","Stack"],"picked":"LockedAnchor","floor":2},{"not_picked":["Hello World","Loop"],"picked":"JustLucky","floor":3},{"not_picked":["champ:FlashCut","Bane"],"picked":"sneckomod:Unknown1Cost","floor":4},{"not_picked":["TheCursedMod:CursedAmulet","Slimebound:DivideAndConquer"],"picked":"Tempo","floor":5},{"not_picked":["Slimebound:Recollect","sneckomod:DiceCrush"],"picked":"Scrape","floor":8},{"not_picked":["Guardian:PolyBeam","TheCursedMod:AntiAging"],"picked":"Sweeping Beam","floor":9},{"not_picked":["hermit:Spite","hexamod:CrushingStance"],"picked":"Slimebound:Schlurp","floor":10},{"not_picked":["hexamod:HauntingEcho","hermit:Snipe"],"picked":"ForeignInfluence","floor":12},{"not_picked":["Guardian:TemporalStrike","TheCursedMod:ForbiddenAlchemy","Slimebound:FlameTackle"],"picked":"SKIP","floor":14},{"not_picked":["hermit:Manifest","TheCursedMod:CircleOfCorruption"],"picked":"Gash","floor":15},{"not_picked":["champ:Devastate","hexamod:ApocalypseNow"],"picked":"Guardian:CompilePackage","floor":16},{"not_picked":["Dagger Spray","TheCursedMod:SpitefulStrike+1"],"picked":"Setup","floor":20},{"not_picked":["Twin Strike","Clothesline"],"picked":"Dodge and Roll","floor":25},{"not_picked":["hexamod:ThirdSeal","hexamod:GhostflameBarrier"],"picked":"Tactician","floor":26},{"not_picked":["hermit:BigShot+1","hexamod:ThermalTransfer+1"],"picked":"Collect+1","floor":28},{"not_picked":["Guardian:CrystalBeam","sneckomod:MixItUp","CrushJoints"],"picked":"SKIP","floor":29},{"not_picked":["Shockwave","Footwork+1"],"picked":"Prepared","floor":31},{"not_picked":["FormalWear+1","sneckomod:SoulRoll"],"picked":"HandsUpC","floor":32},{"not_picked":["TheCursedMod:ForbiddenAlchemy","Slimebound:DuplicatedForm"],"picked":"Blasphemy","floor":33},{"not_picked":["DeceiveReality+1","hexamod:ShieldOfDarkness"],"picked":"TheCursedMod:CircleOfAmplification","floor":36},{"not_picked":["Dark Embrace+1","InnerPeace"],"picked":"CutThroughFate","floor":38},{"not_picked":["hexamod:NightmareGuise","Rage+1"],"picked":"hermit:Quickdraw","floor":39},{"not_picked":["expansioncontent:Collect","expansioncontent:SlimeTackle"],"picked":"expansioncontent:TimeRipple","floor":42},{"not_picked":["Consume+1","Dodge and Roll"],"picked":"TheCursedMod:Wield+1","floor":44},{"not_picked":["TheCursedMod:HellfireBreathing","TheCursedMod:BloodBarrier"],"picked":"Terror+1","floor":45},{"not_picked":["sneckomod:Restock","Guardian:Gem_Cyan"],"picked":"LockedScales+1","floor":46},{"not_picked":["sneckomod:SnekBeam+1","champ:PerfectedStrike+1"],"picked":"Turbo+1","floor":48},{"not_picked":["Stack+1","Force Field"],"picked":"Conserve Battery","floor":49}],"player_experience":234449,"relics_obtained":[{"floor":7,"key":"War Paint"},{"floor":24,"key":"Blood Vial"},{"floor":26,"key":"Bag of Marbles"},{"floor":38,"key":"Gambling Chip"},{"floor":39,"key":"Bird Faced Urn"},{"floor":41,"key":"MealTicket"}],"event_choices":[{"damage_healed":0,"gold_gain":0,"player_choice":"Ignored","damage_taken":0,"max_hp_gain":0,"max_hp_loss":0,"event_name":"Ghosts","floor":19,"gold_loss":0},{"damage_healed":0,"gold_gain":0,"cards_transformed":["Accelerando"],"player_choice":"Transformed","damage_taken":0,"max_hp_gain":0,"max_hp_loss":0,"event_name":"Transmorgrifier","floor":23,"gold_loss":0,"cards_obtained":["Electrodynamics"]},{"cards_removed":["Dodge and Roll"],"damage_healed":0,"gold_gain":0,"player_choice":"Removed Skill","damage_taken":0,"max_hp_gain":0,"max_hp_loss":0,"event_name":"Falling","floor":37,"gold_loss":0},{"damage_healed":0,"gold_gain":0,"player_choice":"Fight","damage_taken":0,"max_hp_gain":0,"max_hp_loss":0,"event_name":"Mysterious Sphere","floor":38,"gold_loss":0}],"is_beta":false,"boss_relics":[{"not_picked":["Coffee Dripper","Tiny House"],"picked":"Philosopher\u0027s Stone"},{"not_picked":["sneckomod:SneckoTalon","SacredBark"],"picked":"champ:ChampionCrownUpgraded"}],"items_purged_floors":[],"is_endless":false,"potions_floor_spawned":[2,4,12,16,25,26,29,33,36,39,45],"killed_by":"downfall:Ironclad","ascension_level":0}}