{"host":"kg61lsvem4dxoat8","time":1610610546,"event":{"mods":["BaseMod","Colored Powertips","Minty Spire (QoL Compilation)","Quick Restart","Rare Cards Sparkle","Relic Stats","slay the spire mod where everything is the same but ironclad has a cowboy hat"],"gold_per_floor":[112,187,362,362,376,376,376,401,401,401,420,439,221,239,239,239,239],"floor_reached":16,"language":"ENG","playtime":275,"items_purged":["Doubt"],"score":90,"play_id":"650bc1f1-8eb3-4e62-a559-78c2a63695bb","local_time":"20210114154906","is_ascension_mode":false,"campfire_choices":[{"data":"Eruption","floor":7,"key":"SMITH"},{"data":"ThirdEye","floor":15,"key":"SMITH"}],"circlet_count":0,"master_deck":["Strike_P","Strike_P","Strike_P","Strike_P","Defend_P","Defend_P","Defend_P","Defend_P","Eruption+1","Vigilance","JustLucky+1","Wireheading","ThirdEye+1"],"relics":["PureWater","NeowsBlessing","Yang","Odd Mushroom","White Beast Statue","Regal Pillow","Melange"],"acts_visited":["Exordium"],"potions_floor_usage":[16,16],"damage_taken":[{"damage":0,"enemies":"Small Slimes","floor":1,"turns":1},{"damage":0,"enemies":"2 Louse","floor":5,"turns":1},{"damage":0,"enemies":"The Mushroom Lair","floor":8,"turns":1},{"damage":1,"enemies":"Jaw Worm","floor":11,"turns":3},{"damage":0,"enemies":"Exordium Thugs","floor":12,"turns":6},{"damage":0,"enemies":"Large Slime","floor":14,"turns":4},{"damage":47,"enemies":"Hexaghost","floor":16,"turns":3}],"seed_played":"6721284096728621865","potions_obtained":[{"floor":8,"key":"Ancient Potion"},{"floor":11,"key":"Energy Potion"},{"floor":12,"key":"Dexterity Potion"},{"floor":14,"key":"AttackPotion"}],"is_trial":false,"path_per_floor":["M","?","?","T","M","?","R","?","T","T","M","M","$","M","R","B"],"character_chosen":"WATCHER","items_purchased":["Melange"],"campfire_rested":0,"item_purchase_floors":[13],"current_hp_per_floor":[72,61,61,61,61,61,61,61,61,61,60,60,60,60,60,13,13],"gold":239,"neow_bonus":"THREE_ENEMY_KILL","is_daily":false,"chose_seed":false,"campfire_upgraded":2,"win_rate":0.0,"timestamp":1610610546,"path_taken":["M","?","?","?","?","?","R","?","T","?","M","?","?","M","R","BOSS"],"items_purchased_type":["Relic"],"build_version":"2020-12-22","purchased_purges":1,"victory":false,"max_hp_per_floor":[72,72,72,72,72,72,72,72,72,72,72,72,72,72,72,72,72],"relic_stats":{"Regal Pillow":0,"counters":[7,19],"Melange":[9],"Yang":[36],"obtain_stats":[{"Regal Pillow":10,"NeowsBlessing":0,"Melange":13,"Yang":4,"PureWater":0,"Odd Mushroom":8,"White Beast Statue":9},{"Regal Pillow":3,"NeowsBlessing":0,"Melange":5,"Yang":1,"PureWater":0,"Odd Mushroom":3,"White Beast Statue":3},{"Regal Pillow":3,"NeowsBlessing":0,"Melange":12,"Yang":1,"PureWater":0,"Odd Mushroom":3,"White Beast Statue":3}]},"card_choices":[{"not_picked":["FollowUp","Evaluate"],"picked":"JustLucky","floor":1},{"not_picked":["FearNoEvil","Crescendo","Protect"],"picked":"SKIP","floor":5},{"not_picked":["WindmillStrike","Crescendo"],"picked":"Wireheading","floor":11},{"not_picked":["EmptyBody","FlyingSleeves"],"picked":"ThirdEye","floor":12},{"not_picked":["Study","Evaluate","Tantrum"],"picked":"SKIP","floor":14}],"player_experience":1341098,"relics_obtained":[{"floor":4,"key":"Yang"},{"floor":8,"key":"Odd Mushroom"},{"floor":9,"key":"White Beast Statue"},{"floor":10,"key":"Regal Pillow"}],"event_choices":[{"damage_healed":0,"gold_gain":75,"player_choice":"Gather Gold","damage_taken":11,"max_hp_gain":0,"max_hp_loss":0,"event_name":"World of Goop","floor":2,"gold_loss":0},{"damage_healed":0,"gold_gain":175,"player_choice":"AGREE","damage_taken":0,"max_hp_gain":0,"max_hp_loss":0,"event_name":"Liars Game","floor":3,"gold_loss":0,"cards_obtained":["Doubt"]},{"damage_healed":0,"gold_gain":0,"player_choice":"Grow","damage_taken":0,"max_hp_gain":0,"max_hp_loss":0,"event_name":"Living Wall","floor":6,"gold_loss":0,"cards_upgraded":["JustLucky"]},{"damage_healed":0,"gold_gain":0,"player_choice":"Fought Mushrooms","damage_taken":0,"max_hp_gain":0,"max_hp_loss":0,"event_name":"Mushrooms","floor":8,"gold_loss":0}],"is_beta":false,"boss_relics":[],"items_purged_floors":[13],"is_endless":false,"potions_floor_spawned":[8,11,12,14],"killed_by":"Hexaghost","ascension_level":0}}