{"host":"e52c7hvho6xny3hd","time":1610591786,"event":{"mods":["AchievementEnabler","BaseMod","Colored Map","DeckTracker","Minty Spire (QoL Compilation)","Permanent Neow","StSLib"],"gold_per_floor":[109,127,138,158,158,158,185,185,185,185,200,215,215,231,231,328,328,328,328],"floor_reached":18,"language":"KOR","playtime":903,"items_purged":[],"score":254,"play_id":"ab58dbc8-75ed-4a95-8458-e471f73c237e","local_time":"20210114113626","is_ascension_mode":true,"campfire_choices":[{"data":"ConjureBlade","floor":6,"key":"SMITH"},{"data":"Eruption","floor":8,"key":"SMITH"},{"data":"Study","floor":10,"key":"SMITH"},{"floor":15,"key":"REST"}],"circlet_count":0,"master_deck":["AscendersBane","Strike_P","Defend_P","Defend_P","Defend_P","Defend_P","Eruption+1","Vigilance","ConjureBlade+1","FollowUp","Adaptation","Evaluate","Study+1","FearNoEvil","Consecrate","WreathOfFlame","Perseverance","LessonLearned","CurseOfTheBell"],"relics":["PureWater","TungstenRod","Letter Opener","Calling Bell","Bird Faced Urn","Question Card","Boot"],"acts_visited":["Exordium","TheCity"],"potions_floor_usage":[],"damage_taken":[{"damage":0.0,"enemies":"2 Louse","floor":1.0,"turns":2.0},{"damage":0,"enemies":"Small Slimes","floor":2,"turns":6},{"damage":0,"enemies":"Cultist","floor":3,"turns":3},{"damage":1,"enemies":"Looter","floor":4,"turns":4},{"damage":20,"enemies":"Gremlin Nob","floor":7,"turns":3},{"damage":11,"enemies":"3 Louse","floor":11,"turns":4},{"damage":6,"enemies":"Exordium Thugs","floor":12,"turns":3},{"damage":10,"enemies":"Gremlin Gang","floor":14,"turns":4},{"damage":24,"enemies":"The Guardian","floor":16,"turns":11},{"damage":16,"enemies":"Shell Parasite","floor":18,"turns":7}],"seed_played":"3210638995791353127","potions_obtained":[{"floor":4,"key":"FairyPotion"},{"floor":14,"key":"SkillPotion"}],"is_trial":false,"path_per_floor":["M","M","M","M","?","R","E","R","T","R","M","M","?","M","R","B",null,"M"],"character_chosen":"WATCHER","items_purchased":[],"campfire_rested":1,"item_purchase_floors":[],"current_hp_per_floor":[65,65,65,64,64,64,44,44,44,44,33,27,27,17,38,14,58,46,46],"gold":328,"neow_bonus":"TRANSFORM_CARD","is_daily":false,"chose_seed":false,"campfire_upgraded":3,"win_rate":0.0,"timestamp":1610591786,"path_taken":["M","M","M","M","?","R","E","R","T","R","M","M","?","M","R","BOSS","M"],"items_purchased_type":[],"build_version":"2020-12-22","purchased_purges":0,"victory":false,"max_hp_per_floor":[72,72,72,72,72,72,72,72,72,72,72,72,72,72,72,72,72,72,72],"card_choices":[{"not_picked":["Protect","JustLucky"],"picked":"FollowUp","floor":1.0},{"not_picked":["Prostrate","Evaluate"],"picked":"Adaptation","floor":2},{"not_picked":["FollowUp","ThirdEye"],"picked":"Evaluate","floor":3},{"not_picked":["CutThroughFate","Evaluate","Study"],"picked":"SKIP","floor":4},{"not_picked":["Blasphemy","Protect"],"picked":"FearNoEvil","floor":7},{"not_picked":["JustLucky","EmptyBody"],"picked":"Consecrate","floor":11},{"not_picked":["PathToVictory","ClearTheMind"],"picked":"WreathOfFlame","floor":12},{"not_picked":["Crescendo","Devotion"],"picked":"Perseverance","floor":14},{"not_picked":["Establishment","Blasphemy"],"picked":"LessonLearned","floor":16}],"player_experience":673699,"relics_obtained":[{"floor":7,"key":"TungstenRod"},{"floor":9,"key":"Letter Opener"},{"floor":17,"key":"Bird Faced Urn"},{"floor":17,"key":"Question Card"},{"floor":17,"key":"Boot"}],"event_choices":[{"damage_healed":0,"gold_gain":0,"cards_transformed":["Strike_P"],"player_choice":"Change","damage_taken":0,"max_hp_gain":0,"max_hp_loss":0,"event_name":"Living Wall","floor":5,"gold_loss":0,"cards_obtained":["Study"]},{"cards_removed":["Strike_P"],"damage_healed":0,"gold_gain":0,"player_choice":"Offered Basic","damage_taken":0,"max_hp_gain":0,"max_hp_loss":0,"event_name":"Bonfire Elementals","floor":13,"gold_loss":0}],"is_beta":false,"boss_relics":[{"not_picked":["Runic Dome","Cursed Key"],"picked":"Calling Bell"}],"items_purged_floors":[],"is_endless":false,"potions_floor_spawned":[4,14,16],"killed_by":"Shell Parasite","ascension_level":11}}