{"host":"obplhmlw33xb91v8","time":1610604667,"event":{"mods":["BaseMod","Curses Come First","Minty Spire (QoL Compilation)","Quick Restart","Relic Stats","Spicy Shops","StSLib","Waifu the Spire","slay the spire mod where everything is the same but ironclad has a cowboy hat"],"gold_per_floor":[110,123,139,149,114,144,144,176,176,176,176,176],"floor_reached":11,"language":"ENG","playtime":407,"items_purged":[],"score":95,"play_id":"ca697a9b-5468-4a53-8845-9349f5908961","local_time":"20210114011107","is_ascension_mode":true,"campfire_choices":[{"floor":7.0,"key":"REST"},{"floor":10.0,"key":"REST"}],"circlet_count":0,"master_deck":["Strike_R","Strike_R","Strike_R","Strike_R","Strike_R","Defend_R","Defend_R","Defend_R","Defend_R","Bash","True Grit","Thunderclap","Headbutt"],"relics":["Runic Cube","Torii","Anchor","Dream Catcher"],"acts_visited":["Exordium"],"potions_floor_usage":[11,11],"damage_taken":[{"damage":2.0,"enemies":"Jaw Worm","floor":1.0,"turns":3.0},{"damage":7.0,"enemies":"Small Slimes","floor":2.0,"turns":4.0},{"damage":7.0,"enemies":"2 Louse","floor":3.0,"turns":2.0},{"damage":11.0,"enemies":"2 Fungi Beasts","floor":4.0,"turns":4.0},{"damage":58.0,"enemies":"3 Sentries","floor":6.0,"turns":9.0},{"damage":24.0,"enemies":"Gremlin Nob","floor":8.0,"turns":4.0},{"damage":53,"enemies":"Lagavulin","floor":11,"turns":7}],"seed_played":"-272478716687485410","potions_obtained":[{"floor":2.0,"key":"FearPotion"},{"floor":6.0,"key":"Energy Potion"}],"is_trial":false,"path_per_floor":["M","M","M","M","?","E","R","E","T","R","E"],"character_chosen":"IRONCLAD","items_purchased":[],"campfire_rested":2,"item_purchase_floors":[],"current_hp_per_floor":[78,71,64,53,73,15,39,15,15,39,0,0],"gold":176,"neow_bonus":"BOSS_RELIC","is_daily":false,"chose_seed":false,"campfire_upgraded":0,"win_rate":0.0,"timestamp":1610604667,"path_taken":["M","M","M","M","?","E","R","E","T","R","E"],"items_purchased_type":[],"build_version":"2020-12-22","purchased_purges":0,"victory":false,"max_hp_per_floor":[80,80,80,80,80,80,80,80,80,80,80,80],"relic_stats":{"Dream Catcher":1,"Torii":0,"counters":[7,33],"obtain_stats":[{"Anchor":8,"Dream Catcher":9,"Torii":6,"Burning Blood":0,"Runic Cube":0},{"Anchor":6,"Dream Catcher":6,"Torii":5,"Burning Blood":0,"Runic Cube":0},{"Anchor":26,"Dream Catcher":26,"Torii":22,"Burning Blood":0,"Runic Cube":0}],"Runic Cube":[17]},"card_choices":[{"not_picked":["Cleave","Iron Wave"],"picked":"True Grit","floor":1.0},{"not_picked":["Havoc","Pommel Strike"],"picked":"Thunderclap","floor":2.0},{"not_picked":["Hemokinesis","Armaments","Cleave"],"picked":"SKIP","floor":3.0},{"not_picked":["Power Through","Headbutt","Pommel Strike"],"picked":"SKIP","floor":4.0},{"not_picked":["Wild Strike","Whirlwind","Burning Pact"],"picked":"SKIP","floor":6.0},{"not_picked":["Juggernaut","Anger","Entrench"],"picked":"SKIP","floor":8.0},{"not_picked":["Hemokinesis","Body Slam"],"picked":"Headbutt","floor":10.0}],"player_experience":173555,"relics_obtained":[{"floor":6.0,"key":"Torii"},{"floor":8.0,"key":"Anchor"},{"floor":9.0,"key":"Dream Catcher"}],"event_choices":[{"damage_healed":20.0,"max_hp_gain":0.0,"max_hp_loss":0.0,"gold_gain":0.0,"event_name":"The Cleric","player_choice":"Healed","floor":5.0,"gold_loss":35.0,"damage_taken":0.0}],"is_beta":false,"boss_relics":[],"items_purged_floors":[],"is_endless":false,"potions_floor_spawned":[2,6],"killed_by":"Lagavulin","ascension_level":3}}