{"host":"y76x98twjnyyxs83","time":1610658943,"event":{"mods":["BaseMod","Colored Powertips","Minty Spire (QoL Compilation)","Permanent Neow","Quick Restart","Rare Cards Sparkle","Relic Stats","StSLib"],"gold_per_floor":[117,128,142,159,177,177,212,212,212,223,223,234,245,278,278,278,278],"floor_reached":16,"language":"ENG","playtime":692,"items_purged":[],"score":215,"play_id":"1a59658b-1536-4ae7-a77c-c310d8164ccb","local_time":"20210115051543","is_ascension_mode":true,"campfire_choices":[{"data":"Backstab","floor":6,"key":"SMITH"},{"floor":8,"key":"REST"},{"data":"Sucker Punch","floor":11,"key":"SMITH"},{"data":"PiercingWail","floor":15,"key":"SMITH"}],"circlet_count":0,"master_deck":["AscendersBane","Strike_G","Strike_G","Strike_G","Strike_G","Strike_G","Defend_G","Defend_G","Defend_G","Defend_G","Defend_G","Survivor","Neutralize","Footwork","Backstab+1","PiercingWail+1","Sucker Punch+1","Cloak And Dagger","Die Die Die","PiercingWail","Corpse Explosion+1"],"relics":["Ring of the Snake","Anchor","Smiling Mask","Ninja Scroll","Toxic Egg 2"],"acts_visited":["Exordium"],"potions_floor_usage":[7,14,16],"damage_taken":[{"damage":6,"enemies":"Cultist","floor":1,"turns":5},{"damage":0,"enemies":"Small Slimes","floor":2,"turns":5},{"damage":0,"enemies":"Jaw Worm","floor":3,"turns":4},{"damage":1,"enemies":"3 Louse","floor":4,"turns":5},{"damage":8,"enemies":"Exordium Thugs","floor":5,"turns":5},{"damage":29,"enemies":"Lagavulin","floor":7,"turns":8},{"damage":0,"enemies":"Gremlin Gang","floor":10,"turns":3},{"damage":0,"enemies":"Lots of Slimes","floor":12,"turns":4},{"damage":0,"enemies":"3 Louse","floor":13,"turns":2},{"damage":12,"enemies":"Gremlin Nob","floor":14,"turns":3},{"damage":24,"enemies":"Hexaghost","floor":16,"turns":11}],"seed_played":"7547790348052776551","potions_obtained":[{"floor":2,"key":"Weak Potion"},{"floor":4,"key":"FearPotion"},{"floor":5,"key":"SkillPotion"},{"floor":13,"key":"Poison Potion"}],"is_trial":false,"path_per_floor":["M","M","M","M","M","R","E","R","T","M","R","M","M","E","R","B"],"character_chosen":"THE_SILENT","items_purchased":[],"campfire_rested":1,"item_purchase_floors":[],"current_hp_per_floor":[53,53,53,52,44,44,15,34,34,34,34,34,34,22,22,0,0],"gold":278,"neow_bonus":"RANDOM_COMMON_RELIC","is_daily":false,"chose_seed":false,"campfire_upgraded":3,"win_rate":0.0,"timestamp":1610658943,"path_taken":["M","M","?","M","M","R","E","R","T","M","R","M","M","E","R","BOSS"],"items_purchased_type":[],"build_version":"2020-12-22","purchased_purges":0,"victory":false,"max_hp_per_floor":[66,66,66,66,66,66,66,66,66,66,66,66,66,66,66,66,66],"relic_stats":{"counters":[11,55],"Smiling Mask":0,"obtain_stats":[{"Anchor":0,"Ninja Scroll":9,"Toxic Egg 2":14,"Smiling Mask":7,"Ring of the Snake":0},{"Anchor":0,"Ninja Scroll":6,"Toxic Egg 2":10,"Smiling Mask":6,"Ring of the Snake":0},{"Anchor":0,"Ninja Scroll":32,"Toxic Egg 2":44,"Smiling Mask":32,"Ring of the Snake":0}],"Ring of the Snake":[22]},"card_choices":[{"not_picked":["Backflip","Dodge and Roll"],"picked":"Footwork","floor":1},{"not_picked":["Acrobatics","Dagger Spray"],"picked":"Backstab","floor":2},{"not_picked":["Flying Knee","Eviscerate"],"picked":"PiercingWail","floor":3},{"not_picked":["Eviscerate","Dodge and Roll"],"picked":"Sucker Punch","floor":4},{"not_picked":["Acrobatics","Backflip"],"picked":"Cloak And Dagger","floor":5},{"not_picked":["Backflip","Quick Slash"],"picked":"Die Die Die","floor":7},{"not_picked":["Catalyst","Flying Knee","Footwork"],"picked":"SKIP","floor":10},{"not_picked":["Footwork","Deflect","PiercingWail"],"picked":"SKIP","floor":12},{"not_picked":["Footwork","Deflect"],"picked":"PiercingWail","floor":12},{"not_picked":["Sucker Punch","Footwork","Prepared"],"picked":"SKIP","floor":13},{"not_picked":["Phantasmal Killer+1","Calculated Gamble+1"],"picked":"Corpse Explosion+1","floor":14}],"player_experience":1145002,"relics_obtained":[{"floor":7,"key":"Smiling Mask"},{"floor":9,"key":"Ninja Scroll"},{"floor":14,"key":"Toxic Egg 2"}],"event_choices":[],"is_beta":false,"boss_relics":[],"items_purged_floors":[],"is_endless":false,"potions_floor_spawned":[2,4,5,13],"killed_by":"Hexaghost","ascension_level":17}}