{"host":"okzzojfld2krd5j7","time":1610620742,"event":{"mods":["BaseMod","Better Third Choice","Googly Eyes","Minty Spire (QoL Compilation)","Rare Cards Sparkle","Relic Stats","Replay The Spire","Spicy Shops","StSLib","TheLocksmith","Wandering Minibosses","vexMod"],"gold_per_floor":[114,132,132,71,346,377,390,390,438,488,506,478,9,36,36,133,133,146,86,99,174,174,174,204,114,114,126,126,58,58,8,8,111,111,111,111,111],"floor_reached":35,"language":"ENG","playtime":751,"items_purged":["locksmith:WarudoDummy+1","locksmith:LockCrash","locksmith:GoAway","Pride"],"score":678,"play_id":"ab8f9a95-4002-4454-a198-fa2dfec4b963","local_time":"20210114113902","is_ascension_mode":false,"campfire_choices":[{"floor":8.0,"key":"RECALL"},{"floor":15,"key":"REST"},{"data":"locksmith:Defend","floor":23,"key":"SMITH"},{"floor":32,"key":"REST"}],"circlet_count":0,"master_deck":["locksmith:Strike","locksmith:Strike","locksmith:Strike","locksmith:Defend","locksmith:Defend","locksmith:Defend","locksmith:Defend+1","locksmith:KeyMove","locksmith:CursedKey","Regret","locksmith:CursedKey","locksmith:Keysmack","locksmith:TrueEvil+1","Doubt","Normality","ReplayTheSpireMod:IOU","Overencumbered"],"relics":["locksmith:FreeKey","NeowsBlessing","Juzu Bracelet","MealTicket","Ring of Greed","Replay:Wax Seal","Golden Egg","locksmith:Unlocker","Toxic Egg 2","Runic Dome","wanderingMiniBosses:ThiefScarf","Nilry\u0027s Codex","Ornamental Fan","HornCleat","Pet Ghost","vexMod:MysteryBossChallenge","Runic Cube"],"acts_visited":["Exordium","TheCity","TheBeyond"],"potions_floor_usage":[14,18],"damage_taken":[{"damage":0.0,"enemies":"Jaw Worm","floor":1.0,"turns":1.0},{"damage":0.0,"enemies":"Cultist","floor":2.0,"turns":1.0},{"damage":0.0,"enemies":"Gremlin Nob","floor":6.0,"turns":1.0},{"damage":7.0,"enemies":"2 Louse","floor":7.0,"turns":3.0},{"damage":13.0,"enemies":"2 Fungi Beasts","floor":11.0,"turns":4.0},{"damage":23.0,"enemies":"Exordium Thugs","floor":12.0,"turns":5.0},{"damage":28,"enemies":"3 Sentries","floor":14,"turns":10},{"damage":0,"enemies":"Hexaghost","floor":16,"turns":1},{"damage":12,"enemies":"3 Byrds","floor":18,"turns":3},{"damage":0,"enemies":"Shell Parasite","floor":20,"turns":1},{"damage":0,"enemies":"Slavers","floor":24,"turns":1},{"damage":0,"enemies":"Sentry and Sphere","floor":25,"turns":1},{"damage":0,"enemies":"Shelled Parasite and Fungi","floor":27,"turns":2},{"damage":12,"enemies":"Gremlin Leader","floor":29,"turns":2},{"damage":0,"enemies":"Champ","floor":33,"turns":3},{"damage":45,"enemies":"3 Darklings","floor":35,"turns":3}],"seed_played":"3558774447292351095","potions_obtained":[{"floor":7.0,"key":"Toxic Potion"},{"floor":12.0,"key":"SteroidPotion"},{"floor":14,"key":"AttackPotion"},{"floor":20,"key":"EntropicBrew"},{"floor":24,"key":"Block Potion"},{"floor":27,"key":"Block Potion"}],"is_trial":false,"path_per_floor":["M","M","?","$","?","E","M","R","T","?","M","M","$","E","R","B",null,"M","?","M","$","?","R","E","M","T","M","?","E","?","$","R","B",null,"M"],"character_chosen":"THE_LOCKSMITH","items_purchased":["Juzu Bracelet","locksmith:TrueEvil","locksmith:Unlocker"],"campfire_rested":2,"item_purchase_floors":[4,13,13],"current_hp_per_floor":[79,79,79,79,79,79,72,72,72,72,59,36,51,23,46,46,79,67,67,67,79,63,63,63,63,63,63,48,36,36,51,76,76,84,39,39,39],"gold":111,"neow_bonus":"THREE_ENEMY_KILL","is_daily":false,"chose_seed":false,"campfire_upgraded":1,"win_rate":0.0,"timestamp":1610620742,"path_taken":["M","M","?","?","?","E","M","R","T","?","M","M","$","E","R","BOSS","M","?","M","$","?","R","E","M","T","M","?","E","?","$","R","BOSS","M"],"items_purchased_type":["Relic","Card","Relic"],"build_version":"2020-12-22","purchased_purges":4,"victory":false,"max_hp_per_floor":[79,79,79,79,79,79,79,79,79,79,79,79,79,79,79,79,79,79,79,79,79,79,79,79,79,79,79,84,84,84,84,84,84,84,84,84,84],"relic_stats":{"counters":[16,42],"Ornamental Fan":[0],"MealTicket":42,"Juzu Bracelet":2,"obtain_stats":[{"Golden Egg":10,"NeowsBlessing":0,"wanderingMiniBosses:ThiefScarf":18,"Nilry\u0027s Codex":22,"locksmith:FreeKey":0,"vexMod:MysteryBossChallenge":34,"Juzu Bracelet":4,"Ring of Greed":10,"locksmith:Unlocker":13,"Pet Ghost":29,"Runic Dome":17,"HornCleat":26,"Ornamental Fan":24,"MealTicket":6,"Replay:Wax Seal":10,"Toxic Egg 2":14,"Runic Cube":34},{"Golden Egg":4,"NeowsBlessing":0,"wanderingMiniBosses:ThiefScarf":9,"Nilry\u0027s Codex":10,"locksmith:FreeKey":0,"vexMod:MysteryBossChallenge":15,"Juzu Bracelet":2,"Ring of Greed":4,"locksmith:Unlocker":6,"Pet Ghost":14,"Runic Dome":8,"HornCleat":12,"Ornamental Fan":11,"MealTicket":3,"Replay:Wax Seal":4,"Toxic Egg 2":7,"Runic Cube":15},{"Golden Egg":6,"NeowsBlessing":0,"wanderingMiniBosses:ThiefScarf":29,"Nilry\u0027s Codex":30,"locksmith:FreeKey":0,"vexMod:MysteryBossChallenge":39,"Juzu Bracelet":2,"Ring of Greed":6,"locksmith:Unlocker":15,"Pet Ghost":36,"Runic Dome":26,"HornCleat":32,"Ornamental Fan":31,"MealTicket":3,"Replay:Wax Seal":6,"Toxic Egg 2":25,"Runic Cube":39}],"Runic Cube":[6]},"card_choices":[{"not_picked":["locksmith:DeathGaze","locksmith:Keysmack"],"picked":"locksmith:CursedKey","floor":1.0},{"not_picked":["locksmith:DeathGaze","locksmith:PuppetGuard"],"picked":"locksmith:HiddenPower","floor":2.0},{"not_picked":["locksmith:Grab","locksmith:LockSmack"],"picked":"locksmith:CursedKey","floor":6.0},{"not_picked":["locksmith:ZaHando","locksmith:Keysmack","locksmith:SoulSucker"],"picked":"SKIP","floor":7.0},{"not_picked":["locksmith:ZaHando","locksmith:SoulSucker"],"picked":"locksmith:Keysmack","floor":7.0},{"not_picked":["locksmith:DarkBurst","locksmith:CursedKey"],"picked":"locksmith:GoAway","floor":11.0},{"not_picked":["locksmith:Curse","locksmith:WarudoDummy","locksmith:GoAway"],"picked":"SKIP","floor":12.0},{"not_picked":["locksmith:Curse","locksmith:GoAway"],"picked":"locksmith:WarudoDummy","floor":12.0},{"not_picked":["locksmith:Horrify+1","locksmith:BuriedCurse","locksmith:LockSmack"],"picked":"SKIP","floor":14},{"not_picked":["locksmith:Keysmack+1","locksmith:CursedKey","locksmith:FriendlyGift+1"],"picked":"SKIP","floor":18},{"not_picked":["locksmith:HiddenPower+1","locksmith:ZaHando","locksmith:BlockAndKey+1"],"picked":"SKIP","floor":20},{"not_picked":["locksmith:DeathGaze+1","locksmith:Keysmack","locksmith:FeelNoFeign+1"],"picked":"SKIP","floor":24},{"not_picked":["locksmith:SoulSucker","locksmith:GoAway+1","locksmith:ValueDummy+1"],"picked":"SKIP","floor":25},{"not_picked":["locksmith:SlamCrush","locksmith:GoAway+1","locksmith:Keysmack+1"],"picked":"SKIP","floor":27},{"not_picked":["locksmith:LockBlock+1","locksmith:Padlock+1","locksmith:TrueEvil+1"],"picked":"SKIP","floor":29}],"player_experience":638102,"relics_obtained":[{"floor":6.0,"key":"MealTicket"},{"floor":10.0,"key":"Ring of Greed"},{"floor":10.0,"key":"Replay:Wax Seal"},{"floor":10.0,"key":"Golden Egg"},{"floor":14,"key":"Toxic Egg 2"},{"floor":18,"key":"wanderingMiniBosses:ThiefScarf"},{"floor":22,"key":"Nilry\u0027s Codex"},{"floor":24,"key":"Ornamental Fan"},{"floor":26,"key":"HornCleat"},{"floor":29,"key":"Pet Ghost"}],"event_choices":[{"cards_removed":["locksmith:HiddenPower"],"damage_healed":5.0,"max_hp_gain":0.0,"max_hp_loss":0.0,"gold_gain":0.0,"event_name":"Bonfire Elementals","player_choice":"Offered Common","floor":3.0,"gold_loss":0.0,"damage_taken":0.0},{"cards_removed":["locksmith:HiddenPower"],"damage_healed":5.0,"max_hp_gain":0.0,"max_hp_loss":0.0,"gold_gain":0.0,"event_name":"Bonfire Elementals","player_choice":"Offered Special","floor":3.0,"gold_loss":0.0,"damage_taken":0.0},{"damage_healed":0.0,"max_hp_gain":0.0,"max_hp_loss":0.0,"gold_gain":275.0,"event_name":"Golden Shrine","player_choice":"Desecrate","floor":5.0,"gold_loss":0.0,"damage_taken":0.0,"cards_obtained":["Regret"]},{"damage_healed":0,"gold_gain":0,"player_choice":"Obtained Book","damage_taken":16,"max_hp_gain":0,"max_hp_loss":0,"event_name":"Cursed Tome","floor":22,"gold_loss":0},{"damage_healed":0,"gold_gain":0,"player_choice":"Shed Blood","damage_taken":20,"max_hp_gain":5,"max_hp_loss":0,"event_name":"Forgotten Altar","floor":28,"gold_loss":0}],"is_beta":false,"boss_relics":[{"not_picked":["Philosopher\u0027s Stone","Cursed Key"],"picked":"Runic Dome"},{"not_picked":["Pandora\u0027s Box","Replay:Grab Bag"],"picked":"vexMod:MysteryBossChallenge"}],"items_purged_floors":[13,13,21,31],"is_endless":false,"potions_floor_spawned":[7,12,14,20,24,27],"killed_by":"3 Darklings","ascension_level":0}}