{"host":"l2dnabsh5e0fsksb","time":1610663043,"event":{"mods":["2.2 Compatiblity","BaseMod","Downfall","Minty Spire (QoL Compilation)","Quick Restart","StSLib"],"gold_per_floor":[99,99,99,99,99,134,134,119,44,63,74,74,86,115,135,135,135,135],"floor_reached":16,"language":"ENG","playtime":691,"items_purged":[],"score":173,"play_id":"e39f13c3-f89f-4d2a-8ff2-d58bbbf1776c","local_time":"20210115085403","is_ascension_mode":true,"campfire_choices":[{"floor":1,"key":"RECALL"},{"floor":9,"key":"REST"},{"data":"champ:StrikeOfGenius","floor":12,"key":"SMITH"}],"circlet_count":0,"master_deck":["AscendersBane","champ:Strike","champ:Strike","champ:Strike","champ:Strike","champ:Defend","champ:Defend","champ:Defend","champ:Defend","champ:Execute","champ:Taunt","champ:BringItOn","champ:GladiatorsShout","champ:Backstep","champ:BringItOn","champ:GutPunch","champ:FaceSlap","champ:StrikeOfGenius+1","champ:TornadoPunch","champ:CalledShot","champ:PreciseThrust"],"relics":["champ:ChampionCrown","downfall:HeartsMalice","champ:GladiatorsBookOfMartialProwess","Shuriken","downfall:HeartBlessingRed","The Courier"],"acts_visited":["Exordium"],"potions_floor_usage":[14,16],"damage_taken":[{"damage":0,"enemies":"Cultist","floor":2,"turns":1},{"damage":0,"enemies":"Jaw Worm","floor":3,"turns":1},{"damage":0,"enemies":"2 Louse","floor":4,"turns":1},{"damage":27,"enemies":"Lagavulin","floor":6,"turns":10},{"damage":5,"enemies":"downfall:FleeingMerchant","floor":8,"turns":4},{"damage":13,"enemies":"2 Fungi Beasts","floor":10,"turns":4},{"damage":11,"enemies":"Exordium Wildlife","floor":11,"turns":4},{"damage":9,"enemies":"Gremlin Gang","floor":13,"turns":6},{"damage":22,"enemies":"Gremlin Nob","floor":14,"turns":4},{"damage":3,"enemies":"Blue Slaver","floor":15,"turns":3},{"damage":41,"enemies":"downfall:Defect","floor":16,"turns":4}],"seed_played":"-3230230621543322476","potions_obtained":[{"floor":10,"key":"CultistPotion"},{"floor":13,"key":"SpeedPotion"},{"floor":15,"key":"Energy Potion"}],"is_trial":false,"path_per_floor":["R","M","M","M","?","E","T","$","R","M","M","R","M","E","M","B"],"character_chosen":"THE_CHAMP","items_purchased":[],"campfire_rested":1,"item_purchase_floors":[],"current_hp_per_floor":[81,81,81,81,46,22,22,22,49,49,46,46,46,24,24,0,0,0],"gold":135,"neow_bonus":"THREE_ENEMY_KILL","is_daily":false,"chose_seed":false,"campfire_upgraded":1,"win_rate":0.0,"timestamp":1610663043,"path_taken":["R","M","M","?","?","E","T","$","R","M","?","R","M","E","M","BOSS"],"items_purchased_type":[],"build_version":"2020-12-22","purchased_purges":0,"victory":false,"max_hp_per_floor":[90,90,90,90,90,90,90,90,90,90,90,90,90,90,90,90,90,90],"card_choices":[{"not_picked":["champ:CrookedStrike","champ:BerserkersShout"],"picked":"champ:BringItOn","floor":2},{"not_picked":["champ:FocusedDefense","champ:Balance"],"picked":"champ:GladiatorsShout","floor":3},{"not_picked":["champ:Circumvent","champ:PerfectedStrike"],"picked":"champ:Backstep","floor":4},{"not_picked":["champ:Haymaker","champ:HeartStrike"],"picked":"champ:BringItOn","floor":6},{"not_picked":["champ:RisingSlash","champ:CalledShot"],"picked":"champ:GutPunch","floor":8},{"not_picked":["champ:BladeFlurry","champ:Circumvent"],"picked":"champ:FaceSlap","floor":10},{"not_picked":["champ:GladiatorsShout","champ:RisingSlash"],"picked":"champ:StrikeOfGenius","floor":11},{"not_picked":["champ:ShieldWall","champ:FanOfKnives"],"picked":"champ:TornadoPunch","floor":13},{"not_picked":["champ:BerserkersShout","champ:BladeFlurry"],"picked":"champ:CalledShot","floor":14},{"not_picked":["champ:RageSigil","champ:SkillfulDodge"],"picked":"champ:PreciseThrust","floor":15}],"player_experience":1787777,"relics_obtained":[{"floor":6,"key":"champ:GladiatorsBookOfMartialProwess"},{"floor":7,"key":"Shuriken"},{"floor":14,"key":"The Courier"}],"event_choices":[],"is_beta":false,"boss_relics":[],"items_purged_floors":[],"is_endless":false,"potions_floor_spawned":[10,13,15],"killed_by":"downfall:Defect","ascension_level":12}}