{"host":"ny1uxs7aco9qql8p","time":1610602264,"event":{"mods":["AchievementEnabler","Alarm Clock","BaseMod","Bestiary","Colored Map","Colored Powertips","DeckTracker","Filter the Spire","Highlight Path","Minty Spire (QoL Compilation)","Permanent Neow","Quick Restart","Rare Cards Sparkle","Relic Stats"],"gold_per_floor":[118,68,343,353,364,364,397,397,423,423,12,30,45,63,63,160,160,171,183,202,216,245,272,283,283,310,310,84,109,109,109,109,212,212,227,149,160,160,160,185,185,185,236,247,247,247,258,274,274,274],"floor_reached":51,"language":"ENG","playtime":7177,"items_purged":["Regret"],"score":802,"play_id":"9e2cdda2-74c0-435d-80eb-f4a87d0cdaca","local_time":"20210114003104","is_ascension_mode":true,"campfire_choices":[{"floor":6.0,"key":"REST"},{"data":"Echo Form","floor":8.0,"key":"SMITH"},{"floor":10.0,"key":"REST"},{"floor":15.0,"key":"REST"},{"data":"Apotheosis","floor":25.0,"key":"SMITH"},{"floor":27.0,"key":"REST"},{"data":"Heatsinks","floor":32.0,"key":"SMITH"},{"floor":41.0,"key":"REST"},{"data":"Creative AI","floor":42.0,"key":"SMITH"},{"data":"White Noise","floor":46.0,"key":"SMITH"},{"data":"Seek","floor":49,"key":"SMITH"}],"circlet_count":0,"master_deck":["Defend_B","Defend_B","Defend_B","Defend_B","Zap","Dualcast","Echo Form+1","Genetic Algorithm","BootSequence","Undo","Doom and Gloom","Apotheosis+1","Seek+1","Conserve Battery","Cold Snap","Echo Form","White Noise+1","Hologram+1","Lockon+1","Stack","Hologram","Reboot","Heatsinks+1","Storm+1","Bite","Bite","Bite","Bite","Bite","Creative AI+1","Defragment","Capacitor","Conserve Battery","Madness","Madness","Double Energy+1","Redo+1","Doubt","Lockon","Ball Lightning+1"],"relics":["Cracked Core","Centennial Puzzle","Orichalcum","Sozu","Red Mask","WingedGreaves","OrangePellets","Eternal Feather","MutagenicStrength","Cursed Key","Incense Burner","Lantern"],"acts_visited":["Exordium","TheCity","TheBeyond"],"potions_floor_usage":[50],"damage_taken":[{"damage":19.0,"enemies":"Small Slimes","floor":1.0,"turns":4.0},{"damage":16.0,"enemies":"2 Louse","floor":4.0,"turns":3.0},{"damage":2.0,"enemies":"Cultist","floor":5.0,"turns":4.0},{"damage":37.0,"enemies":"Gremlin Nob","floor":7.0,"turns":6.0},{"damage":7.0,"enemies":"Exordium Thugs","floor":12.0,"turns":5.0},{"damage":6.0,"enemies":"Red Slaver","floor":13.0,"turns":4.0},{"damage":8.0,"enemies":"Exordium Wildlife","floor":14.0,"turns":4.0},{"damage":2.0,"enemies":"Hexaghost","floor":16.0,"turns":12.0},{"damage":4.0,"enemies":"2 Thieves","floor":18.0,"turns":4.0},{"damage":0.0,"enemies":"3 Byrds","floor":19.0,"turns":5.0},{"damage":13.0,"enemies":"Snake Plant","floor":20.0,"turns":5.0},{"damage":0.0,"enemies":"Centurion and Healer","floor":21.0,"turns":7.0},{"damage":6.0,"enemies":"Masked Bandits","floor":22.0,"turns":4.0},{"damage":0.0,"enemies":"Book of Stabbing","floor":23.0,"turns":6.0},{"damage":0.0,"enemies":"Snecko","floor":24.0,"turns":6.0},{"damage":28.0,"enemies":"Slavers","floor":29.0,"turns":6.0},{"damage":37.0,"enemies":"Automaton","floor":33.0,"turns":11.0},{"damage":16.0,"enemies":"3 Shapes","floor":35.0,"turns":3.0},{"damage":8.0,"enemies":"Orb Walker","floor":37.0,"turns":3.0},{"damage":50.0,"enemies":"Reptomancer","floor":40.0,"turns":7.0},{"damage":3.0,"enemies":"4 Shapes","floor":44.0,"turns":3.0},{"damage":0.0,"enemies":"Transient","floor":47.0,"turns":5.0},{"damage":2,"enemies":"Spire Growth","floor":48,"turns":3},{"damage":37,"enemies":"Awakened One","floor":50,"turns":10}],"seed_played":"4427916919288390619","potions_obtained":[{"floor":1.0,"key":"Fire Potion"},{"floor":12.0,"key":"Swift Potion"},{"floor":14.0,"key":"Swift Potion"},{"floor":16.0,"key":"SteroidPotion"}],"is_trial":false,"path_per_floor":["M","?","?","M","M","R","E","R","T","R","$","M","M","M","R","B",null,"M","M","M","M","?","E","M","R","T","R","$","E","?","?","R","B",null,"M","$","M","?","?","E","R","R","T","M","?","R","M","M","R","B",null],"character_chosen":"DEFECT","items_purchased":["Apotheosis","Orichalcum","OrangePellets","Heatsinks","Capacitor"],"campfire_rested":5,"item_purchase_floors":[11,11,28,28,36],"current_hp_per_floor":[56,56,56,40,38,60,23,23,23,45,45,38,32,24,46,44,75,71,71,58,58,52,52,52,52,52,74,74,47,47,47,65,52,75,61,61,61,52,52,15,58,75,75,75,75,75,75,75,75,56],"gold":274,"neow_bonus":"ONE_RANDOM_RARE_CARD","is_daily":false,"chose_seed":false,"campfire_upgraded":6,"win_rate":0.0,"timestamp":1610602264,"path_taken":["M","?","?","M","?","R","E","R","T","R","?","M","M","M","R","BOSS","M","M","M","M","?","E","M","R","T","R","$","E","?","?","R","BOSS","M","$","M","?","?","E","R","R","T","M","?","R","?","M","R","BOSS"],"items_purchased_type":["Card","Relic","Relic","Card","Card"],"build_version":"2020-12-22","purchased_purges":1,"victory":true,"max_hp_per_floor":[75,75,75,75,75,75,75,75,75,75,75,75,75,75,75,75,75,75,75,75,75,75,75,75,75,75,75,75,75,75,75,75,75,75,75,75,75,75,75,75,75,75,75,75,75,75,75,75,75,75],"relic_stats":{"Sozu":7,"OrangePellets":[9],"Centennial Puzzle":[45],"counters":[24,130],"Eternal Feather":56,"Orichalcum":[96],"Cursed Key":1,"obtain_stats":[{"Lantern":43,"Eternal Feather":29,"Incense Burner":40,"Orichalcum":11,"Cursed Key":34,"Sozu":17,"Blood Vial":26,"OrangePellets":28,"Centennial Puzzle":7,"MutagenicStrength":31,"WingedGreaves":23,"Red Mask":22,"Cracked Core":0},{"Lantern":20,"Eternal Feather":16,"Incense Burner":20,"Orichalcum":4,"Cursed Key":17,"Sozu":8,"Blood Vial":15,"OrangePellets":15,"Centennial Puzzle":4,"MutagenicStrength":16,"WingedGreaves":14,"Red Mask":13,"Cracked Core":0},{"Lantern":109,"Eternal Feather":85,"Incense Burner":109,"Orichalcum":17,"Cursed Key":96,"Sozu":42,"Blood Vial":79,"OrangePellets":79,"Centennial Puzzle":17,"MutagenicStrength":85,"WingedGreaves":73,"Red Mask":67,"Cracked Core":0}]},"card_choices":[{"not_picked":["Turbo","Rebound"],"picked":"Genetic Algorithm","floor":1.0},{"not_picked":["Compile Driver","Redo"],"picked":"BootSequence","floor":4.0},{"not_picked":["Conserve Battery","Gash"],"picked":"Undo","floor":5.0},{"not_picked":["Reprogram","Chaos"],"picked":"Doom and Gloom","floor":7.0},{"not_picked":["Coolheaded","Leap"],"picked":"Seek","floor":12.0},{"not_picked":["FTL","Hologram"],"picked":"Conserve Battery","floor":13.0},{"not_picked":["Ball Lightning","Sweeping Beam"],"picked":"Cold Snap","floor":14.0},{"not_picked":["Thunder Strike","Fission"],"picked":"Echo Form","floor":16.0},{"not_picked":["Steam","Coolheaded"],"picked":"White Noise","floor":18.0},{"not_picked":["Skim","Go for the Eyes+1"],"picked":"Hologram+1","floor":19.0},{"not_picked":["Ball Lightning","Barrage+1"],"picked":"Lockon+1","floor":20.0},{"not_picked":["Ball Lightning","Reinforced Body"],"picked":"Stack","floor":21.0},{"not_picked":["Gash","Cold Snap"],"picked":"Sweeping Beam+1","floor":22.0},{"not_picked":["Turbo","Barrage"],"picked":"Hologram","floor":23.0},{"not_picked":["Go for the Eyes","Darkness"],"picked":"Reboot","floor":24.0},{"not_picked":["Auto Shields","Blizzard"],"picked":"Storm+1","floor":29.0},{"not_picked":["Amplify","Seek"],"picked":"Creative AI","floor":33.0},{"not_picked":["Steam","Heatsinks+1"],"picked":"Defragment","floor":35.0},{"not_picked":["Steam+1","Fusion"],"picked":"Conserve Battery","floor":37.0},{"not_picked":["Beam Cell","Consume"],"picked":"Double Energy+1","floor":40.0},{"not_picked":["Compile Driver+1","Go for the Eyes+1"],"picked":"Redo+1","floor":44.0},{"not_picked":["Beam Cell","Streamline"],"picked":"Lockon","floor":47.0},{"not_picked":["Coolheaded","Chill"],"picked":"Ball Lightning+1","floor":48}],"player_experience":184921,"relics_obtained":[{"floor":7.0,"key":"Centennial Puzzle"},{"floor":22.0,"key":"Red Mask"},{"floor":23.0,"key":"WingedGreaves"},{"floor":26.0,"key":"Blood Vial"},{"floor":29.0,"key":"Eternal Feather"},{"floor":40.0,"key":"Incense Burner"},{"floor":43.0,"key":"Lantern"}],"event_choices":[{"cards_removed":["Strike_B"],"damage_healed":0.0,"max_hp_gain":0.0,"max_hp_loss":0.0,"gold_gain":0.0,"event_name":"The Cleric","player_choice":"Card Removal","floor":2.0,"gold_loss":50.0,"damage_taken":0.0},{"damage_healed":0.0,"max_hp_gain":0.0,"max_hp_loss":0.0,"gold_gain":275.0,"event_name":"Golden Shrine","player_choice":"Desecrate","floor":3.0,"gold_loss":0.0,"damage_taken":0.0,"cards_obtained":["Regret"]},{"damage_healed":0.0,"max_hp_gain":0.0,"max_hp_loss":0.0,"gold_gain":0.0,"event_name":"Masked Bandits","player_choice":"Fought Bandits","floor":22.0,"gold_loss":0.0,"damage_taken":0.0},{"damage_healed":0.0,"max_hp_gain":0.0,"max_hp_loss":0.0,"gold_gain":0.0,"event_name":"Vampires","player_choice":"Became a vampire (Vial)","floor":30.0,"relics_lost":["Blood Vial"],"gold_loss":0.0,"damage_taken":0.0,"cards_obtained":["Bite","Bite","Bite","Bite","Bite"]},{"damage_healed":0.0,"max_hp_gain":0.0,"max_hp_loss":0.0,"gold_gain":0.0,"event_name":"Drug Dealer","player_choice":"Inject Mutagens","floor":31.0,"gold_loss":0.0,"damage_taken":0.0,"relics_obtained":["MutagenicStrength"]},{"damage_healed":0.0,"max_hp_gain":0.0,"max_hp_loss":0.0,"gold_gain":0.0,"event_name":"Winding Halls","player_choice":"Embrace Madness","floor":38.0,"gold_loss":0.0,"damage_taken":9.0,"cards_obtained":["Madness","Madness"]},{"cards_removed":["Sweeping Beam"],"damage_healed":0.0,"max_hp_gain":0.0,"max_hp_loss":0.0,"gold_gain":0.0,"event_name":"Falling","player_choice":"Removed Attack","floor":39.0,"gold_loss":0.0,"damage_taken":0.0},{"damage_healed":0.0,"max_hp_gain":0.0,"max_hp_loss":0.0,"gold_gain":0.0,"cards_transformed":["Shame"],"event_name":"Transmorgrifier","player_choice":"Transformed","floor":45.0,"gold_loss":0.0,"damage_taken":0.0,"cards_obtained":["Doubt"]}],"is_beta":false,"boss_relics":[{"not_picked":["SacredBark","Fusion Hammer"],"picked":"Sozu"},{"not_picked":["Snecko Eye","Calling Bell"],"picked":"Cursed Key"}],"items_purged_floors":[11],"is_endless":false,"potions_floor_spawned":[1,12,14,16,18,20,22,23,35,40,47],"ascension_level":1}}