{"host":"ss2ocoam53r2lno0","time":1610640707,"event":{"mods":["Act Like it!","BaseMod","ChefMod","Clockwork Mod","Colored Powertips","Curses Come First","Displayed Cursed Tome","Downfall","Evolution","Googly Eyes","Hallownest","Highlight Path","Minty Spire (QoL Compilation)","Poor People Problems","Rare Cards Sparkle","Robot Space Explorer","Shade Mod","Shop Mod","Spicy Shops","StSLib","The Marked"],"gold_per_floor":[11,29,41,41,52,52,66,66,91,91,91,109,138,108,108,108,108],"floor_reached":16,"language":"ENG","playtime":1025,"items_purged":[],"score":147,"play_id":"6b095720-9f91-4ac6-bf95-def1f85b4171","local_time":"20210114171147","is_ascension_mode":true,"campfire_choices":[{"data":"Clockwork:ChargingBlade","floor":6,"key":"SMITH"},{"data":"Clockwork:ChargingBlade","floor":8,"key":"SMITH"},{"floor":11,"key":"REST"},{"data":"Clockwork:CraftVarja","floor":15,"key":"SMITH"}],"circlet_count":0,"master_deck":["Clockwork:ForgeStrike","Clockwork:Strike","Clockwork:Strike","Clockwork:Shield","Clockwork:Shield","Clockwork:Shield","Clockwork:Shield","Clockwork:Tinker","Clockwork:WarmUp","Clockwork:ChargingBlade+1","Clockwork:ChargingBlade+1","Clockwork:CraftVarja+1","Clockwork:Randomization"],"relics":["Clockwork:MomentumEngine","EVO:Axolotl","Mango","Boot","Art of War"],"acts_visited":["Exordium"],"potions_floor_usage":[5,16],"damage_taken":[{"damage":2,"enemies":"Cultist","floor":1,"turns":7},{"damage":6,"enemies":"Small Slimes","floor":2,"turns":5},{"damage":0,"enemies":"Jaw Worm","floor":3,"turns":7},{"damage":12,"enemies":"3 Louse","floor":5,"turns":5},{"damage":31,"enemies":"Gremlin Gang","floor":7,"turns":5},{"damage":35,"enemies":"Lots of Slimes","floor":12,"turns":6},{"damage":32,"enemies":"Gremlin Nob","floor":13,"turns":4},{"damage":7,"enemies":"Looter","floor":14,"turns":4},{"damage":38,"enemies":"Slime Boss","floor":16,"turns":3}],"seed_played":"5908249819009081881","potions_obtained":[{"floor":2,"key":"BlessingOfTheForge"},{"floor":5,"key":"BlessingOfTheForge"},{"floor":13,"key":"AttackPotion"}],"is_trial":false,"path_per_floor":["M","M","M","?","M","R","M","R","T","?","R","M","E","M","R","B"],"character_chosen":"CLOCKWORK","items_purchased":[],"campfire_rested":1,"item_purchase_floors":[],"current_hp_per_floor":[97,91,91,91,79,79,48,48,48,53,84,49,17,10,10,0,0],"gold":108,"neow_bonus":"ONE_RARE_RELIC","is_daily":false,"chose_seed":false,"campfire_upgraded":3,"win_rate":0.0,"timestamp":1610640707,"path_taken":["M","M","M","?","M","R","M","R","T","?","R","M","E","M","R","BOSS"],"items_purchased_type":[],"build_version":"2020-12-22","purchased_purges":0,"victory":false,"max_hp_per_floor":[99,99,99,99,99,99,99,99,99,104,104,104,104,104,104,104,104],"card_choices":[{"not_picked":["Clockwork:SpringShield","Clockwork:RevUp"],"picked":"Clockwork:ChargingBlade","floor":1},{"not_picked":["Clockwork:Redundancy","Clockwork:Minimalism","Clockwork:LogisticRegression"],"picked":"SKIP","floor":2},{"not_picked":["Clockwork:SnapKeep","Clockwork:SpringShield","Clockwork:AdaptiveCannon"],"picked":"SKIP","floor":3},{"not_picked":["Clockwork:SiegeStrike","Clockwork:Roundhouse"],"picked":"Clockwork:ChargingBlade","floor":5},{"not_picked":["Clockwork:ChargingBlade","Clockwork:Roundhouse","Clockwork:Enhance"],"picked":"SKIP","floor":7},{"not_picked":["Clockwork:InertialShield","Clockwork:SystemHardening","Clockwork:AdaptiveCannon"],"picked":"SKIP","floor":12},{"not_picked":["Clockwork:SpringShield","Clockwork:RitualDaggerMk0"],"picked":"Clockwork:CraftVarja","floor":13},{"not_picked":["Clockwork:MechanicalMass","Clockwork:SnapKeep"],"picked":"Clockwork:Randomization","floor":14}],"player_experience":702308,"relics_obtained":[{"floor":9,"key":"Boot"},{"floor":13,"key":"Art of War"}],"event_choices":[{"cards_removed":["Clockwork:Strike"],"damage_healed":0,"gold_gain":0,"player_choice":"Forget","damage_taken":0,"max_hp_gain":0,"max_hp_loss":0,"event_name":"Living Wall","floor":4,"gold_loss":0},{"damage_healed":0,"gold_gain":0,"player_choice":"Donut","damage_taken":0,"max_hp_gain":5,"max_hp_loss":0,"event_name":"Big Fish","floor":10,"gold_loss":0}],"is_beta":false,"boss_relics":[],"items_purged_floors":[],"is_endless":false,"potions_floor_spawned":[2,5,13],"killed_by":"Slime Boss","ascension_level":4}}