{"host":"vlqejv0notyktumz","time":1610612156,"event":{"mods":["AchievementEnabler","BaseMod","Googly Eyes","Minty Spire (QoL Compilation)"],"gold_per_floor":[111,111,126,140,18,18,52,52,120,134,134,134,134,61,61,61,61],"floor_reached":16,"language":"ENG","playtime":284,"items_purged":["Strike_R","Strike_R"],"score":108,"play_id":"2bd62b97-1393-44ce-954d-4f5cbc8fed59","local_time":"20210114021556","is_ascension_mode":true,"campfire_choices":[{"data":"Spot Weakness","floor":6,"key":"SMITH"},{"data":"Limit Break","floor":8,"key":"SMITH"},{"data":"Defend_R","floor":11,"key":"SMITH"},{"floor":15,"key":"REST"}],"circlet_count":0,"master_deck":["Strike_R","Strike_R","Strike_R","Defend_R","Defend_R+1","Defend_R","Defend_R+1","Bash","Pommel Strike","Heavy Blade+1","Spot Weakness+1","Heavy Blade","Limit Break+1","Shrug It Off"],"relics":["Burning Blood","Smiling Mask","Sundial","Bag of Marbles"],"acts_visited":["Exordium"],"potions_floor_usage":[16],"damage_taken":[{"damage":9,"enemies":"Cultist","floor":1,"turns":5},{"damage":5,"enemies":"Small Slimes","floor":3,"turns":4},{"damage":7,"enemies":"Jaw Worm","floor":4,"turns":2},{"damage":17,"enemies":"Gremlin Nob","floor":7,"turns":4},{"damage":17,"enemies":"Lots of Slimes","floor":10,"turns":3},{"damage":41,"enemies":"Hexaghost","floor":16,"turns":9}],"seed_played":"-1488441859863928203","potions_obtained":[{"floor":4,"key":"LiquidMemories"},{"floor":10,"key":"SneckoOil"}],"is_trial":false,"path_per_floor":["M","?","M","M","$","R","E","R","T","M","R","?","?","$","R","B"],"character_chosen":"IRONCLAD","items_purchased":["Heavy Blade","Shrug It Off"],"campfire_rested":1,"item_purchase_floors":[5,14],"current_hp_per_floor":[77,61,62,61,61,61,50,50,50,39,39,14,14,14,38,0,0],"gold":61,"neow_bonus":"THREE_CARDS","is_daily":false,"chose_seed":false,"campfire_upgraded":3,"win_rate":0.0,"timestamp":1610612156,"path_taken":["M","?","M","M","$","R","E","R","T","M","R","?","?","$","R","BOSS"],"items_purchased_type":["Card","Card"],"build_version":"2020-12-22","purchased_purges":2,"victory":false,"max_hp_per_floor":[80,80,80,80,80,80,80,80,80,80,80,80,80,80,80,80,80],"card_choices":[{"not_picked":["Hemokinesis","Sever Soul"],"picked":"Pommel Strike","floor":0},{"not_picked":["Shrug It Off","Ghostly Armor"],"picked":"Heavy Blade","floor":1},{"not_picked":["Flex","Ghostly Armor"],"picked":"Spot Weakness","floor":3},{"not_picked":["Wild Strike","Pommel Strike","Warcry"],"picked":"SKIP","floor":4},{"not_picked":["Seeing Red","Warcry"],"picked":"Limit Break","floor":7},{"not_picked":["Cleave","Rupture","Headbutt"],"picked":"SKIP","floor":10}],"player_experience":339917,"relics_obtained":[{"floor":7,"key":"Smiling Mask"},{"floor":9,"key":"Sundial"}],"event_choices":[{"damage_healed":0,"gold_gain":0,"player_choice":"Entered Light","damage_taken":16,"max_hp_gain":0,"max_hp_loss":0,"event_name":"Shining Light","floor":2,"gold_loss":0,"cards_upgraded":["Heavy Blade","Defend_R"]},{"damage_healed":0,"gold_gain":0,"player_choice":"Success","damage_taken":25,"relics_obtained":["Bag of Marbles"],"max_hp_gain":0,"max_hp_loss":0,"event_name":"Scrap Ooze","floor":12,"gold_loss":0},{"damage_healed":0,"gold_gain":0,"player_choice":"Searched \u00270\u0027 times","damage_taken":0,"max_hp_gain":0,"max_hp_loss":0,"event_name":"Dead Adventurer","floor":13,"gold_loss":0}],"is_beta":false,"boss_relics":[],"items_purged_floors":[5,14],"is_endless":false,"potions_floor_spawned":[4,10],"killed_by":"Hexaghost","ascension_level":2}}