{"host":"5padt50u07xd1iby","time":1610631165,"event":{"mods":["AchievementEnabler","Aspiration","BaseMod","Colored Map","Colored Powertips","Conspire","Dark Map","Downfall","Hubris","Minty Spire (QoL Compilation)","Replay The Spire","Retaliation","Shop Mod","StSLib","SuperFastMode","The Blue Laboratory","everything is the same but u backflip on backflip"],"gold_per_floor":[113,124,141,141,152,152,183,183,183,533,577,606,635,822,834,846,846],"floor_reached":16,"language":"ENG","playtime":2050,"items_purged":[],"score":237,"play_id":"6782b0d5-0002-4fe8-8f67-68dc67c5e3d8","local_time":"20210114143245","is_ascension_mode":false,"campfire_choices":[{"floor":6,"key":"REST"},{"data":"Vault","floor":8,"key":"SMITH"},{"data":"ReplayTheSpireMod:Restless Dread","floor":15,"key":"PURGE"}],"circlet_count":0,"master_deck":["Strike_P","Strike_P","Strike_P","Strike_P","Defend_P","Defend_P","Defend_P","Defend_P","Eruption","Vigilance","FlurryOfBlows","Evaluate","Replay:Anticipation","Vault+1","Replay:AtTheReady","Delirium","ReplayTheSpireMod:Faulty Equipment","Establishment","FlurryOfBlows","Delirium","Devotion","Doubt","Spreading Infection"],"relics":["PureWater","PreservedInsect","Replay:Wax Seal","hubris:Reverence","Ring of Searing","Ring of Greed","MawBank","Old Coin","Pantograph"],"acts_visited":["Exordium"],"potions_floor_usage":[5,7,16],"damage_taken":[{"damage":3,"enemies":"Jaw Worm","floor":1,"turns":4},{"damage":2,"enemies":"2 Louse","floor":2,"turns":3},{"damage":0,"enemies":"conspire:RoseBush","floor":3,"turns":4},{"damage":1,"enemies":"Gremlin Gang","floor":5,"turns":4},{"damage":6,"enemies":"Replay:BlueRogue","floor":7,"turns":7},{"damage":10,"enemies":"Gremlin Nob","floor":11,"turns":3},{"damage":0,"enemies":"Red Slaver","floor":12,"turns":6},{"damage":13,"enemies":"Lots of Slimes","floor":13,"turns":7},{"damage":78,"enemies":"The Guardian","floor":16,"turns":7}],"seed_played":"-9002006021471213873","potions_obtained":[{"floor":1,"key":"DDmod:CleansePotion"},{"floor":2,"key":"blueLaboratory:BottledTrinity"},{"floor":11,"key":"Dexterity Potion"},{"floor":13,"key":"Energy Potion"}],"is_trial":false,"path_per_floor":["M","M","M","?","M","R","E","R","T","?","E","M","M","?","R_BF","B"],"character_chosen":"WATCHER","items_purchased":[],"campfire_rested":1,"item_purchase_floors":[],"current_hp_per_floor":[62,60,60,53,52,77,71,71,71,71,61,61,48,48,48,0,0],"gold":846,"neow_bonus":"TWENTY_PERCENT_HP_BONUS","is_daily":false,"chose_seed":false,"campfire_upgraded":1,"win_rate":0.0,"timestamp":1610631165,"path_taken":["M","M","M","?","M","R","E","R","T","?","E","M","M","?","R_BF","BOSS"],"items_purchased_type":[],"build_version":"2020-12-22","purchased_purges":0,"victory":false,"max_hp_per_floor":[86,86,86,86,86,86,86,86,86,86,86,86,86,86,86,86,86],"card_choices":[{"not_picked":["WaveOfTheHand","Collect"],"picked":"FlurryOfBlows","floor":1},{"not_picked":["Study","Protect"],"picked":"Evaluate","floor":2},{"not_picked":["PathToVictory","Halt"],"picked":"Replay:Anticipation","floor":3},{"not_picked":["Fasting2","Prostrate"],"picked":"Vault","floor":5},{"not_picked":["Halt","FlyingSleeves"],"picked":"Replay:AtTheReady","floor":7},{"not_picked":["FlurryOfBlows","BattleHymn"],"picked":"Establishment","floor":11},{"not_picked":["Prostrate","WreathOfFlame"],"picked":"FlurryOfBlows","floor":12},{"not_picked":["Study","Replay:Vibes"],"picked":"Devotion","floor":13}],"player_experience":107843,"relics_obtained":[{"floor":7,"key":"Replay:Wax Seal"},{"floor":9,"key":"hubris:Reverence"},{"floor":10,"key":"Ring of Searing"},{"floor":10,"key":"Ring of Greed"},{"floor":10,"key":"MawBank"},{"floor":10,"key":"Old Coin"},{"floor":11,"key":"Pantograph"}],"event_choices":[{"damage_healed":0,"gold_gain":0,"player_choice":"Success","damage_taken":7,"relics_obtained":["PreservedInsect"],"max_hp_gain":0,"max_hp_loss":0,"event_name":"Scrap Ooze","floor":4,"gold_loss":0},{"damage_healed":0,"gold_gain":175,"player_choice":"AGREE","damage_taken":0,"max_hp_gain":0,"max_hp_loss":0,"event_name":"Liars Game","floor":14,"gold_loss":0,"cards_obtained":["Doubt"]}],"is_beta":false,"boss_relics":[],"items_purged_floors":[],"is_endless":false,"potions_floor_spawned":[1,2,11,13],"killed_by":"The Guardian","ascension_level":0}}