{"host":"22s5scuj7mu87reg","time":1610625624,"event":{"mods":["BaseMod","Colored Powertips","Dota2Spire","Downfall","Duelist Mod","GungeonMod","Halation","Hubris","Infinite Spire","Koishi","KomeijiMod","Minty Spire (QoL Compilation)","Replay The Spire","StSLib","SuperFastMode","The Jungle","The Mystic","The Necromancer","Wandering Minibosses"],"gold_per_floor":[139,139,64,77,77,77,88,92,92,92,112,126,154,54,54,153,153,158,158,158,169,181,181,194,194,194,220,172,47,53,65,65,141,141,170,187,201,201,201,201,220,236,236,236,1052,1052,1138,1231,1231,1231,1231,1231,653,720,720],"floor_reached":56,"language":"POL","playtime":3802,"items_purged":["theDuelist:Sparks","theDuelist:CastleWalls","theDuelist:DragonMastery"],"score":1600,"play_id":"3924817d-e140-49f7-b16c-8ee14d664ddf","local_time":"20210114130024","is_ascension_mode":false,"campfire_choices":[{"data":"theDuelist:WaterDragon","floor":6.0,"key":"SMITH"},{"data":"theDuelist:CurseDragon","floor":10.0,"key":"SMITH"},{"data":"theDuelist:CastleWalls","floor":15.0,"key":"PURGE"},{"data":"theDuelist:StardustDragon","floor":23,"key":"SMITH"},{"floor":25,"key":"RECALL"},{"floor":32,"key":"REST"},{"data":"theDuelist:Duoterion","floor":40,"key":"SMITH"},{"data":"theDuelist:MaskedDragon","floor":49,"key":"SMITH"},{"data":"theDuelist:BabyDragon","floor":52,"key":"SMITH"}],"circlet_count":0,"master_deck":["theDuelist:BabyDragon+1","theDuelist:CaveDragon","theDuelist:CaveDragon","theDuelist:LesserDragon","theDuelist:LesserDragon","theDuelist:YamataDragon","theDuelist:TwinBarrelDragon","theDuelist:WaterDragon+1","theDuelist:CurseDragon+1","theDuelist:StardustDragon+1","theDuelist:MaskedDragon+1","theDuelist:Duoterion+1","theDuelist:Earthquake+1","theDuelist:CoralDragon+1"],"relics":["theDuelist:MillenniumPuzzle","theDuelist:CardPoolRelic","theDuelist:CardPoolBasicRelic","NeowsBlessing","halation:StarCompass","Odd Mushroom","Dota2Spire:LotusOrb","Dota2Spire:PowerTreads","halation:PlatinumPhoenix","infinitespire:Cupcake","infinitespire:EvilPickle","Bottled Lightning","wanderingMiniBosses:MasterThiefsPresence","infinitespire:Broken Mirror","Dota2Spire:EchoSabre","theDuelist:MerchantPendant","StoneCalendar","ReplayTheSpireMod:Lightbulb"],"acts_visited":["Exordium","TheCity","TheBeyond","TheEnding"],"potions_floor_usage":[28],"damage_taken":[{"damage":0.0,"enemies":"Cultist","floor":1.0,"turns":1.0},{"damage":0.0,"enemies":"2 Louse","floor":4.0,"turns":2.0},{"damage":0.0,"enemies":"Jaw Worm","floor":7.0,"turns":2.0},{"damage":6.0,"enemies":"The Mushroom Lair","floor":8.0,"turns":7.0},{"damage":5.0,"enemies":"Blue Slaver","floor":11.0,"turns":3.0},{"damage":3.0,"enemies":"Lots of Slimes","floor":12.0,"turns":4.0},{"damage":2.0,"enemies":"3 Sentries","floor":13.0,"turns":5.0},{"damage":15.0,"enemies":"Slime Boss","floor":16.0,"turns":5.0},{"damage":0,"enemies":"3 Byrds","floor":18,"turns":3},{"damage":0,"enemies":"Spheric Guardian","floor":21,"turns":3},{"damage":0,"enemies":"Cultist and Chosen","floor":22,"turns":3},{"damage":1,"enemies":"Snake Plant","floor":24,"turns":3},{"damage":11,"enemies":"Slavers","floor":27,"turns":4},{"damage":47,"enemies":"Snecko","floor":28,"turns":7},{"damage":0,"enemies":"Centurion and Healer","floor":30,"turns":4},{"damage":0,"enemies":"Snake Plant","floor":31,"turns":3},{"damage":0,"enemies":"Pondfish","floor":33,"turns":7},{"damage":1,"enemies":"3 Shapes","floor":35,"turns":3},{"damage":4,"enemies":"3 Darklings","floor":36,"turns":3},{"damage":3,"enemies":"Sphere and 2 Shapes","floor":37,"turns":4},{"damage":0,"enemies":"Transient","floor":41,"turns":5},{"damage":1,"enemies":"Spire Growth","floor":42,"turns":4},{"damage":1,"enemies":"Sphere and 2 Shapes","floor":45,"turns":5},{"damage":8,"enemies":"3 Darklings","floor":47,"turns":3},{"damage":0,"enemies":"Spire Growth","floor":48,"turns":3},{"damage":0,"enemies":"Awakened One","floor":50,"turns":10},{"damage":0,"enemies":"Shield and Spear","floor":54,"turns":5},{"damage":10,"enemies":"The Heart","floor":55,"turns":7}],"seed_played":"2905554667405615149","potions_obtained":[{"floor":7.0,"key":"DuplicationPotion"},{"floor":12.0,"key":"hexamod:EctoCoolerPotion"},{"floor":13.0,"key":"CalmPotion"},{"floor":16.0,"key":"theDuelist:DebuffFuryPotion"},{"floor":30,"key":"champ:CounterPotion"},{"floor":48,"key":"Adrenaline Potion"}],"is_trial":false,"path_per_floor":["M","?","$","M","?","R","M","?","T","R","M","M","E","$","R","B",null,"M","$","?","M","M","R","M","R","T","E","M","$","M","M","R","B",null,"M","M","M","?","?","R","M","M","T","?","M","$","M","M","R","B",null,"R","$","E","B",null],"character_chosen":"THE_DUELIST","items_purchased":["infinitespire:Broken Mirror","Dota2Spire:EchoSabre","theDuelist:MerchantPendant","StoneCalendar"],"campfire_rested":1,"item_purchase_floors":[53,53,53,53],"current_hp_per_floor":[80,80,80,80,80,80,80,74,74,74,69,66,64,64,64,49,80,80,80,80,80,80,80,79,79,79,68,21,21,21,21,45,45,80,79,75,72,72,72,72,72,71,71,71,70,70,62,62,62,62,80,80,80,80,70],"gold":720,"neow_bonus":"THREE_ENEMY_KILL","is_daily":false,"chose_seed":false,"campfire_upgraded":6,"win_rate":0.0,"timestamp":1610625624,"path_taken":["M","?","$","?","?","R","M","?","T","R","M","M","E","$","R","BOSS","M","$","?","M","M","R","?","R","T","E","M","$","M","M","R","BOSS","M","M","?","?","?","R","M","M","T","?","?","$","M","M","R","BOSS","R","$","E","BOSS"],"items_purchased_type":["Relic","Relic","Relic","Relic"],"build_version":"2020-12-13","purchased_purges":3,"victory":true,"max_hp_per_floor":[80,80,80,80,80,80,80,80,80,80,80,80,80,80,80,80,80,80,80,80,80,80,80,80,80,80,80,80,80,80,80,80,80,80,80,80,80,80,80,80,80,80,80,80,80,80,80,80,80,80,80,80,80,80,80],"card_choices":[{"not_picked":["theDuelist:MegafleetDragon","theDuelist:MangaRyuRan"],"picked":"theDuelist:TwinBarrelDragon","floor":1.0},{"not_picked":["theDuelist:SuperStridentBlaze","theDuelist:DefenseZone"],"picked":"theDuelist:WaterDragon","floor":4.0},{"not_picked":["theDuelist:SilverWing","theDuelist:AtomicScrapDragon"],"picked":"theDuelist:CurseDragon","floor":7.0},{"not_picked":["theDuelist:BlackStego","theDuelist:AncientGearGadjiltron","theDuelist:SnowDragon"],"picked":"SKIP","floor":11.0},{"not_picked":["theDuelist:RedRisingDragon","theDuelist:CyberDragonVier","theDuelist:BabyDragon"],"picked":"SKIP","floor":12.0},{"not_picked":["theDuelist:Freezadon","theDuelist:Sabersaurus"],"picked":"theDuelist:StardustDragon","floor":13.0},{"not_picked":["theDuelist:SeismicShockwave","theDuelist:BlueDuston"],"picked":"theDuelist:DragonMastery","floor":16.0},{"not_picked":["theDuelist:CyberDragon","theDuelist:ArmedDragon3","theDuelist:BusterBlader"],"picked":"SKIP","floor":18},{"not_picked":["theDuelist:SystemDown+1","theDuelist:FrozenFitzgerald+1","theDuelist:AquaDolphin"],"picked":"SKIP","floor":21},{"not_picked":["theDuelist:CaveDragon","theDuelist:BlackBrutdrago","theDuelist:WhiteNightDragon"],"picked":"SKIP","floor":22},{"not_picked":["theDuelist:EvilMind+1","theDuelist:DarkDriceratops","theDuelist:EvolutionBurst+1"],"picked":"SKIP","floor":24},{"not_picked":["theDuelist:EvilMind+1","theDuelist:DarkDriceratops","theDuelist:EvolutionBurst+1"],"picked":"SKIP","floor":24},{"not_picked":["theDuelist:SilverDragon","theDuelist:BackgroundDragon"],"picked":"theDuelist:MaskedDragon","floor":27},{"not_picked":["theDuelist:CyberLaserDragon","theDuelist:ScrapIronScarecrow+1"],"picked":"theDuelist:Duoterion","floor":28},{"not_picked":["theDuelist:CyberDragonNachster+1","theDuelist:BlackPtera","theDuelist:FangCritias"],"picked":"SKIP","floor":30},{"not_picked":["theDuelist:CyberTwinDragon","theDuelist:BusterBlader+1","theDuelist:RedEyesToon"],"picked":"SKIP","floor":31},{"not_picked":["theDuelist:TotemDragon","theDuelist:MegafleetDragon+1"],"picked":"theDuelist:Earthquake+1","floor":35},{"not_picked":["theDuelist:CyberValley","theDuelist:WhiteHowling"],"picked":"theDuelist:CoralDragon","floor":36},{"not_picked":["theDuelist:MangaRyuRan+1","theDuelist:StampingDestruction","theDuelist:Sabersaurus"],"picked":"SKIP","floor":37},{"not_picked":["theDuelist:StarlightRoad+1","theDuelist:TwinBarrelDragon+1","theDuelist:FluteSummoning+1"],"picked":"SKIP","floor":41},{"not_picked":["theDuelist:HazyFlameHydra+1","theDuelist:MirageDragon+1","theDuelist:CyberEltanin+1"],"picked":"SKIP","floor":42},{"not_picked":["theDuelist:StarlightRoad","theDuelist:BusterDrake","theDuelist:BusterBlader"],"picked":"SKIP","floor":45},{"not_picked":["theDuelist:MythicWaterDragon","theDuelist:BlackTyranno","theDuelist:Lancephorhynchus"],"picked":"SKIP","floor":47},{"not_picked":["theDuelist:Carboneddon","theDuelist:AncientGearGadjiltron+1","theDuelist:SilverDragon+1"],"picked":"SKIP","floor":48},{"not_picked":["theDuelist:CyberTwinDragon","theDuelist:CyberneticOverflow","theDuelist:AncientPixieDragon+1"],"picked":"SKIP","floor":54}],"player_experience":116618,"relics_obtained":[{"floor":8.0,"key":"Odd Mushroom"},{"floor":9.0,"key":"Dota2Spire:LotusOrb"},{"floor":13.0,"key":"Dota2Spire:PowerTreads"},{"floor":43,"key":"Bottled Lightning"},{"floor":45,"key":"wanderingMiniBosses:MasterThiefsPresence"},{"floor":54,"key":"ReplayTheSpireMod:Lightbulb"}],"event_choices":[{"cards_removed":["theDuelist:Sparks"],"damage_healed":0.0,"max_hp_gain":0.0,"max_hp_loss":0.0,"gold_gain":0.0,"event_name":"Bonfire Elementals","player_choice":"Offered Basic","floor":2.0,"gold_loss":0.0,"damage_taken":0.0},{"damage_healed":0.0,"max_hp_gain":0.0,"max_hp_loss":0.0,"gold_gain":0.0,"event_name":"Mushrooms","player_choice":"Fought Mushrooms","floor":8.0,"gold_loss":0.0,"damage_taken":0.0},{"damage_healed":0,"gold_gain":0,"player_choice":"Ignored","damage_taken":0,"max_hp_gain":0,"max_hp_loss":0,"event_name":"NoteForYourself","floor":20,"gold_loss":0},{"damage_healed":0,"gold_gain":0,"player_choice":"0 cards matched","damage_taken":0,"max_hp_gain":0,"max_hp_loss":0,"event_name":"Match and Keep!","floor":44,"gold_loss":0,"cards_obtained":[]}],"is_beta":false,"boss_relics":[{"not_picked":["Snecko Scales","SacredBark"],"picked":"halation:PlatinumPhoenix"},{"not_picked":["Replay:Drink Me","Honey Jar"],"picked":"infinitespire:Cupcake"}],"items_purged_floors":[3,14,29],"is_endless":false,"potions_floor_spawned":[7,12,13,16,21,22,28,30,37,47,48,54],"ascension_level":0}}