{"host":"5biwxqawqld14qif","time":1610626477,"event":{"mods":["2.2 Compatiblity","AchievementEnabler","BaseMod","Colored Map","Colored Powertips","DeckTracker","Highlight Path","Minty Spire (QoL Compilation)","Quick Restart","Rare Cards Sparkle","Relic Stats"],"gold_per_floor":[116,191,191,209,209,243,243,261,312,325,325,345,402,402,402],"floor_reached":14,"language":"KOR","playtime":968,"items_purged":[],"score":138,"play_id":"bbb5495a-88a9-4ad9-9fb5-7c77c4c3e22d","local_time":"20210114211437","is_ascension_mode":true,"campfire_choices":[{"data":"Dark Embrace","floor":7,"key":"SMITH"},{"data":"Seeing Red","floor":11,"key":"SMITH"}],"circlet_count":0,"master_deck":["Strike_R","Strike_R","Strike_R","Strike_R","Defend_R","Defend_R","Defend_R","Bash","Havoc","Warcry","Intimidate","Dark Embrace+1","Seeing Red+1","Second Wind","Disarm"],"relics":["Burning Blood","NeowsBlessing","Boot","Dream Catcher","Vajra"],"acts_visited":["Exordium"],"potions_floor_usage":[13,14],"damage_taken":[{"damage":0,"enemies":"2 Louse","floor":1,"turns":1},{"damage":0,"enemies":"Small Slimes","floor":4,"turns":1},{"damage":0,"enemies":"Gremlin Nob","floor":6,"turns":1},{"damage":10,"enemies":"Cultist","floor":8,"turns":4},{"damage":11,"enemies":"Looter","floor":10,"turns":3},{"damage":29,"enemies":"3 Louse","floor":12,"turns":4},{"damage":40,"enemies":"3 Sentries","floor":13,"turns":9},{"damage":21,"enemies":"Lagavulin","floor":14,"turns":6}],"seed_played":"5446461682718765094","potions_obtained":[{"floor":1,"key":"Strength Potion"},{"floor":6,"key":"Block Potion"},{"floor":8,"key":"Dexterity Potion"}],"is_trial":false,"path_per_floor":["M","?","?","M","?","E","R","M","T","M","R","M","?","E"],"character_chosen":"IRONCLAD","items_purchased":[],"campfire_rested":0,"item_purchase_floors":[],"current_hp_per_floor":[80,69,69,75,68,74,74,70,70,65,65,42,8,0,0],"gold":402,"neow_bonus":"THREE_ENEMY_KILL","is_daily":false,"chose_seed":false,"campfire_upgraded":2,"win_rate":0.0,"timestamp":1610626477,"path_taken":["M","?","?","M","?","E","R","M","T","M","R","M","?","E"],"items_purchased_type":[],"build_version":"2020-12-22","purchased_purges":0,"victory":false,"max_hp_per_floor":[80,80,80,80,80,80,80,80,80,80,80,80,80,80,80],"relic_stats":{"Dream Catcher":0,"counters":[8,29],"Boot":[5],"obtain_stats":[{"Dream Catcher":9,"NeowsBlessing":0,"Vajra":13,"Boot":6,"Burning Blood":0},{"Dream Catcher":4,"NeowsBlessing":0,"Vajra":6,"Boot":3,"Burning Blood":0},{"Dream Catcher":7,"NeowsBlessing":0,"Vajra":14,"Boot":3,"Burning Blood":0}],"Burning Blood":36},"card_choices":[{"not_picked":["Ghostly Armor","Thunderclap"],"picked":"Havoc","floor":1},{"not_picked":["Thunderclap","Twin Strike"],"picked":"Intimidate","floor":4},{"not_picked":["Clash","Armaments"],"picked":"Dark Embrace","floor":6},{"not_picked":["Pommel Strike","Clash"],"picked":"Seeing Red","floor":8},{"not_picked":["Cleave","Searing Blow"],"picked":"Second Wind","floor":10},{"not_picked":["Heavy Blade","Twin Strike"],"picked":"Disarm","floor":12}],"player_experience":217170,"relics_obtained":[{"floor":6,"key":"Boot"},{"floor":9,"key":"Dream Catcher"}],"event_choices":[{"damage_healed":0,"gold_gain":75,"player_choice":"Gather Gold","damage_taken":11,"max_hp_gain":0,"max_hp_loss":0,"event_name":"World of Goop","floor":2,"gold_loss":0},{"damage_healed":0,"gold_gain":0,"cards_transformed":["Strike_R"],"player_choice":"Change","damage_taken":0,"max_hp_gain":0,"max_hp_loss":0,"event_name":"Living Wall","floor":3,"gold_loss":0,"cards_obtained":["Warcry"]},{"cards_removed":["Defend_R"],"damage_healed":0,"gold_gain":0,"player_choice":"Card Removal","damage_taken":7,"max_hp_gain":0,"max_hp_loss":0,"event_name":"Golden Wing","floor":5,"gold_loss":0},{"damage_healed":0,"gold_gain":30,"player_choice":"Searched \u00273\u0027 times","damage_taken":0,"relics_obtained":["Vajra"],"max_hp_gain":0,"max_hp_loss":0,"event_name":"Dead Adventurer","floor":13,"gold_loss":0}],"is_beta":false,"boss_relics":[],"items_purged_floors":[],"is_endless":false,"potions_floor_spawned":[1,6,8],"killed_by":"Lagavulin","ascension_level":4}}