{"host":"7f01flv6y0vhl3vt","time":1610650866,"event":{"mods":["Act Like it!","BaseMod","Downfall","Minty Spire (QoL Compilation)","StSLib"],"gold_per_floor":[99,118,129,129,146,146,170,20,20,31,56,56,73,73,91,194,194,194,207,222,322,339,353,379,379,392,411,261,261,261,7,20,20,20],"floor_reached":33,"language":"ENG","playtime":7736,"items_purged":[],"score":301,"play_id":"5aafbc82-c920-4a57-94e3-86b121b5c170","local_time":"20210114140106","is_ascension_mode":false,"campfire_choices":[{"floor":1,"key":"RECALL"},{"floor":8,"key":"REST"},{"data":"sneckomod:SerpentMind","floor":18,"key":"SMITH"},{"floor":30,"key":"REST"}],"circlet_count":0,"master_deck":["sneckomod:Strike","sneckomod:Strike","sneckomod:Defend+1","sneckomod:Defend","sneckomod:Defend+1","sneckomod:TailWhip","sneckomod:SnekBite","sneckomod:Unknown","sneckomod:Unknown+1","sneckomod:UnknownExhaust","sneckomod:SoulRoll","sneckomod:SnakeSap","sneckomod:UnknownCommonSkill","sneckomod:SerpentMind+1","Regret","sneckomod:UnknownUncommonPower","sneckomod:PureSnecko","sneckomod:MorePower","sneckomod:DiceCrush+1","sneckomod:UnknownRareAttack+1","sneckomod:UnknownClassBLUE","sneckomod:UnknownColorless+1","sneckomod:UnknownStrike","sneckomod:DefensiveFlair","sneckomod:UnknownX+1","sneckomod:UnknownClassTHE_CHAMP_GRAY","sneckomod:Unknown2Cost+1","sneckomod:DefensiveFlair+1","sneckomod:SerpentIdol","Ghostly","Shame","sneckomod:MorePower","sneckomod:UnknownClassGUARDIAN+1","sneckomod:UnknownRareAttack"],"relics":["sneckomod:SneckoSoul","downfall:ShatteredFragment","downfall:HeartBlessingBlue","downfall:HeartBlessingRed","White Beast Statue","Lizard Tail","Runic Dome","Pocketwatch","The Courier","MealTicket","Juzu Bracelet","Anchor","Akabeko"],"acts_visited":["Exordium","TheCity"],"potions_floor_usage":[16,16,16,23,23,23,26,27,33,33],"damage_taken":[{"damage":19,"enemies":"2 Louse","floor":2,"turns":3},{"damage":5,"enemies":"Small Slimes","floor":3,"turns":2},{"damage":6,"enemies":"Jaw Worm","floor":5,"turns":3},{"damage":0,"enemies":"Large Slime","floor":10,"turns":4},{"damage":36,"enemies":"3 Sentries","floor":11,"turns":5},{"damage":10,"enemies":"Exordium Wildlife","floor":13,"turns":4},{"damage":1,"enemies":"Blue Slaver","floor":15,"turns":3},{"damage":17,"enemies":"downfall:Watcher","floor":16,"turns":8},{"damage":4,"enemies":"3 Byrds","floor":19,"turns":4},{"damage":31,"enemies":"Centurion and Healer","floor":20,"turns":7},{"damage":25,"enemies":"downfall:Ironclad","floor":21,"turns":6},{"damage":25,"enemies":"Chosen and Byrds","floor":22,"turns":4},{"damage":11,"enemies":"3 Cultists","floor":23,"turns":4},{"damage":35,"enemies":"Shelled Parasite and Fungi","floor":26,"turns":6},{"damage":30,"enemies":"Snake Plant","floor":27,"turns":5},{"damage":2,"enemies":"downfall:FleeingMerchant","floor":31,"turns":4},{"damage":13,"enemies":"Snecko","floor":32,"turns":4},{"damage":168,"enemies":"downfall:Silent","floor":33,"turns":9}],"seed_played":"7865976725749705168","potions_obtained":[{"floor":3,"key":"Swift Potion"},{"floor":10,"key":"FearPotion"},{"floor":13,"key":"Block Potion"},{"floor":16,"key":"Regen Potion"},{"floor":19,"key":"Fire Potion"},{"floor":20,"key":"Fire Potion"},{"floor":23,"key":"Weak Potion"},{"floor":26,"key":"Regen Potion"},{"floor":27,"key":"FairyPotion"},{"floor":31,"key":"AttackPotion"},{"floor":32,"key":"Slimebound:ThreeZeroPotion"}],"is_trial":false,"path_per_floor":["R","M","M","?","M","?","T","R","?","M","E","?","M","T","M","B",null,"R","M","M","?","M","M","T","?","M","M","?","?","R","$","M","B"],"character_chosen":"THE_SNECKO","items_purchased":["Anchor","Akabeko"],"campfire_rested":2,"item_purchase_floors":[31,31],"current_hp_per_floor":[99,81,76,81,75,54,54,98,98,99,63,63,54,54,53,36,117,117,113,89,66,47,60,60,60,26,18,18,18,55,68,57,0,0],"gold":20,"neow_bonus":"TEN_PERCENT_HP_BONUS","is_daily":false,"chose_seed":false,"campfire_upgraded":1,"win_rate":0.0,"timestamp":1610650866,"path_taken":["R","M","M","?","M","?","T","R","?","M","E","?","M","?","M","BOSS","R","M","M","?","M","M","T","?","M","M","?","?","R","$","M","BOSS"],"items_purchased_type":["Relic","Relic"],"build_version":"2020-12-22","purchased_purges":0,"victory":false,"max_hp_per_floor":[99,100,100,105,105,105,105,115,115,116,116,116,117,117,117,117,117,117,117,119,121,121,123,123,123,124,124,124,124,124,124,126,126,126],"card_choices":[{"not_picked":["sneckomod:CheapStock","sneckomod:UnknownClassBLUE"],"picked":"sneckomod:UnknownExhaust","floor":2},{"not_picked":["sneckomod:QuickMove","sneckomod:DiceBlock"],"picked":"sneckomod:SoulRoll","floor":3},{"not_picked":["sneckomod:UnknownCommonAttack","sneckomod:UnknownUncommonAttack"],"picked":"sneckomod:SnakeSap","floor":5},{"not_picked":["sneckomod:RainOfDice","sneckomod:Unknown1Cost"],"picked":"sneckomod:UnknownCommonSkill","floor":10},{"not_picked":["sneckomod:UnknownCommonAttack","sneckomod:UnknownClassGUARDIAN"],"picked":"sneckomod:SerpentMind","floor":11},{"not_picked":["sneckomod:SoulCleanse","sneckomod:UnknownVulnerable"],"picked":"sneckomod:UnknownUncommonPower","floor":13},{"not_picked":["sneckomod:Unknown1Cost","sneckomod:DiceBlock"],"picked":"sneckomod:PureSnecko","floor":15},{"not_picked":["sneckomod:Cheat","sneckomod:SoulExchange"],"picked":"sneckomod:MorePower","floor":16},{"not_picked":["sneckomod:QuickMove","sneckomod:DiceBlock"],"picked":"sneckomod:DiceCrush+1","floor":19},{"not_picked":["sneckomod:UnknownStrength+1","sneckomod:UnknownEthereal+1"],"picked":"sneckomod:UnknownRareAttack+1","floor":20},{"not_picked":["sneckomod:WideSting","sneckomod:UnknownExhaust"],"picked":"sneckomod:UnknownClassBLUE","floor":20},{"not_picked":["sneckomod:UnknownUncommonPower+1","sneckomod:UnknownClassBLUE+1"],"picked":"sneckomod:UnknownColorless+1","floor":21},{"not_picked":["sneckomod:UnknownBlock+1","sneckomod:SoulDraw"],"picked":"sneckomod:UnknownStrike","floor":21},{"not_picked":["sneckomod:SoulRoll","sneckomod:UnknownClassHEXA_GHOST_PURPLE"],"picked":"sneckomod:DefensiveFlair","floor":22},{"not_picked":["sneckomod:UnknownStrike+1","sneckomod:UnknownUncommonAttack+1"],"picked":"sneckomod:UnknownX+1","floor":23},{"not_picked":["sneckomod:SoulRoll+1","sneckomod:Unknown1Cost"],"picked":"sneckomod:UnknownClassTHE_CHAMP_GRAY","floor":23},{"not_picked":["sneckomod:UnknownCommonAttack+1","sneckomod:UnknownUncommonPower+1"],"picked":"sneckomod:Unknown2Cost+1","floor":26},{"not_picked":["sneckomod:Unknown1Cost","sneckomod:UnknownCommonSkill"],"picked":"sneckomod:DefensiveFlair+1","floor":26},{"not_picked":["sneckomod:SoulDraw+1","sneckomod:RainOfDice+1"],"picked":"sneckomod:SerpentIdol","floor":27},{"not_picked":["sneckomod:UnknownCommonSkill","sneckomod:SnekBeam"],"picked":"sneckomod:MorePower","floor":31},{"not_picked":["sneckomod:Unknown2Cost+1","sneckomod:UnknownClassHEXA_GHOST_PURPLE+1"],"picked":"sneckomod:UnknownClassGUARDIAN+1","floor":32},{"not_picked":["sneckomod:QuickMove","sneckomod:DiceCrush"],"picked":"sneckomod:UnknownRareAttack","floor":32}],"player_experience":1241207,"relics_obtained":[{"floor":11,"key":"White Beast Statue"},{"floor":14,"key":"Lizard Tail"},{"floor":21,"key":"Pocketwatch"},{"floor":21,"key":"The Courier"},{"floor":24,"key":"MealTicket"}],"event_choices":[{"damage_healed":0,"gold_gain":0,"player_choice":"Donut","damage_taken":0,"max_hp_gain":5,"max_hp_loss":0,"event_name":"Big Fish","floor":4,"gold_loss":0},{"damage_healed":0,"gold_gain":0,"player_choice":"Ignored","damage_taken":0,"max_hp_gain":0,"max_hp_loss":0,"event_name":"Vampires","floor":25,"gold_loss":0},{"damage_healed":0,"gold_gain":0,"player_choice":"Stole Relic","damage_taken":0,"relics_obtained":["Juzu Bracelet"],"max_hp_gain":0,"max_hp_loss":0,"event_name":"Addict","floor":29,"gold_loss":0,"cards_obtained":["Shame"]}],"is_beta":false,"boss_relics":[{"not_picked":["Sozu","Fusion Hammer"],"picked":"Runic Dome"}],"items_purged_floors":[],"is_endless":false,"potions_floor_spawned":[3,10,13,15,16,19,20,21,22,23,26,27,31,32],"killed_by":"downfall:Silent","ascension_level":0}}