{"host":"g8a0qo0vjtg6u5wv","time":1610624177,"event":{"mods":["BaseMod","Colored Map","Custom Start","KOR Keyword Fix","Minty Spire (QoL Compilation)","StSLib","SuperFastMode"],"gold_per_floor":[118,118,43,218,228,228,257,257,257,277,277,292,392,392,392],"floor_reached":14,"language":"KOR","playtime":215,"items_purged":["Decay"],"score":119,"play_id":"16e8fdc2-0b5a-4883-b629-607bd0c6c2e9","local_time":"20210114203617","is_ascension_mode":true,"campfire_choices":[{"data":"Alpha","floor":6,"key":"SMITH"},{"data":"Halt","floor":8,"key":"SMITH"},{"data":"Eruption","floor":11,"key":"SMITH"}],"circlet_count":0,"master_deck":["Strike_P","Strike_P","Strike_P","Defend_P","Defend_P","Defend_P","Eruption+1","Vigilance","Alpha+1","Swivel","SignatureMove","Doubt","Perseverance","Halt+1","Pray","SandsOfTime"],"relics":["PureWater","Blood Vial","TeardropLocket"],"acts_visited":["Exordium"],"potions_floor_usage":[14],"damage_taken":[{"damage":0,"enemies":"2 Louse","floor":1,"turns":3},{"damage":7,"enemies":"Jaw Worm","floor":5,"turns":3},{"damage":42,"enemies":"3 Sentries","floor":7,"turns":6},{"damage":0,"enemies":"Small Slimes","floor":10,"turns":3},{"damage":13,"enemies":"2 Fungi Beasts","floor":12,"turns":3},{"damage":34,"enemies":"Gremlin Nob","floor":14,"turns":3}],"seed_played":"7954585554582487015","potions_obtained":[{"floor":7,"key":"LiquidMemories"},{"floor":10,"key":"Strength Potion"}],"is_trial":false,"path_per_floor":["M","?","$","?","M","R","E","R","T","M","R","M","?","E"],"character_chosen":"WATCHER","items_purchased":[],"campfire_rested":0,"item_purchase_floors":[],"current_hp_per_floor":[65,70,70,70,63,63,21,21,21,23,23,12,12,0,0],"gold":392,"neow_bonus":"TRANSFORM_TWO_CARDS","is_daily":false,"chose_seed":false,"campfire_upgraded":3,"win_rate":0.0,"timestamp":1610624177,"path_taken":["M","?","$","?","M","R","E","R","T","M","R","?","?","E"],"items_purchased_type":[],"build_version":"2020-12-22","purchased_purges":1,"victory":false,"max_hp_per_floor":[72,77,77,77,77,77,77,77,77,77,77,77,77,77,77],"card_choices":[{"not_picked":["Study","Protect"],"picked":"SignatureMove","floor":1},{"not_picked":["Crescendo","Tantrum"],"picked":"Perseverance","floor":5},{"not_picked":["Evaluate","Consecrate"],"picked":"Halt","floor":7},{"not_picked":["SignatureMove","SashWhip"],"picked":"Pray","floor":10},{"not_picked":["ThirdEye","Crescendo"],"picked":"SandsOfTime","floor":12}],"player_experience":569230,"relics_obtained":[{"floor":7,"key":"Blood Vial"},{"floor":9,"key":"TeardropLocket"}],"event_choices":[{"damage_healed":0,"gold_gain":0,"player_choice":"Donut","damage_taken":0,"max_hp_gain":5,"max_hp_loss":0,"event_name":"Big Fish","floor":2,"gold_loss":0},{"damage_healed":0,"gold_gain":175,"player_choice":"AGREE","damage_taken":0,"max_hp_gain":0,"max_hp_loss":0,"event_name":"Liars Game","floor":4,"gold_loss":0,"cards_obtained":["Doubt"]},{"damage_healed":0,"gold_gain":100,"player_choice":"Pray","damage_taken":0,"max_hp_gain":0,"max_hp_loss":0,"event_name":"Golden Shrine","floor":13,"gold_loss":0}],"is_beta":false,"boss_relics":[],"items_purged_floors":[3],"is_endless":false,"potions_floor_spawned":[7,10],"killed_by":"Gremlin Nob","ascension_level":7}}