{"host":"1a3cjta80tad0aqj","time":1610647362,"event":{"mods":["2.2 Compatiblity","AchievementEnabler","BaseMod","Colored Map","DeckTracker","KOR Keyword Fix","Keyboard Shortcuts","Minty Spire (QoL Compilation)","Permanent Neow","Quick Restart","Random Character Button","StSLib","SuperFastMode","everything is the same but u backflip on backflip"],"gold_per_floor":[110,130,149,168,179,179,197,197,221,241,241,269,110,120,120,218,218,230,247,267,267,283,283,283,283],"floor_reached":24,"language":"KOR","playtime":1429,"items_purged":["Strike_R"],"score":204,"play_id":"c506fb1e-6542-4589-a56c-0077169b63fd","local_time":"20210115030242","is_ascension_mode":false,"campfire_choices":[{"data":"Armaments","floor":6.0,"key":"SMITH"},{"data":"Body Slam","floor":8.0,"key":"SMITH"},{"data":"Second Wind","floor":11.0,"key":"SMITH"},{"data":"Body Slam","floor":15.0,"key":"SMITH"},{"floor":23,"key":"REST"}],"circlet_count":0,"master_deck":["Strike_R","Defend_R","Defend_R","Defend_R","Defend_R","Bash","Rupture","Second Wind+1","Armaments+1","Shrug It Off","Body Slam+1","Impervious","Shrug It Off","Rampage","Body Slam+1","Disarm","Offering","Rage+1","Metallicize","Feel No Pain"],"relics":["Burning Blood","Regal Pillow","Toy Ornithopter","Empty Cage"],"acts_visited":["Exordium","TheCity"],"potions_floor_usage":[22],"damage_taken":[{"damage":0.0,"enemies":"2 Louse","floor":1.0,"turns":3.0},{"damage":1.0,"enemies":"Cultist","floor":2.0,"turns":4.0},{"damage":4.0,"enemies":"Jaw Worm","floor":3.0,"turns":5.0},{"damage":2.0,"enemies":"Looter","floor":4.0,"turns":4.0},{"damage":1.0,"enemies":"3 Louse","floor":5.0,"turns":5.0},{"damage":12.0,"enemies":"Red Slaver","floor":7.0,"turns":5.0},{"damage":7.0,"enemies":"Blue Slaver","floor":10.0,"turns":4.0},{"damage":15.0,"enemies":"3 Sentries","floor":12.0,"turns":10.0},{"damage":3.0,"enemies":"Exordium Thugs","floor":14.0,"turns":7.0},{"damage":18.0,"enemies":"The Guardian","floor":16.0,"turns":11.0},{"damage":6,"enemies":"Chosen","floor":18,"turns":5},{"damage":11,"enemies":"3 Byrds","floor":19,"turns":10},{"damage":41,"enemies":"Snecko","floor":20,"turns":8},{"damage":10,"enemies":"Snake Plant","floor":22,"turns":8},{"damage":51,"enemies":"3 Cultists","floor":24,"turns":7}],"seed_played":"4079118411652421674","potions_obtained":[{"floor":2.0,"key":"Strength Potion"},{"floor":5.0,"key":"Fire Potion"},{"floor":7.0,"key":"GamblersBrew"},{"floor":16.0,"key":"SpeedPotion"}],"is_trial":false,"path_per_floor":["M","M","M","M","M","R","M","R","T","M","R","E","$","M","R","B",null,"M","M","M","?","M","R","M"],"character_chosen":"IRONCLAD","items_purchased":["Rampage","Body Slam"],"campfire_rested":1,"item_purchase_floors":[13,13],"current_hp_per_floor":[80,80,80,80,80,80,74,74,74,73,73,64,64,67,67,55,80,80,75,40,34,35,74,23,23],"gold":283,"neow_bonus":"REMOVE_CARD","is_daily":false,"chose_seed":false,"campfire_upgraded":4,"win_rate":0.0,"timestamp":1610647362,"path_taken":["M","M","M","M","M","R","M","R","T","M","R","E","$","M","R","BOSS","M","M","M","?","?","R","M"],"items_purchased_type":["Card","Card"],"build_version":"2020-12-22","purchased_purges":1,"victory":false,"max_hp_per_floor":[80,80,80,80,80,80,80,80,80,80,80,80,80,80,80,80,80,80,80,80,80,80,80,80,80],"card_choices":[{"not_picked":["Cleave","Iron Wave"],"picked":"Rupture","floor":1.0},{"not_picked":["Shrug It Off","Pommel Strike"],"picked":"Second Wind","floor":2.0},{"not_picked":["Clothesline","Heavy Blade"],"picked":"Armaments","floor":3.0},{"not_picked":["Juggernaut","Sword Boomerang"],"picked":"Shrug It Off","floor":4.0},{"not_picked":["Clothesline","Wild Strike"],"picked":"Body Slam","floor":5.0},{"not_picked":["Clothesline","Clash","Thunderclap"],"picked":"SKIP","floor":7.0},{"not_picked":["Anger","True Grit"],"picked":"Impervious","floor":10.0},{"not_picked":["Wild Strike","Inflame"],"picked":"Shrug It Off","floor":12.0},{"not_picked":["Whirlwind","Warcry"],"picked":"Disarm","floor":14.0},{"not_picked":["Brutality","Demon Form"],"picked":"Offering","floor":16.0},{"not_picked":["Twin Strike+1","Pummel"],"picked":"Rage+1","floor":18},{"not_picked":["Uppercut+1","Dropkick"],"picked":"Metallicize","floor":19},{"not_picked":["Sever Soul","Sword Boomerang","Wild Strike+1"],"picked":"SKIP","floor":20},{"not_picked":["Iron Wave","Perfected Strike+1"],"picked":"Feel No Pain","floor":22}],"player_experience":638627,"relics_obtained":[{"floor":9.0,"key":"Regal Pillow"},{"floor":12.0,"key":"Toy Ornithopter"}],"event_choices":[{"damage_healed":0,"gold_gain":0,"player_choice":"","damage_taken":6,"max_hp_gain":0,"max_hp_loss":0,"event_name":"Knowing Skull","floor":21,"potions_obtained":[],"gold_loss":0,"cards_obtained":[]}],"is_beta":false,"boss_relics":[{"not_picked":["Pandora\u0027s Box","Astrolabe"],"picked":"Empty Cage"}],"items_purged_floors":[13],"is_endless":false,"potions_floor_spawned":[2,5,7,10,16,18],"killed_by":"3 Cultists","ascension_level":0}}