{"host":"0cm5wy4nhuju7tij","time":1610598316,"event":{"mods":["100% Spire Juice","2.2 Compatiblity","AchievementEnabler","Aspiration","BaseMod","Better Third Choice","BetterRewards","CCEM","CapriCore","Chen","Colored Powertips","Curses Come First","Custom Start","Displayed Cursed Tome","Downfall","Energized Spire","Evolution","Filter the Spire","Fireblade Mod","Highlight Path","Jess\u0027s Bottle","Minty Spire (QoL Compilation)","Onozuka Komachi Mod","Permanent Neow","Relic Stats","Shop Mod","Spicy Shops","StSLib","The Caster","The Cursed","The Fake Hero","The Juggle","The Sage","TheFirefly","thorton"],"gold_per_floor":[114,140,159,170,170,170,193,224,273,289,289,330,330,330,330,330,330],"floor_reached":16,"language":"ENG","playtime":892,"items_purged":[],"score":110,"play_id":"f16d0158-7e0a-4bc1-9746-0e637b578a68","local_time":"20210113232516","is_ascension_mode":false,"campfire_choices":[{"data":"jugglermod: SwitchFeet","floor":6,"key":"SMITH"},{"data":"jugglermod: SolarForm","floor":11,"key":"SMITH"},{"floor":13,"key":"REST"},{"data":"jugglermod: GravityWell","floor":15,"key":"SMITH"}],"circlet_count":0,"master_deck":["jugglermod: HandFlip","jugglermod: HandFlip+1","jugglermod: HandFlip","jugglermod: Defend","jugglermod: Defend","jugglermod: Defend","jugglermod: Defend","jugglermod: HighThrow","jugglermod: RightHook","jugglermod: SandBlast+1","jugglermod: SwitchFeet+1","jugglermod: PocketSearch","jugglermod: SandBlast","jugglermod: BouncingBall","jugglermod: SolarForm+1","jugglermod: Faceball","jugglermod: Suspend","jugglermod: GravityWell+1"],"relics":["jugglermod: WetwareUpgrade","EVO:Axolotl","Whetstone","Golden Idol","Meat on the Bone","Dream Catcher"],"acts_visited":["Exordium"],"potions_floor_usage":[12],"damage_taken":[{"damage":1,"enemies":"Cultist","floor":1,"turns":3},{"damage":9,"enemies":"Jaw Worm","floor":3,"turns":2},{"damage":0,"enemies":"Small Slimes","floor":4,"turns":2},{"damage":10,"enemies":"Looter","floor":7,"turns":2},{"damage":12,"enemies":"3 Sentries","floor":8,"turns":6},{"damage":11,"enemies":"Large Slime","floor":10,"turns":4},{"damage":35,"enemies":"Gremlin Nob","floor":12,"turns":5},{"damage":42,"enemies":"Slime Boss","floor":16,"turns":6}],"seed_played":"466142573628751912","potions_obtained":[{"floor":0,"key":"AttackPotion"},{"floor":0,"key":"SmokeBomb"},{"floor":0,"key":"GamblersBrew"}],"is_trial":false,"path_per_floor":["M","T","M","M","?","R","M","E","T","M","R","E","R","?","R","B"],"character_chosen":"THE_JUGGLER","items_purchased":[],"campfire_rested":1,"item_purchase_floors":[],"current_hp_per_floor":[74,74,65,65,65,65,55,43,43,44,44,21,41,41,41,0,0],"gold":330,"neow_bonus":"THREE_SMALL_POTIONS","is_daily":false,"chose_seed":false,"campfire_upgraded":3,"win_rate":0.0,"timestamp":1610598316,"path_taken":["M","?","M","M","?","R","M","E","T","M","R","E","R","?","R","BOSS"],"items_purchased_type":[],"build_version":"2020-12-22","purchased_purges":0,"victory":false,"max_hp_per_floor":[75,75,75,75,69,69,69,69,69,69,69,69,69,69,69,69,69],"relic_stats":{"Dream Catcher":1,"counters":[8,30],"Golden Idol":22,"Whetstone":["jugglermod: HandFlip","jugglermod: SandBlast"],"obtain_stats":[{"Dream Catcher":12,"Golden Idol":5,"EVO:Axolotl":0,"Whetstone":2,"jugglermod: WetwareUpgrade":0,"Meat on the Bone":8},{"Dream Catcher":7,"Golden Idol":3,"EVO:Axolotl":0,"Whetstone":1,"jugglermod: WetwareUpgrade":0,"Meat on the Bone":5},{"Dream Catcher":24,"Golden Idol":7,"EVO:Axolotl":0,"Whetstone":3,"jugglermod: WetwareUpgrade":0,"Meat on the Bone":15}],"Meat on the Bone":24},"card_choices":[{"not_picked":["jugglermod: CircleSight","jugglermod: VanishingAct"],"picked":"jugglermod: SandBlast","floor":1},{"not_picked":["jugglermod: Multiplex","jugglermod: Box"],"picked":"jugglermod: SwitchFeet","floor":3},{"not_picked":["jugglermod: FindBalance","jugglermod: Butterfly"],"picked":"jugglermod: PocketSearch","floor":4},{"not_picked":["jugglermod: Toss","jugglermod: DustScreen"],"picked":"jugglermod: SandBlast","floor":7},{"not_picked":["jugglermod: BackSmack","jugglermod: FindBalance"],"picked":"jugglermod: BouncingBall","floor":8},{"not_picked":["jugglermod: AirGrab","jugglermod: HandFlip"],"picked":"jugglermod: SolarForm","floor":10},{"not_picked":["jugglermod: SwitchFeet","jugglermod: RollingBall"],"picked":"jugglermod: Faceball","floor":12},{"not_picked":["jugglermod: FindBalance","jugglermod: PocketSearch"],"picked":"jugglermod: Suspend","floor":13}],"player_experience":248465,"relics_obtained":[{"floor":2,"key":"Whetstone"},{"floor":8,"key":"Meat on the Bone"},{"floor":12,"key":"Dream Catcher"}],"event_choices":[{"damage_healed":0,"gold_gain":0,"player_choice":"Lose Max HP","damage_taken":0,"relics_obtained":["Golden Idol"],"max_hp_gain":0,"max_hp_loss":6,"event_name":"Golden Idol","floor":5,"gold_loss":0},{"damage_healed":0,"gold_gain":0,"cards_transformed":["jugglermod: Strike"],"player_choice":"Change","damage_taken":0,"max_hp_gain":0,"max_hp_loss":0,"event_name":"Living Wall","floor":14,"gold_loss":0,"cards_obtained":["jugglermod: GravityWell"]}],"is_beta":false,"boss_relics":[],"items_purged_floors":[],"is_endless":false,"potions_floor_spawned":[3,7],"killed_by":"Slime Boss","ascension_level":0}}