{"host":"pf47v7h0307523iy","time":1610646826,"event":{"mods":["BaseMod","Minty Spire (QoL Compilation)"],"gold_per_floor":[112,112,129,146,16,16,32,32,57,100,100,138,202,226,226,309,309,324,365,365,365,379,379,390,56,102,121,130,148,167,193,193,193,193],"floor_reached":33,"language":"ENG","playtime":1588,"items_purged":["Pain","Strike_G"],"score":698,"play_id":"eda8bdc0-1c6b-4807-84ed-1fc89279c637","local_time":"20210114195346","is_ascension_mode":true,"campfire_choices":[{"data":"Dash","floor":6.0,"key":"SMITH"},{"data":"Neutralize","floor":8.0,"key":"SMITH"},{"data":"Poisoned Stab","floor":11.0,"key":"SMITH"},{"floor":15.0,"key":"REST"},{"floor":23.0,"key":"REST"},{"floor":32,"key":"REST"}],"circlet_count":0,"master_deck":["AscendersBane","Strike_G","Strike_G","Strike_G","Strike_G","Defend_G","Defend_G","Defend_G","Defend_G","Defend_G","Survivor","Neutralize+1","PiercingWail","Backflip","Dash+1","Poisoned Stab+1","Dodge and Roll","Noxious Fumes","Die Die Die","Noxious Fumes+1","Leg Sweep","Backflip","RitualDagger","Dodge and Roll+1"],"relics":["Ring of the Snake","WarpedTongs","CeramicFish","Blood Vial","Odd Mushroom","Sozu","Red Mask","StrikeDummy","Centennial Puzzle","Dream Catcher"],"acts_visited":["Exordium","TheCity"],"potions_floor_usage":[],"damage_taken":[{"damage":1.0,"enemies":"2 Louse","floor":1.0,"turns":4.0},{"damage":6.0,"enemies":"Cultist","floor":3.0,"turns":4.0},{"damage":8.0,"enemies":"Small Slimes","floor":4.0,"turns":5.0},{"damage":1.0,"enemies":"3 Louse","floor":7.0,"turns":4.0},{"damage":23.0,"enemies":"3 Sentries","floor":10.0,"turns":12.0},{"damage":15.0,"enemies":"The Mushroom Lair","floor":12.0,"turns":7.0},{"damage":0.0,"enemies":"Blue Slaver","floor":14.0,"turns":4.0},{"damage":18.0,"enemies":"Hexaghost","floor":16.0,"turns":10.0},{"damage":22.0,"enemies":"Chosen","floor":18.0,"turns":8.0},{"damage":27.0,"enemies":"Masked Bandits","floor":19.0,"turns":5.0},{"damage":9.0,"enemies":"3 Byrds","floor":22.0,"turns":5.0},{"damage":12.0,"enemies":"Snake Plant","floor":24.0,"turns":4.0},{"damage":0.0,"enemies":"Sentry and Sphere","floor":27.0,"turns":5.0},{"damage":0.0,"enemies":"Centurion and Healer","floor":29.0,"turns":6.0},{"damage":1,"enemies":"Cultist and Chosen","floor":30,"turns":6},{"damage":6,"enemies":"3 Cultists","floor":31,"turns":6},{"damage":40,"enemies":"Collector","floor":33,"turns":5}],"seed_played":"8796667261093209748","potions_obtained":[{"floor":7.0,"key":"EssenceOfSteel"},{"floor":14.0,"key":"FearPotion"}],"is_trial":true,"path_per_floor":["M","?","M","M","$","R","M","R","T","E","R","?","?","M","R","B",null,"M","?","?","T","M","R","M","$","T","M","?","M","M","M","R","B"],"character_chosen":"THE_SILENT","items_purchased":["Dexterity Potion","Centennial Puzzle","Leg Sweep"],"campfire_rested":3,"item_purchase_floors":[5,25,25],"current_hp_per_floor":[58,58,52,44,44,44,43,43,43,20,20,7,7,9,28,12,53,33,8,8,8,1,20,10,10,10,12,6,8,9,5,24,0,0],"gold":193,"neow_bonus":"","is_daily":false,"chose_seed":false,"campfire_upgraded":3,"win_rate":0.0,"timestamp":1610646826,"path_taken":["M","?","M","?","$","R","M","R","T","E","R","?","?","M","R","BOSS","M","?","?","?","M","R","M","?","T","M","?","?","M","M","R","BOSS"],"items_purchased_type":["Potion","Relic","Card"],"build_version":"2020-12-22","purchased_purges":2,"victory":false,"max_hp_per_floor":[66,66,66,66,66,66,66,66,66,66,66,66,66,66,66,66,66,66,66,66,66,66,66,66,66,66,66,66,66,66,66,66,66,66],"card_choices":[{"not_picked":["Poisoned Stab","Expertise"],"picked":"PiercingWail","floor":1.0},{"not_picked":["Blade Dance","Slice"],"picked":"Backflip","floor":3.0},{"not_picked":["Underhanded Strike","Bane"],"picked":"Dash","floor":4.0},{"not_picked":["Acrobatics","Dagger Throw","Eviscerate"],"picked":"SKIP","floor":7.0},{"not_picked":["Choke","Blade Dance"],"picked":"Poisoned Stab","floor":10.0},{"not_picked":["Quick Slash","Slice"],"picked":"Dodge and Roll","floor":12.0},{"not_picked":["Poisoned Stab","Cloak And Dagger"],"picked":"Noxious Fumes","floor":14.0},{"not_picked":["Grand Finale","Envenom"],"picked":"Die Die Die","floor":16.0},{"not_picked":["Masterful Stab","Blade Dance","Setup+1"],"picked":"SKIP","floor":18.0},{"not_picked":["Catalyst","Flying Knee"],"picked":"Noxious Fumes+1","floor":19.0},{"not_picked":["Flying Knee","Outmaneuver","Dagger Spray"],"picked":"SKIP","floor":22.0},{"not_picked":["Bane","Flying Knee","Endless Agony"],"picked":"SKIP","floor":24.0},{"not_picked":["Flechettes","Dagger Spray"],"picked":"Backflip","floor":27.0},{"not_picked":["Cloak And Dagger","Blade Dance","Outmaneuver"],"picked":"SKIP","floor":29.0},{"not_picked":["Terror","Outmaneuver","Grand Finale"],"picked":"SKIP","floor":30},{"not_picked":["Tactician","Calculated Gamble"],"picked":"Dodge and Roll+1","floor":31}],"player_experience":1650684,"relics_obtained":[{"floor":9.0,"key":"CeramicFish"},{"floor":10.0,"key":"Blood Vial"},{"floor":12.0,"key":"Odd Mushroom"},{"floor":19.0,"key":"Red Mask"},{"floor":21.0,"key":"StrikeDummy"},{"floor":26.0,"key":"Dream Catcher"}],"event_choices":[{"damage_healed":0.0,"max_hp_gain":0.0,"max_hp_loss":0.0,"gold_gain":0.0,"event_name":"Accursed Blacksmith","player_choice":"Rummage","floor":2.0,"gold_loss":0.0,"damage_taken":0.0,"relics_obtained":["WarpedTongs"],"cards_obtained":["Pain"]},{"damage_healed":0.0,"max_hp_gain":0.0,"max_hp_loss":0.0,"gold_gain":0.0,"event_name":"Mushrooms","player_choice":"Fought Mushrooms","floor":12.0,"gold_loss":0.0,"damage_taken":0.0},{"damage_healed":0.0,"max_hp_gain":0.0,"max_hp_loss":0.0,"gold_gain":64.0,"event_name":"Golden Wing","player_choice":"Gained Gold","floor":13.0,"gold_loss":0.0,"damage_taken":0.0},{"damage_healed":0.0,"max_hp_gain":0.0,"max_hp_loss":0.0,"gold_gain":0.0,"event_name":"Masked Bandits","player_choice":"Fought Bandits","floor":19.0,"gold_loss":0.0,"damage_taken":0.0},{"damage_healed":0.0,"max_hp_gain":0.0,"max_hp_loss":0.0,"gold_gain":0.0,"event_name":"The Mausoleum","player_choice":"Ignored","floor":20.0,"gold_loss":0.0,"damage_taken":0.0},{"damage_healed":0.0,"max_hp_gain":0.0,"max_hp_loss":0.0,"gold_gain":0.0,"event_name":"Nest","player_choice":"Joined the Cult","floor":28.0,"gold_loss":0.0,"damage_taken":6.0,"cards_obtained":["RitualDagger"]}],"is_beta":false,"boss_relics":[{"not_picked":["Empty Cage","WristBlade"],"picked":"Sozu"}],"items_purged_floors":[5,25],"is_endless":true,"potions_floor_spawned":[7,14,16,19,27,29,31],"killed_by":"Collector","ascension_level":20}}