{"host":"wg29woj1pduqw9vg","time":1610605574,"event":{"mods":["BaseMod","Bestiary","Better Third Choice","Colored Map","Downfall","Highlight Path","Minty Spire (QoL Compilation)","Quick Restart","StSLib"],"gold_per_floor":[99,99,99,99,84,84,84,126,138,178,190,233,245,275,304,316,316,316],"floor_reached":16,"language":"ENG","playtime":843,"items_purged":[],"score":146,"play_id":"d52eec73-4e4c-43a9-993c-44643d6d5b7d","local_time":"20210113222614","is_ascension_mode":true,"campfire_choices":[{"data":"champ:Execute","floor":1,"key":"SMITH"},{"data":"champ:PerfectedStrike","floor":6,"key":"SMITH"},{"data":"champ:Duel","floor":13,"key":"SMITH"}],"circlet_count":0,"master_deck":["champ:Strike","champ:Strike","champ:Strike","champ:Strike","champ:Defend","champ:Defend","champ:Defend","champ:Defend","champ:Execute+1","champ:Taunt","champ:FaceSlap","champ:PerfectedStrike+1","champ:Duel+1","champ:GutPunch"],"relics":["champ:ChampionCrown","downfall:HeartsMalice","MawBank","HornCleat","Toxic Egg 2","Matryoshka","Potion Belt"],"acts_visited":["Exordium"],"potions_floor_usage":[12,16],"damage_taken":[{"damage":0,"enemies":"Small Slimes","floor":2,"turns":1},{"damage":0,"enemies":"Cultist","floor":3,"turns":1},{"damage":0,"enemies":"Jaw Worm","floor":4,"turns":1},{"damage":10,"enemies":"downfall:FleeingMerchant","floor":5,"turns":4},{"damage":19,"enemies":"Lagavulin","floor":8,"turns":5},{"damage":14,"enemies":"3 Sentries","floor":10,"turns":5},{"damage":5,"enemies":"Gremlin Nob","floor":12,"turns":2},{"damage":8,"enemies":"Exordium Thugs","floor":14,"turns":5},{"damage":7,"enemies":"Blue Slaver","floor":15,"turns":3},{"damage":69,"enemies":"downfall:Defect","floor":16,"turns":6}],"seed_played":"-9103332707145336264","potions_obtained":[{"floor":8,"key":"FearPotion"},{"floor":10,"key":"sneckomod:MuddlingPotion"},{"floor":14,"key":"Block Potion"}],"is_trial":false,"path_per_floor":["R","M","M","M","$","R","T","E","?","E","?","E","R","M","M","B"],"character_chosen":"THE_CHAMP","items_purchased":[],"campfire_rested":0,"item_purchase_floors":[],"current_hp_per_floor":[90,90,90,90,85,85,85,71,71,62,62,62,62,57,55,0,0,0],"gold":316,"neow_bonus":"THREE_ENEMY_KILL","is_daily":false,"chose_seed":false,"campfire_upgraded":3,"win_rate":0.0,"timestamp":1610605574,"path_taken":["R","M","M","M","$","R","T","E","?","E","?","E","R","?","M","BOSS"],"items_purchased_type":[],"build_version":"2020-12-22","purchased_purges":0,"victory":false,"max_hp_per_floor":[90,90,90,90,90,90,90,90,90,90,90,90,90,90,90,90,90,90],"card_choices":[{"not_picked":["champ:RisingSlash","champ:AdrenalArmor"],"picked":"champ:FaceSlap","floor":2},{"not_picked":["champ:GladiatorsShout","champ:Backstep","champ:FightOn"],"picked":"SKIP","floor":3},{"not_picked":["champ:AdrenalArmor","champ:FlashCut"],"picked":"champ:PerfectedStrike","floor":4},{"not_picked":["champ:EndlessRage","champ:Backstep","champ:GladiatorsShout"],"picked":"SKIP","floor":5},{"not_picked":["champ:ArenaPreparation","champ:PerfectForm"],"picked":"champ:Duel","floor":8},{"not_picked":["champ:StanceDance+1","champ:SkillfulDodge+1"],"picked":"champ:GutPunch","floor":10},{"not_picked":["champ:Haymaker","champ:RapidStrikes","champ:EnragedBash"],"picked":"SKIP","floor":12},{"not_picked":["champ:FocusedDefense+1","champ:CrookedStrike","champ:GladiatorsShout+1"],"picked":"SKIP","floor":14},{"not_picked":["champ:BerserkersShout+1","champ:SkillfulDodge+1","champ:Circumvent+1"],"picked":"SKIP","floor":15}],"player_experience":43700,"relics_obtained":[{"floor":7,"key":"MawBank"},{"floor":8,"key":"HornCleat"},{"floor":10,"key":"Toxic Egg 2"},{"floor":11,"key":"Matryoshka"},{"floor":12,"key":"Potion Belt"}],"event_choices":[{"damage_healed":0,"gold_gain":0,"player_choice":"Relic","damage_taken":0,"max_hp_gain":0,"max_hp_loss":0,"event_name":"Wheel of Change","floor":11,"gold_loss":0}],"is_beta":false,"boss_relics":[],"items_purged_floors":[],"is_endless":false,"potions_floor_spawned":[8,10,14],"killed_by":"downfall:Defect","ascension_level":1}}