{"host":"Ceyx","time":1610636991,"event":{"mods":["BaseMod","Better Match","Better Skull","Better Third Choice","BetterRewards","Conspire","Downfall","Hubris","Infinite Spire","KinomotoSakuraMod(????)","Minty Spire (QoL Compilation)","Permanent Neow","Replay The Spire","Shop Mod","StSLib","The Alterego","Waifu the Spire"],"gold_per_floor":[110,121,134,153,165,165,165,190,213,223,223,235,235,248,248,345,345,364,379,396,396,407,407,441,441,441,441,457,491,491,491,491,502,502,599,599,611,626,626,626,672,672,721,732,732,748,748,761,761,761],"floor_reached":49,"language":"ENG","playtime":4370,"items_purged":[],"score":683,"play_id":"fbc3df1a-ae18-40ae-a62e-8f3d545affa3","local_time":"20210114220951","is_ascension_mode":false,"campfire_choices":[{"data":"ClowCardTheWindy","floor":6.0,"key":"SMITH"},{"floor":11.0,"key":"REST"},{"floor":15.0,"key":"DIG"},{"data":"Forethought","floor":23.0,"key":"SMITH"},{"floor":34.0,"key":"REST"},{"data":"ClowCardTheGlow","floor":42.0,"key":"SMITH"}],"circlet_count":0,"master_deck":["SakuraCardTheErase+","ClowCardTheSword","ClowCardTheSword","ClowCardTheSword","ClowCardTheShield","ClowCardTheShield","ClowCardTheShield","SpellCardSeal","SpellCardRelease","Forethought+1","ClowCardTheIllusion","ClowCardTheFreeze","ClowCardTheWindy+1","ClowCardTheIllusion","ClowCardTheBubbles","ClowCardTheLight","ClowCardTheChange+1","ClowCardTheFreeze","ClowCardTheGlow+1","ClowCardTheDream+1","ClowCardTheIllusion","ClowCardTheIllusion+1","ClowCardTheJump+1","ClowCardTheNothing","ClowCardTheBubbles","ClowCardTheWood","ClowCardTheDash","True Grit","ClowCardTheMist+1"],"relics":["KSMOD_SealedBook","KSMOD_SealedWand","Pen Nib","Replay:Rubber Ducky","Replay:Mystery Machine","hubris:VirtuousBlindfold","KSMOD_Yue","conspire:Flyswatter","infinitespire:CheckeredPen","hubris:RunicObelisk","TheAbacus","Bag of Marbles","conspire:RoyalGoblet","Turnip","Dream Catcher","Centennial Puzzle"],"acts_visited":["Exordium","Exordium","TheBeyond"],"potions_floor_usage":[49,49],"damage_taken":[{"damage":5.0,"enemies":"Cultist","floor":1.0,"turns":4.0},{"damage":5.0,"enemies":"Small Slimes","floor":2.0,"turns":3.0},{"damage":0.0,"enemies":"Jaw Worm","floor":3.0,"turns":1.0},{"damage":26.0,"enemies":"Gremlin Gang","floor":4.0,"turns":6.0},{"damage":8.0,"enemies":"Lots of Slimes","floor":5.0,"turns":5.0},{"damage":11.0,"enemies":"Lagavulin","floor":8.0,"turns":6.0},{"damage":0.0,"enemies":"2 Fungi Beasts","floor":10.0,"turns":2.0},{"damage":12.0,"enemies":"Exordium Thugs","floor":12.0,"turns":4.0},{"damage":0.0,"enemies":"Red Slaver","floor":14.0,"turns":4.0},{"damage":0.0,"enemies":"Hexaghost","floor":16.0,"turns":6.0},{"damage":0.0,"enemies":"theJungle:GiantWrat","floor":18.0,"turns":5.0},{"damage":3.0,"enemies":"theJungle:5_Spyders","floor":19.0,"turns":4.0},{"damage":0.0,"enemies":"theJungle:2_Snecko_Cultists","floor":20.0,"turns":4.0},{"damage":18.0,"enemies":"theJungle:JungleHuntersEncounter","floor":22.0,"turns":9.0},{"damage":0.0,"enemies":"theJungle:2_Phrogs","floor":24.0,"turns":10.0},{"damage":10.0,"enemies":"theJungle:Snecko_Cultist_And_Trap","floor":28.0,"turns":4.0},{"damage":0.0,"enemies":"theJungle:Cassacara","floor":29.0,"turns":5.0},{"damage":0.0,"enemies":"theJungle:Lyon","floor":33.0,"turns":2.0},{"damage":0.0,"enemies":"theJungle:FunGuy","floor":35.0,"turns":7.0},{"damage":2.0,"enemies":"Orb Walker","floor":37.0,"turns":4.0},{"damage":0.0,"enemies":"3 Shapes","floor":38.0,"turns":5.0},{"damage":10.0,"enemies":"KSMOD_TheNothingMonster","floor":41.0,"turns":5.0},{"damage":11,"enemies":"Sphere and 2 Shapes","floor":44,"turns":6},{"damage":0,"enemies":"Writhing Mass","floor":46,"turns":3},{"damage":0,"enemies":"Maw","floor":48,"turns":1},{"damage":72,"enemies":"Giant Head","floor":49,"turns":10}],"seed_played":"-8631704870069277303","potions_obtained":[{"floor":1.0,"key":"DuplicationPotion"},{"floor":4.0,"key":"Strength Potion"},{"floor":5.0,"key":"Languid Potion"},{"floor":12.0,"key":"FearPotion"},{"floor":16.0,"key":"Dexterity Potion"},{"floor":19.0,"key":"Venom Potion"},{"floor":28.0,"key":"PowerPotion"},{"floor":35.0,"key":"Fruit Juice"},{"floor":38.0,"key":"AttackPotion"}],"is_trial":false,"path_per_floor":["M","M","M","M","M","R","?","E","T","M","R","M","?","M","R","B",null,"M","M","M","$","M","R","E","?","T","AVR","M","E","PTL","PTL","$","M","R","B",null,"M","M","?","?","?","R","T","M","T","M","?","M","E"],"character_chosen":"KINOMOTOSAKURA","items_purchased":["KSMOD_Yue"],"campfire_rested":2,"item_purchase_floors":[21],"current_hp_per_floor":[65,60,60,34,26,26,26,15,15,15,36,24,24,24,24,24,70,70,67,67,48,30,30,30,30,30,30,20,20,20,20,20,20,41,46,75,73,73,73,73,63,63,63,52,52,52,52,52,0,0],"gold":761,"neow_bonus":"RANDOM_COLORLESS","is_daily":false,"chose_seed":false,"campfire_upgraded":3,"win_rate":0.0,"timestamp":1610636991,"path_taken":["M","M","M","M","?","R","?","E","T","M","R","M","?","M","R","BOSS","M","?","M","?","M","R","E","?","T","AVR","?","E","PTL","PTL","?","M","R","BOSS","M","M","?","?","?","R","?","M","T","?","?","M","E"],"items_purchased_type":["Relic"],"build_version":"2020-12-18","purchased_purges":0,"victory":false,"max_hp_per_floor":[70,70,70,70,70,70,70,70,70,70,70,70,70,70,70,70,70,70,70,70,70,70,70,70,70,70,70,70,70,70,70,70,70,70,75,75,75,75,75,75,75,75,75,75,75,75,75,75,75,75],"card_choices":[{"not_picked":["Dark Shackles","expansioncontent:Torchfire"],"picked":"Forethought","floor":0.0},{"not_picked":["ClowCardTheWatery","ClowCardTheCloud"],"picked":"ClowCardThePower","floor":1.0},{"not_picked":["ClowCardTheArrow","ClowCardTheCloud"],"picked":"ClowCardTheIllusion","floor":2.0},{"not_picked":["ClowCardTheShot","ClowCardTheLibra","ClowCardTheArrow"],"picked":"SKIP","floor":3.0},{"not_picked":["ClowCardTheVoice","ClowCardTheLittle"],"picked":"ClowCardTheFreeze","floor":4.0},{"not_picked":["ClowCardTheChange","ClowCardTheSweet"],"picked":"ClowCardTheWindy","floor":5.0},{"not_picked":["ClowCardThePower","ClowCardTheShadow","ClowCardTheArrow"],"picked":"SKIP","floor":8.0},{"not_picked":["ClowCardTheWood","ClowCardTheFloat","ClowCardTheWindy"],"picked":"SKIP","floor":10.0},{"not_picked":["ClowCardTheLoop","ClowCardTheMist"],"picked":"ClowCardTheIllusion","floor":12.0},{"not_picked":["ClowCardTheRain","ClowCardTheWave"],"picked":"ClowCardTheBubbles","floor":14.0},{"not_picked":["ClowCardTheThunder","ClowCardTheThrough"],"picked":"ClowCardTheLight","floor":16.0},{"not_picked":["ClowCardTheMove","ClowCardTheArrow+1"],"picked":"ClowCardTheChange+1","floor":18.0},{"not_picked":["ClowCardTheChange+1","ClowCardTheFlower"],"picked":"ClowCardTheErase","floor":19.0},{"not_picked":["ClowCardTheMaze","ClowCardTheSand"],"picked":"ClowCardTheFreeze","floor":20.0},{"not_picked":["ClowCardTheLoop","ClowCardTheBig"],"picked":"ClowCardTheGlow","floor":22.0},{"not_picked":["ClowCardTheErase","ClowCardTheVoice","ClowCardTheTime"],"picked":"SKIP","floor":24.0},{"not_picked":["ClowCardTheWave+1","ClowCardTheSand+1"],"picked":"ClowCardTheDream+1","floor":28.0},{"not_picked":["ClowCardTheCloud","ClowCardTheSilent"],"picked":"ClowCardTheIllusion","floor":29.0},{"not_picked":["ClowCardThePower","ClowCardTheArrow"],"picked":"ClowCardTheIllusion+1","floor":33.0},{"not_picked":["ClowCardTheFight","ClowCardTheTime"],"picked":"ClowCardTheCreate","floor":35.0},{"not_picked":["ClowCardTheFly","ClowCardTheMove+1"],"picked":"ClowCardTheJump+1","floor":37.0},{"not_picked":["ClowCardTheWatery","ClowCardTheBubbles+1","ClowCardTheShot+1"],"picked":"SKIP","floor":38.0},{"not_picked":["ClowCardTheErase","ClowCardTheSnow+1"],"picked":"ClowCardTheBubbles","floor":41.0},{"not_picked":["ClowCardTheSand","ClowCardTheSilent+1"],"picked":"ClowCardTheWood","floor":44},{"not_picked":["ClowCardTheErase","ClowCardTheRain+1"],"picked":"ClowCardTheDash","floor":46},{"not_picked":["ClowCardTheArrow+1","ClowCardTheRain"],"picked":"ClowCardTheMist+1","floor":48}],"player_experience":558810,"relics_obtained":[{"floor":8.0,"key":"Pen Nib"},{"floor":9.0,"key":"Replay:Rubber Ducky"},{"floor":15.0,"key":"Replay:Mystery Machine"},{"floor":24.0,"key":"conspire:Flyswatter"},{"floor":26.0,"key":"infinitespire:CheckeredPen"},{"floor":29.0,"key":"Bag of Marbles"},{"floor":37.0,"key":"Turnip"},{"floor":43.0,"key":"Dream Catcher"},{"floor":45,"key":"Centennial Puzzle"}],"event_choices":[{"cards_removed":["ClowCardTheSword"],"damage_healed":0.0,"max_hp_gain":0.0,"max_hp_loss":0.0,"gold_gain":0.0,"event_name":"Purifier","player_choice":"Purged","floor":13.0,"gold_loss":0.0,"damage_taken":0.0},{"cards_removed":["ClowCardTheShield"],"damage_healed":0.0,"max_hp_gain":0.0,"max_hp_loss":0.0,"gold_gain":0.0,"event_name":"Wheel of Change","player_choice":"Card Removal","floor":25.0,"gold_loss":0.0,"damage_taken":0.0},{"damage_healed":0.0,"max_hp_gain":0.0,"max_hp_loss":0.0,"gold_gain":0.0,"event_name":"conspire:Investor","player_choice":"Leave","floor":39.0,"gold_loss":0.0,"damage_taken":0.0},{"damage_healed":0.0,"max_hp_gain":0.0,"max_hp_loss":0.0,"gold_gain":0.0,"event_name":"Tomb of Lord Red Mask","player_choice":"Ignored","floor":40.0,"gold_loss":0.0,"damage_taken":0.0},{"cards_removed":["SakuraCardThePower"],"damage_healed":0,"gold_gain":0,"player_choice":"Took Card","damage_taken":0,"max_hp_gain":0,"max_hp_loss":0,"event_name":"NoteForYourself","floor":47,"gold_loss":0,"cards_obtained":["True Grit"]}],"is_beta":true,"boss_relics":[{"not_picked":["Replay:Fungal Core","Replay:Wanted Poster"],"picked":"hubris:VirtuousBlindfold"},{"not_picked":["Kintsugi","Coffee Dripper"],"picked":"conspire:RoyalGoblet"}],"items_purged_floors":[],"is_endless":false,"potions_floor_spawned":[1,4,5,12,16,19,22,28,35,38,41],"killed_by":"Giant Head","ascension_level":0}}