{"host":"fjaupvxe7fzqrf4j","time":1610606688,"event":{"mods":["ATMod(°¢èªMod)","BaseMod","Minty Spire (QoL Compilation)","StSLib"],"gold_per_floor":[117,117,117,43,58,90,108,143,197,224,257,290,325,358,358,433,433,450,279,204,204,204,233,264,295,295,326,326,354,389,421,421,495,495,506,506,531,586,72,206,206,341,366,497,497,626,752,771,771,971,1171,1171,1171,301,533,658],"floor_reached":57,"language":"ZHS","playtime":1631,"items_purged":["Consecrate"],"score":4664,"play_id":"75ac9df7-f1a3-4ca2-a27f-100602bf2822","local_time":"20210114144448","daily_mods":["SealedDeck","Heirloom","Time Dilation","Flight","Elite Swarm"],"is_ascension_mode":true,"campfire_choices":[{"data":"AT_OneInchPunch","floor":15.0,"key":"SMITH"},{"data":"BowlingBash+1","floor":32.0,"key":"PURGE"},{"data":"FlurryOfBlows","floor":41.0,"key":"PURGE"},{"floor":49.0,"key":"RECALL"},{"data":"Wallop","floor":53,"key":"SMITH"}],"circlet_count":0,"master_deck":["AscendersBane","AT_ChampionStep+1","FearNoEvil+1","Crescendo+1","Crescendo+1","Adaptation+1","Brilliance+1","LessonLearned+1","DeusExMachina+1","Scrawl+1","InnerPeace+1","Adaptation+1","EmptyMind+1","Ragnarok+1","Scrawl+1","SpiritShield+1","Omniscience+1","Omniscience+1","Purity+1","Violence+1","InnerPeace+1","Wallop+1","TalkToTheHand+1","Master of Strategy+1","Dark Shackles+1"],"relics":["PureWater","AT_ATBox","Peace Pipe","Bottled Tornado","Akabeko","Omamori","FossilizedHelix","Prayer Wheel","Blue Candle","GoldenEye","Mummified Hand","Runic Pyramid","DollysMirror","Pen Nib","Calipers","CloakClasp","Toxic Egg 2","Necronomicon","Gremlin Horn","Oddly Smooth Stone","AT_Manta","Sozu","AT_TheCollector","AT_LudenTempest","AT_SilverBalance","OrangePellets","AT_SunfireAegis","Letter Opener","PreservedInsect","Sundial","Pear","Bronze Scales","Bag of Marbles","Chemical X","AT_MibuBalloonWealth"],"acts_visited":["Exordium","TheCity","TheBeyond","TheEnding"],"potions_floor_usage":[56],"damage_taken":[{"damage":0.0,"enemies":"2 Louse","floor":1.0,"turns":1.0},{"damage":0.0,"enemies":"Cultist","floor":5.0,"turns":2.0},{"damage":0.0,"enemies":"Lagavulin","floor":6.0,"turns":3.0},{"damage":0.0,"enemies":"Jaw Worm","floor":7.0,"turns":1.0},{"damage":0.0,"enemies":"Gremlin Nob","floor":8.0,"turns":2.0},{"damage":0.0,"enemies":"Lagavulin","floor":10.0,"turns":2.0},{"damage":0.0,"enemies":"Gremlin Nob","floor":11.0,"turns":2.0},{"damage":0.0,"enemies":"3 Sentries","floor":12.0,"turns":2.0},{"damage":0.0,"enemies":"Gremlin Nob","floor":13.0,"turns":2.0},{"damage":0.0,"enemies":"Lagavulin","floor":14.0,"turns":3.0},{"damage":16.0,"enemies":"The Guardian","floor":16.0,"turns":2.0},{"damage":11.0,"enemies":"2 Thieves","floor":18.0,"turns":2.0},{"damage":0.0,"enemies":"Slavers","floor":23.0,"turns":1.0},{"damage":0.0,"enemies":"Gremlin Leader","floor":24.0,"turns":2.0},{"damage":7.0,"enemies":"Book of Stabbing","floor":25.0,"turns":2.0},{"damage":0.0,"enemies":"Gremlin Leader","floor":27.0,"turns":1.0},{"damage":0.0,"enemies":"Book of Stabbing","floor":29.0,"turns":1.0},{"damage":0.0,"enemies":"Gremlin Leader","floor":30.0,"turns":1.0},{"damage":0.0,"enemies":"Slavers","floor":31.0,"turns":2.0},{"damage":0.0,"enemies":"Champ","floor":33.0,"turns":1.0},{"damage":0.0,"enemies":"Orb Walker","floor":35.0,"turns":1.0},{"damage":0.0,"enemies":"Mind Bloom Boss Battle","floor":37.0,"turns":1.0},{"damage":0.0,"enemies":"2 Orb Walkers","floor":38.0,"turns":1.0},{"damage":0.0,"enemies":"Nemesis","floor":40.0,"turns":1.0},{"damage":2.0,"enemies":"Reptomancer","floor":42.0,"turns":1.0},{"damage":0.0,"enemies":"Nemesis","floor":44.0,"turns":1.0},{"damage":0.0,"enemies":"Giant Head","floor":46.0,"turns":1.0},{"damage":0.0,"enemies":"Reptomancer","floor":47.0,"turns":1.0},{"damage":0.0,"enemies":"3 Darklings","floor":48.0,"turns":1.0},{"damage":0.0,"enemies":"Donu and Deca","floor":50.0,"turns":1.0},{"damage":0.0,"enemies":"Awakened One","floor":51.0,"turns":2.0},{"damage":0,"enemies":"Shield and Spear","floor":55,"turns":1},{"damage":0,"enemies":"The Heart","floor":56,"turns":4}],"seed_played":"-8146380711647483427","potions_obtained":[{"floor":6.0,"key":"Fire Potion"},{"floor":8.0,"key":"SpeedPotion"},{"floor":10.0,"key":"Block Potion"},{"floor":23.0,"key":"LiquidMemories"}],"is_trial":true,"path_per_floor":["M","$","?","$","M","E","M","E","T","E","E","E","E","E","R","B",null,"M","$","?","?","?","E","E","E","T","E","?","E","E","E","R","B",null,"M","?","?","?","$","E","R","E","T","E","?","E","E","M","R","B","B",null,"R","$","E","B",null],"character_chosen":"WATCHER","items_purchased":["Adaptation","DollysMirror","AT_SilverBalance","OrangePellets","TalkToTheHand","Bronze Scales","Bag of Marbles","Chemical X","Master of Strategy+1","Dark Shackles+1"],"campfire_rested":0,"item_purchase_floors":[4,19,39,39,54,54,54,54,54,54],"current_hp_per_floor":[61,61,68,68,68,68,68,68,68,68,68,68,68,68,68,52,64,53,53,53,53,53,53,53,46,46,46,25,25,25,25,25,25,57,57,47,47,47,47,34,34,32,32,34,34,34,44,39,39,39,39,68,68,68,39,39],"gold":658,"neow_bonus":"","is_daily":false,"chose_seed":false,"campfire_upgraded":2,"win_rate":0.0,"timestamp":1610606688,"path_taken":["M","$","?","?","?","E","?","E","T","E","E","E","E","E","R","BOSS","M","$","?","?","?","E","E","E","T","E","?","E","E","E","R","BOSS","M","?","?","?","$","E","R","E","T","E","?","E","E","?","R","BOSS","BOSS","R","$","E","BOSS"],"items_purchased_type":["Card","Relic","Relic","Relic","Card","Relic","Relic","Relic","Card","Card"],"build_version":"2020-12-22","purchased_purges":1,"victory":true,"max_hp_per_floor":[68,68,68,68,68,68,68,68,68,68,68,68,68,68,68,68,68,68,68,68,68,68,68,68,68,68,68,68,68,68,68,68,68,68,68,68,68,68,68,68,68,68,68,68,68,68,78,78,78,78,78,78,78,78,78,78],"card_choices":[{"not_picked":["FollowUp","SashWhip","Protect"],"picked":"SKIP","floor":1.0},{"not_picked":["EmptyFist","ThirdEye","AT_SoftenMuscles"],"picked":"SKIP","floor":5.0},{"not_picked":["Devotion","SpiritShield","Judgement"],"picked":"SKIP","floor":6.0},{"not_picked":["FlurryOfBlows","MentalFortress","FollowUp"],"picked":"SKIP","floor":7.0},{"not_picked":["Omniscience","AT_IrregularMenstruation","MasterReality"],"picked":"SKIP","floor":8.0},{"not_picked":["AT_MachinaRedman","AT_ChampionKick"],"picked":"Brilliance","floor":10.0},{"not_picked":["Brilliance","AT_ChampionKick","AT_IrregularMenstruation"],"picked":"SKIP","floor":11.0},{"not_picked":["Judgement","DevaForm"],"picked":"LessonLearned","floor":12.0},{"not_picked":["LessonLearned","Blasphemy"],"picked":"DeusExMachina","floor":13.0},{"not_picked":["Devotion","Wish","AT_RealColorLess"],"picked":"SKIP","floor":14.0},{"not_picked":["Establishment","LessonLearned"],"picked":"Scrawl","floor":16.0},{"not_picked":["Protect+1","JustLucky"],"picked":"InnerPeace","floor":18.0},{"not_picked":["Consecrate","Prostrate","Protect"],"picked":"SKIP","floor":18.0},{"not_picked":["Judgement","MasterReality","DevaForm"],"picked":"SKIP","floor":23.0},{"not_picked":["Establishment","Devotion"],"picked":"Ragnarok","floor":24.0},{"not_picked":["MasterReality","AT_IrregularMenstruation"],"picked":"Scrawl","floor":25.0},{"not_picked":["Brilliance","ConjureBlade+1"],"picked":"SpiritShield+1","floor":27.0},{"not_picked":["Scrawl+1","Vault+1","LessonLearned"],"picked":"SKIP","floor":29.0},{"not_picked":["Alpha+1","Blasphemy+1","Omniscience+1"],"picked":"SKIP","floor":30.0},{"not_picked":["Alpha+1","Blasphemy+1"],"picked":"Omniscience+1","floor":30.0},{"not_picked":["ConjureBlade+1","AT_RealColorLess","Scrawl+1"],"picked":"SKIP","floor":31.0},{"not_picked":["Brilliance","Vault+1"],"picked":"Omniscience+1","floor":33.0},{"not_picked":["LikeWater+1","AT_DivineConfetti+1","Crescendo+1"],"picked":"SKIP","floor":35.0},{"not_picked":["FlyingSleeves","Crescendo+1","PathToVictory+1"],"picked":"SKIP","floor":35.0},{"not_picked":["Panacea+1","Good Instincts+1"],"picked":"Purity+1","floor":36.0},{"not_picked":["Panacea+1","Dramatic Entrance"],"picked":"Violence+1","floor":36.0},{"not_picked":["FlyingSleeves+1","FollowUp"],"picked":"InnerPeace+1","floor":38.0},{"not_picked":["DeusExMachina+1","ConjureBlade+1","Wish+1"],"picked":"SKIP","floor":40.0},{"not_picked":["DeusExMachina+1","ConjureBlade+1","Wish+1"],"picked":"SKIP","floor":40.0},{"not_picked":["Alpha+1","Devotion","MasterReality"],"picked":"SKIP","floor":42.0},{"not_picked":["LessonLearned","AT_MachinaRedman+1","Judgement+1"],"picked":"SKIP","floor":44.0},{"not_picked":["Devotion","Blasphemy+1","Wish+1"],"picked":"SKIP","floor":46.0},{"not_picked":["AT_ChampionKick","Ragnarok","MasterReality"],"picked":"SKIP","floor":47.0},{"not_picked":["Evaluate+1","FearNoEvil"],"picked":"Wallop","floor":48.0},{"not_picked":["Protect+1","Conclude","Perseverance+1"],"picked":"SKIP","floor":48.0},{"not_picked":["Vault+1","Judgement+1","ConjureBlade+1"],"picked":"SKIP","floor":55}],"player_experience":430886,"relics_obtained":[{"floor":6.0,"key":"Bottled Tornado"},{"floor":8.0,"key":"Akabeko"},{"floor":9.0,"key":"Omamori"},{"floor":10.0,"key":"FossilizedHelix"},{"floor":11.0,"key":"Prayer Wheel"},{"floor":12.0,"key":"Blue Candle"},{"floor":13.0,"key":"GoldenEye"},{"floor":14.0,"key":"Mummified Hand"},{"floor":23.0,"key":"Pen Nib"},{"floor":24.0,"key":"Calipers"},{"floor":25.0,"key":"CloakClasp"},{"floor":26.0,"key":"Toxic Egg 2"},{"floor":28.0,"key":"Necronomicon"},{"floor":29.0,"key":"Gremlin Horn"},{"floor":30.0,"key":"Oddly Smooth Stone"},{"floor":31.0,"key":"AT_Manta"},{"floor":37.0,"key":"AT_TheCollector"},{"floor":38.0,"key":"AT_LudenTempest"},{"floor":40.0,"key":"AT_SunfireAegis"},{"floor":42.0,"key":"Letter Opener"},{"floor":44.0,"key":"PreservedInsect"},{"floor":46.0,"key":"Sundial"},{"floor":47.0,"key":"Pear"},{"floor":55,"key":"AT_MibuBalloonWealth"}],"event_choices":[{"cards_removed":["Conclude"],"damage_healed":7.0,"max_hp_gain":0.0,"max_hp_loss":0.0,"gold_gain":0.0,"event_name":"Bonfire Elementals","player_choice":"Offered Uncommon","floor":3.0,"gold_loss":0.0,"damage_taken":0.0},{"cards_removed":["AT_OneInchPunch"],"damage_healed":0.0,"max_hp_gain":0.0,"max_hp_loss":0.0,"gold_gain":0.0,"event_name":"Beggar","player_choice":"Gave Gold","floor":20.0,"gold_loss":75.0,"damage_taken":0.0},{"cards_removed":["ClearTheMind"],"damage_healed":0.0,"max_hp_gain":0.0,"max_hp_loss":0.0,"gold_gain":0.0,"event_name":"Back to Basics","player_choice":"Elegance","floor":21.0,"gold_loss":0.0,"damage_taken":0.0},{"damage_healed":0.0,"max_hp_gain":0.0,"max_hp_loss":0.0,"gold_gain":0.0,"event_name":"The Library","player_choice":"Read","floor":22.0,"gold_loss":0.0,"damage_taken":0.0,"cards_obtained":["EmptyMind"]},{"damage_healed":0.0,"max_hp_gain":0.0,"max_hp_loss":0.0,"gold_gain":0.0,"event_name":"Cursed Tome","player_choice":"Obtained Book","floor":28.0,"gold_loss":0.0,"damage_taken":21.0},{"damage_healed":0.0,"max_hp_gain":0.0,"max_hp_loss":0.0,"gold_gain":0.0,"event_name":"SensoryStone","player_choice":"Memory 3","floor":36.0,"gold_loss":0.0,"damage_taken":10.0},{"damage_healed":0.0,"max_hp_gain":0.0,"max_hp_loss":0.0,"gold_gain":0.0,"event_name":"MindBloom","player_choice":"Fight","floor":37.0,"gold_loss":0.0,"damage_taken":0.0},{"damage_healed":0.0,"max_hp_gain":0.0,"max_hp_loss":0.0,"gold_gain":0.0,"event_name":"Mysterious Sphere","player_choice":"Fight","floor":38.0,"gold_loss":0.0,"damage_taken":0.0},{"damage_healed":0.0,"max_hp_gain":0.0,"max_hp_loss":0.0,"gold_gain":0.0,"event_name":"The Moai Head","player_choice":"Ignored","floor":45.0,"gold_loss":0.0,"damage_taken":0.0}],"is_beta":false,"boss_relics":[{"not_picked":["Philosopher\u0027s Stone","SacredBark"],"picked":"Runic Pyramid"},{"not_picked":["Busted Crown","Velvet Choker"],"picked":"Sozu"}],"items_purged_floors":[39],"is_endless":false,"potions_floor_spawned":[6,8,10,12,18,23,31,35,37,42,47],"ascension_level":20}}