{"host":"qswkx8hggytna0kc","time":1610617839,"event":{"mods":["Aspiration","BaseMod","BetterRewards","Colored Map","Colored Powertips","Highlight Path","Hubris","Mimic Mod","Minty Spire (QoL Compilation)","MostiFishMod","Quick Restart","Replay The Spire","StSLib","SuperFastMode"],"gold_per_floor":[114,114,132,145,165,165,191,341,341,341,341,357,370,370,370,470,470,492,506,527,543,543,573,588,588,588,600,600,635,635,655,655,761,761,775,790,790,840,840,868,879,879,879,879,893,893,905,937,937,938],"floor_reached":51,"language":"ZHS","playtime":2103,"items_purged":["Strike_G","Sickly","Strike_G","Strike_G","Strike_G","Defend_G+1","Cloak And Dagger+1","Defend_G+1"],"score":1389,"play_id":"a09bf8aa-b0c4-43a8-a54d-30a149985924","local_time":"20210114175039","is_ascension_mode":true,"campfire_choices":[{"data":"Midas Touch","floor":6,"key":"SMITH"},{"data":"Thinking Ahead","floor":10,"key":"SMITH"},{"data":"MostiFishMod:VineMother","floor":15,"key":"SMITH"},{"data":"MostiFishMod:Dislodge","floor":25,"key":"SMITH"},{"data":"Tactician","floor":32,"key":"SMITH"},{"data":"MostiFishMod:SupremeArchaeology","floor":44,"key":"SMITH"},{"data":"Acrobatics","floor":49,"key":"SMITH"}],"circlet_count":0,"master_deck":["AscendersBane","MostiFishMod:KingOfFree+1","Defend_G+1","Defend_G+1","Defend_G+1","Survivor","Neutralize+1","MostiFishMod:PreservedThorns+1","Backstab+1","hubris:Sniper","Midas Touch+1","Underhanded Strike","Concentrate","Deep Breath","Thinking Ahead+1","Prepared","Distraction+1","Hidden Blade","Tactician+1","MostiFishMod:VineMother+1","MostiFishMod:Dislodge+1","ReplayTheSpireMod:Scrap Shanks+1","Acrobatics+1","Violence+1","Underhanded Strike+1","Endless Agony+1","hubris:Sniper","Panache","MostiFishMod:SupremeArchaeology+1","Die Die Die+1","Expertise","MostiFishMod:PreservedThorns+1","After Image+1","Calculated Gamble+1","Acrobatics+1","Slice+1","Sadistic Nature","Sadistic Nature","Unload+1","Prepared+1","Reflex","Slice+1","Dagger Throw+1","Impatience","Slice+1"],"relics":["Ring of the Snake","DaveBox","DiscerningMonocle","aspiration:Nostalgia","PureWater","SynthV:TestCard","Gremlin Food","Blue Doll","TimeFreeze","Bottled Flame","Sundial","Meat on the Bone","ReplayTheSpireMod:CursedCoin","HornCleat","Molten Egg 2","Replay:Bottled Eggs","BargainBundle","HereWithMe","Centennial Puzzle","Boot","MetatronsCube","Replay:Rubber Ducky","hubris:Potato","Mango","Guide Book","aspiration:HiddenCompartment","hubris:DeckOfHolding","Pantograph","Coffee Dripper","Turnip","hubris:Metronome","Replay:Ringing Soul","Orrery","Whetstone","Mercury Hourglass","Tingsha","hubris:ToyBattleship","hubris:EmptyBottle","CombinedTypeHook"],"acts_visited":["Exordium","TheCity","TheBeyond"],"potions_floor_usage":[29,29,29],"damage_taken":[{"damage":12,"enemies":"Cultist","floor":1,"turns":5},{"damage":0,"enemies":"Jaw Worm","floor":3,"turns":2},{"damage":0,"enemies":"2 Louse","floor":4,"turns":1},{"damage":3,"enemies":"Looter","floor":5,"turns":2},{"damage":14,"enemies":"Replay:BlueRogue","floor":7,"turns":2},{"damage":0,"enemies":"2 Fungi Beasts","floor":12,"turns":2},{"damage":7,"enemies":"Exordium Wildlife","floor":13,"turns":3},{"damage":11,"enemies":"Fading Forest","floor":16,"turns":11},{"damage":0,"enemies":"Chosen","floor":18,"turns":4},{"damage":3,"enemies":"2 Thieves","floor":19,"turns":2},{"damage":0,"enemies":"Cultist and Chosen","floor":20,"turns":4},{"damage":4,"enemies":"3 Cultists","floor":21,"turns":4},{"damage":16,"enemies":"Gremlin Leader","floor":23,"turns":3},{"damage":18,"enemies":"Snake Plant","floor":24,"turns":2},{"damage":0,"enemies":"Centurion and Healer","floor":27,"turns":2},{"damage":10,"enemies":"Book of Stabbing","floor":29,"turns":2},{"damage":0,"enemies":"Sentry and Sphere","floor":31,"turns":1},{"damage":0,"enemies":"Collector","floor":33,"turns":2},{"damage":0,"enemies":"3 Shapes","floor":35,"turns":2},{"damage":0,"enemies":"3 Darklings","floor":36,"turns":3},{"damage":0,"enemies":"2 Orb Walkers","floor":38,"turns":2},{"damage":0,"enemies":"Giant Head","floor":40,"turns":2},{"damage":0,"enemies":"Jaw Worm Horde","floor":41,"turns":2},{"damage":0,"enemies":"Maw","floor":45,"turns":3},{"damage":0,"enemies":"Sphere and 2 Shapes","floor":47,"turns":2},{"damage":0,"enemies":"R_Hoarder","floor":48,"turns":2},{"damage":6,"enemies":"Awakened One","floor":50,"turns":3}],"seed_played":"-8216169815140568974","potions_obtained":[{"floor":1,"key":"ColorlessPotion"},{"floor":7,"key":"FearPotion"},{"floor":29,"key":"LifebloodPotion"},{"floor":33,"key":"FairyPotion"},{"floor":35,"key":"BlessingOfTheForge"}],"is_trial":false,"path_per_floor":["M","$","M","M","M","R","E","$","T","R","$","M","M","?","R","B",null,"M","M","M","M","$","E","M","R","T","M","$","E","$","M","R","B",null,"M","M","?","?","$","E","M","?","T","R","M","$","M","E","R_BF","B",null],"character_chosen":"THE_SILENT","items_purchased":["Gremlin Food","Blue Doll","TimeFreeze","Backstab","Cloak And Dagger+1","hubris:Sniper","Midas Touch","Sundial","Meat on the Bone","ReplayTheSpireMod:CursedCoin","Deep Breath","Thinking Ahead","LiquidMemories","Molten Egg 2","Replay:Bottled Eggs","BargainBundle","Prepared","Distraction+1","AttackPotion","ColorlessPotion","Centennial Puzzle","Boot","MetatronsCube","Violence","Mango","Guide Book","hubris:DeckOfHolding","Pantograph","Panache","MostiFishMod:SupremeArchaeology","Die Die Die+1","Expertise","hubris:Metronome","Replay:Ringing Soul","Orrery","Sadistic Nature","Tingsha","hubris:ToyBattleship","hubris:EmptyBottle","Reflex","Slice+1","Dagger Throw+1","Impatience"],"campfire_rested":0,"item_purchase_floors":[2,2,2,2,2,2,2,8,8,8,8,8,8,11,11,11,11,11,11,11,22,22,22,22,28,28,30,30,30,30,30,30,39,39,39,39,46,46,46,46,46,46,46],"current_hp_per_floor":[54,54,54,55,53,53,40,40,40,40,40,41,47,47,47,47,64,66,64,66,63,63,50,36,36,36,38,17,21,21,34,34,61,78,79,80,80,81,84,89,93,93,93,93,93,96,99,99,99,93],"gold":938,"neow_bonus":"NOSTALGIA","is_daily":false,"chose_seed":false,"campfire_upgraded":7,"win_rate":0.0,"timestamp":1610617839,"path_taken":["M","$","M","M","?","R","E","$","T","R","$","M","M","?","R","BOSS","M","M","M","M","$","E","M","R","T","M","?","E","$","?","R","BOSS","M","M","?","?","$","E","M","?","T","R","M","$","M","E","R_BF","BOSS"],"items_purchased_type":["Relic","Relic","Relic","Card","Card","Card","Card","Relic","Relic","Relic","Card","Card","Potion","Relic","Relic","Relic","Card","Card","Potion","Potion","Relic","Relic","Relic","Card","Relic","Relic","Relic","Relic","Card","Card","Card","Card","Relic","Relic","Relic","Card","Relic","Relic","Relic","Card","Card","Card","Card"],"build_version":"2020-12-22","purchased_purges":8,"victory":true,"max_hp_per_floor":[70,70,70,70,70,70,70,70,70,70,70,70,70,70,70,70,70,70,70,70,70,70,70,70,70,70,70,84,84,84,84,84,84,84,84,84,84,84,87,90,93,93,93,93,93,96,99,99,99,99],"card_choices":[{"not_picked":["ReplayTheSpireMod:Exploit Weakness","Prepared"],"picked":"MostiFishMod:PreservedThorns","floor":1},{"not_picked":["Dagger Spray","MostiFishMod:FrostNova","Blade Dance","Sneak Up","Deadly Poison"],"picked":"SKIP","floor":3},{"not_picked":["MostiFishMod:PerfectParry","Poisoned Stab","Choke","Backflip","Bane"],"picked":"SKIP","floor":4},{"not_picked":["Cloak And Dagger","Poisoned Stab","Sneak Up","Deflect"],"picked":"Underhanded Strike","floor":5},{"not_picked":["Glass Knife","Acrobatics","hubris:TrickCloak","Replay:Poison Smokescreen"],"picked":"Concentrate","floor":7},{"not_picked":["MostiFishMod:PerfectParry","PiercingWail","hubris:SlightOfHand","Dodge and Roll"],"picked":"Hidden Blade","floor":12},{"not_picked":["Quick Slash+1","Cloak And Dagger","Hidden Blade","Choke+1"],"picked":"Tactician","floor":13},{"not_picked":["Die Die Die+1","Glass Knife+1","Grand Finale+1","MostiFishMod:AdrenalineArouse"],"picked":"MostiFishMod:Dislodge","floor":16},{"not_picked":["Dagger Spray+1","PiercingWail","hubris:SlightOfHand","Replay:Poison Smokescreen","Sneak Up+1"],"picked":"SKIP","floor":18},{"not_picked":["Prepared","Outmaneuver","Blade Dance+1","Blur+1"],"picked":"ReplayTheSpireMod:Scrap Shanks+1","floor":19},{"not_picked":["Bouncing Flask","Poisoned Stab+1","hubris:SlightOfHand","ReplayTheSpireMod:Scrap Shanks","ReplayTheSpireMod:The Works"],"picked":"SKIP","floor":20},{"not_picked":["MostiFishMod:PerfectParry","Deflect+1","ReplayTheSpireMod:Necrosis","Sucker Punch+1"],"picked":"Acrobatics+1","floor":21},{"not_picked":["ReplayTheSpireMod:Tripwire","Poisoned Stab+1","Hidden Blade","Outmaneuver","ReplayTheSpireMod:Necrosis"],"picked":"SKIP","floor":23},{"not_picked":["Dash+1","Bane+1","Flying Knee+1","Replay:Poison Smokescreen+1"],"picked":"Underhanded Strike+1","floor":24},{"not_picked":["Bane+1","Deadly Poison","Dodge and Roll+1","Poisoned Stab+1"],"picked":"Endless Agony+1","floor":27},{"not_picked":["Backflip+1","Sucker Punch+1","Noxious Fumes","ReplayTheSpireMod:Shiv Toss"],"picked":"hubris:Sniper","floor":29},{"not_picked":["Blade Dance+1","MostiFishMod:Listen","Sucker Punch+1","Prepared"],"picked":"MostiFishMod:PreservedThorns+1","floor":31},{"not_picked":["Storm of Steel","Glass Knife+1","MostiFishMod:Wind","Bullet Time"],"picked":"After Image","floor":33},{"not_picked":["Leg Sweep+1","Blade Dance+1","Outmaneuver","Hidden Blade","Poisoned Stab+1"],"picked":"SKIP","floor":35},{"not_picked":["Flying Knee+1","Fluid Movement+1","Leg Sweep+1","Flechettes+1","Deadly Poison+1"],"picked":"SKIP","floor":36},{"not_picked":["Hidden Blade","Flechettes+1","MostiFishMod:PerfectParry","ReplayTheSpireMod:Tripwire"],"picked":"Calculated Gamble+1","floor":39},{"not_picked":["MostiFishMod:FrostNova+1","Dodge and Roll+1","Backstab+1","ReplayTheSpireMod:Scrap Shanks+1"],"picked":"Acrobatics","floor":39},{"not_picked":["Replay:Poison Smokescreen+1","Blade Dance","Bane+1","Sucker Punch+1"],"picked":"Slice+1","floor":39},{"not_picked":["ReplayTheSpireMod:Speed Training+1","Slice+1","hubris:Sniper+1","MostiFishMod:FrostNova+1"],"picked":"Unload+1","floor":40},{"not_picked":["Finisher+1","Dagger Spray+1","Flying Knee+1","Blade Dance+1"],"picked":"Prepared+1","floor":41},{"not_picked":["Outmaneuver+1","Leg Sweep","Setup","Heel Hook+1","Cloak And Dagger"],"picked":"SKIP","floor":45},{"not_picked":["Underhanded Strike+1","Outmaneuver","Predator+1","Sucker Punch+1"],"picked":"Slice+1","floor":47},{"not_picked":["Distraction","Quick Slash+1","ReplayTheSpireMod:Speed Training","Deadly Poison","ReplayTheSpireMod:Necrosis"],"picked":"SKIP","floor":48}],"player_experience":306124,"relics_obtained":[{"floor":1,"key":"SynthV:TestCard"},{"floor":7,"key":"Bottled Flame"},{"floor":9,"key":"HornCleat"},{"floor":23,"key":"Replay:Rubber Ducky"},{"floor":26,"key":"hubris:Potato"},{"floor":29,"key":"aspiration:HiddenCompartment"},{"floor":38,"key":"Turnip"},{"floor":40,"key":"Whetstone"},{"floor":43,"key":"Mercury Hourglass"},{"floor":48,"key":"CombinedTypeHook"}],"event_choices":[{"damage_healed":0,"gold_gain":0,"cards_transformed":["Strike_G"],"player_choice":"Transformed","damage_taken":0,"max_hp_gain":0,"max_hp_loss":0,"event_name":"Transmorgrifier","floor":14,"gold_loss":0,"cards_obtained":["MostiFishMod:VineMother"]},{"damage_healed":0,"gold_gain":0,"player_choice":"Fight","damage_taken":0,"max_hp_gain":0,"max_hp_loss":0,"event_name":"Mysterious Sphere","floor":38,"gold_loss":0},{"cards_removed":["Panache"],"damage_healed":0,"gold_gain":0,"player_choice":"Removed Power","damage_taken":0,"max_hp_gain":0,"max_hp_loss":0,"event_name":"Falling","floor":42,"gold_loss":0}],"is_beta":false,"boss_relics":[{"not_picked":["Black Star","Snecko Eye"],"picked":"HereWithMe"},{"not_picked":["Tiny House","RhineFirstAidKit"],"picked":"Coffee Dripper"}],"items_purged_floors":[2,8,11,22,28,30,39,46],"is_endless":false,"potions_floor_spawned":[1,7,13,19,21,24,29,33,35,38,40],"ascension_level":10}}