{"host":"mai03x2ekbjy4059","time":1610653858,"event":{"mods":["2.2 Compatiblity","BaseMod","DeckTracker","Highlight Path","Keyboard Shortcuts","Minty Spire (QoL Compilation)","Permanent Neow","Quick Restart","SuperFastMode","everything is the same but u backflip on backflip"],"gold_per_floor":[112,112,112,112,127,127,167,188,188,222,20,20,54,78,78,202,202,221,221,246,171,171,171,182,213,239,257,257,284,7,36,36,140,140,160,170,180,80,99,128,128,155,155,155,10,41,41,55,55,55,55,55,9,35,35],"floor_reached":56,"language":"KOR","playtime":2056,"items_purged":["Defend_G","Decay"],"score":1467,"play_id":"7f2a629b-212c-4824-a616-012ceb818c1f","local_time":"20210115045058","is_ascension_mode":true,"campfire_choices":[{"data":"Neutralize","floor":6.0,"key":"SMITH"},{"data":"Envenom","floor":12.0,"key":"SMITH"},{"data":"Masterful Stab","floor":15.0,"key":"SMITH"},{"data":"Slice","floor":23.0,"key":"SMITH"},{"data":"Accuracy","floor":32.0,"key":"SMITH"},{"data":"After Image","floor":41.0,"key":"SMITH"},{"data":"Footwork","floor":44.0,"key":"SMITH"},{"floor":49,"key":"RECALL"},{"data":"Defend_G","floor":52,"key":"SMITH"}],"circlet_count":0,"master_deck":["Defend_G+1","Defend_G+1","Defend_G","Defend_G+1","Survivor+1","Neutralize+1","Masterful Stab+1","Trip+1","Doppelganger+1","Blade Dance+1","Dodge and Roll+1","PiercingWail+1","Envenom+1","Slice+1","Deflect+1","Escape Plan+1","Riddle With Holes+1","Poisoned Stab+1","Tools of the Trade+1","Escape Plan+1","Backflip+1","Accuracy+1","Footwork+1","Cloak And Dagger+1","Cloak And Dagger+1","After Image+1","Deflect+1","Cloak And Dagger+1","Blade Dance+1","Impatience+1","Dodge and Roll+1","Blur+1","Backflip+1","Blur+1"],"relics":["Ring of the Snake","Toxic Egg 2","Bloody Idol","Akabeko","Pear","StoneCalendar","Astrolabe","Bird Faced Urn","Boot","Art of War","Kunai","Meat on the Bone","Black Star","White Beast Statue","Whetstone","Ancient Tea Set","FossilizedHelix","Lizard Tail","Juzu Bracelet","Bottled Lightning","StrikeDummy","War Paint"],"acts_visited":["Exordium","TheCity","TheBeyond","TheEnding"],"potions_floor_usage":[55,55,55],"damage_taken":[{"damage":0.0,"enemies":"Small Slimes","floor":1.0,"turns":3.0},{"damage":0.0,"enemies":"2 Louse","floor":5.0,"turns":2.0},{"damage":13.0,"enemies":"Lagavulin","floor":7.0,"turns":3.0},{"damage":0.0,"enemies":"Cultist","floor":8.0,"turns":2.0},{"damage":1.0,"enemies":"Gremlin Nob","floor":10.0,"turns":3.0},{"damage":7.0,"enemies":"3 Sentries","floor":13.0,"turns":5.0},{"damage":0.0,"enemies":"Looter","floor":14.0,"turns":1.0},{"damage":0.0,"enemies":"Hexaghost","floor":16.0,"turns":7.0},{"damage":0.0,"enemies":"Spheric Guardian","floor":18.0,"turns":3.0},{"damage":0.0,"enemies":"3 Byrds","floor":20.0,"turns":3.0},{"damage":0.0,"enemies":"Shelled Parasite and Fungi","floor":24.0,"turns":2.0},{"damage":13.0,"enemies":"Slavers","floor":25.0,"turns":6.0},{"damage":0.0,"enemies":"Snake Plant","floor":27.0,"turns":3.0},{"damage":22.0,"enemies":"Book of Stabbing","floor":29.0,"turns":5.0},{"damage":2.0,"enemies":"Gremlin Leader","floor":31.0,"turns":6.0},{"damage":22.0,"enemies":"Collector","floor":33.0,"turns":8.0},{"damage":0.0,"enemies":"3 Shapes","floor":35.0,"turns":4.0},{"damage":21.0,"enemies":"3 Darklings","floor":36.0,"turns":7.0},{"damage":11.0,"enemies":"Transient","floor":37.0,"turns":5.0},{"damage":0.0,"enemies":"Maw","floor":39.0,"turns":7.0},{"damage":20.0,"enemies":"Nemesis","floor":40.0,"turns":5.0},{"damage":0.0,"enemies":"Reptomancer","floor":42.0,"turns":7.0},{"damage":0,"enemies":"Giant Head","floor":46,"turns":6},{"damage":0,"enemies":"Spire Growth","floor":48,"turns":4},{"damage":40,"enemies":"Time Eater","floor":50,"turns":15},{"damage":0,"enemies":"Shield and Spear","floor":54,"turns":7},{"damage":72,"enemies":"The Heart","floor":55,"turns":14}],"seed_played":"3593411627701262026","potions_obtained":[{"floor":1.0,"key":"Fire Potion"},{"floor":10.0,"key":"Ancient Potion"},{"floor":13.0,"key":"ColorlessPotion"},{"floor":24.0,"key":"FairyPotion"},{"floor":29.0,"key":"Fruit Juice"},{"floor":31.0,"key":"SkillPotion"},{"floor":46,"key":"PowerPotion"},{"floor":54,"key":"Weak Potion"}],"is_trial":false,"path_per_floor":["M","?","?","?","M","R","E","M","T","E","$","R","E","M","R","B",null,"M","?","M","?","?","R","M","E","T","M","?","E","$","E","R","B",null,"M","M","M","$","M","E","R","E","T","R","$","E","?","M","R","B",null,"R","$","E","B",null],"character_chosen":"THE_SILENT","items_purchased":["Envenom","Slice","Kunai","Cloak And Dagger+1","Blade Dance+1","Impatience+1","Backflip+1"],"campfire_rested":0,"item_purchase_floors":[11,11,30,30,45,45,53],"current_hp_per_floor":[49,37,37,37,37,37,24,24,24,33,33,33,26,26,26,26,75,75,75,75,75,75,75,75,67,72,75,75,67,67,78,78,67,80,80,72,76,76,80,67,67,80,80,80,80,80,80,80,80,52,80,80,80,80,22],"gold":35,"neow_bonus":"TRANSFORM_TWO_CARDS","is_daily":false,"chose_seed":false,"campfire_upgraded":8,"win_rate":0.0,"timestamp":1610653858,"path_taken":["M","?","?","?","?","R","E","M","T","E","$","R","E","M","R","BOSS","M","?","M","?","?","R","M","E","T","M","?","E","$","E","R","BOSS","M","M","M","$","?","E","R","E","T","R","$","E","?","M","R","BOSS","R","$","E","BOSS"],"items_purchased_type":["Card","Card","Relic","Card","Card","Card","Card"],"build_version":"2020-12-22","purchased_purges":2,"victory":true,"max_hp_per_floor":[70,70,65,65,65,65,65,65,65,75,75,75,75,75,75,75,75,75,75,75,75,75,75,75,75,75,75,75,80,80,80,80,80,80,80,80,80,80,80,80,80,80,80,80,80,80,80,80,80,80,80,80,80,80,80],"card_choices":[{"not_picked":["Bouncing Flask","Slice","Prepared"],"picked":"SKIP","floor":1.0},{"not_picked":["Concentrate+1","Prepared+1"],"picked":"Blade Dance+1","floor":5.0},{"not_picked":["Well Laid Plans","Underhanded Strike","Quick Slash"],"picked":"SKIP","floor":7.0},{"not_picked":["Dagger Throw","Prepared+1"],"picked":"Dodge and Roll+1","floor":8.0},{"not_picked":["Dash","Eviscerate"],"picked":"PiercingWail+1","floor":10.0},{"not_picked":["Flying Knee","Outmaneuver+1"],"picked":"Deflect+1","floor":13.0},{"not_picked":["Acrobatics+1","Outmaneuver+1"],"picked":"Escape Plan+1","floor":14.0},{"not_picked":["Poisoned Stab+1","Prepared+1"],"picked":"Escape Plan+1","floor":18.0},{"not_picked":["Tactician+1","Slice"],"picked":"Backflip+1","floor":20.0},{"not_picked":["Predator+1","Prepared+1","Endless Agony"],"picked":"SKIP","floor":24.0},{"not_picked":["Reflex+1","PiercingWail+1","Endless Agony"],"picked":"SKIP","floor":25.0},{"not_picked":["Outmaneuver+1","Poisoned Stab"],"picked":"Accuracy","floor":27.0},{"not_picked":["Eviscerate","Underhanded Strike"],"picked":"Footwork","floor":29.0},{"not_picked":["Dodge and Roll+1","Escape Plan+1"],"picked":"Cloak And Dagger+1","floor":31.0},{"not_picked":["Die Die Die","Venomology+1"],"picked":"After Image","floor":33.0},{"not_picked":["Dagger Spray","Slice","Bouncing Flask+1"],"picked":"SKIP","floor":35.0},{"not_picked":["PiercingWail+1","Dagger Spray"],"picked":"Deflect+1","floor":36.0},{"not_picked":["Prepared+1","Sucker Punch+1","Heel Hook+1"],"picked":"SKIP","floor":37.0},{"not_picked":["Concentrate+1","Dagger Spray+1","Night Terror+1"],"picked":"SKIP","floor":39.0},{"not_picked":["Setup+1","Bane"],"picked":"Cloak And Dagger+1","floor":40.0},{"not_picked":["Slice","Bouncing Flask+1","Outmaneuver+1"],"picked":"SKIP","floor":42.0},{"not_picked":["Acrobatics+1","Catalyst+1"],"picked":"Dodge and Roll+1","floor":46},{"not_picked":["PiercingWail+1","Deflect+1"],"picked":"Blur+1","floor":48},{"not_picked":["Acrobatics+1","Reflex+1"],"picked":"Blur+1","floor":54}],"player_experience":994582,"relics_obtained":[{"floor":7.0,"key":"Akabeko"},{"floor":10.0,"key":"Pear"},{"floor":13.0,"key":"StoneCalendar"},{"floor":25.0,"key":"Bird Faced Urn"},{"floor":26.0,"key":"Boot"},{"floor":29.0,"key":"Art of War"},{"floor":31.0,"key":"Meat on the Bone"},{"floor":40.0,"key":"White Beast Statue"},{"floor":40.0,"key":"Whetstone"},{"floor":42.0,"key":"Ancient Tea Set"},{"floor":42.0,"key":"FossilizedHelix"},{"floor":43.0,"key":"Lizard Tail"},{"floor":46,"key":"Juzu Bracelet"},{"floor":46,"key":"Bottled Lightning"},{"floor":54,"key":"StrikeDummy"},{"floor":54,"key":"War Paint"}],"event_choices":[{"damage_healed":0.0,"max_hp_gain":0.0,"max_hp_loss":0.0,"gold_gain":0.0,"event_name":"Scrap Ooze","player_choice":"Success","floor":2.0,"gold_loss":0.0,"damage_taken":12.0,"relics_obtained":["Toxic Egg 2"]},{"damage_healed":0.0,"max_hp_gain":0.0,"max_hp_loss":5.0,"gold_gain":0.0,"event_name":"Golden Idol","player_choice":"Lose Max HP","floor":3.0,"gold_loss":0.0,"damage_taken":0.0,"relics_obtained":["Golden Idol"]},{"damage_healed":0.0,"max_hp_gain":0.0,"max_hp_loss":0.0,"gold_gain":0.0,"event_name":"Match and Keep!","player_choice":"2 cards matched","floor":4.0,"gold_loss":0.0,"damage_taken":0.0,"cards_obtained":["Trip","Doppelganger"]},{"damage_healed":0.0,"max_hp_gain":0.0,"max_hp_loss":0.0,"gold_gain":0.0,"event_name":"Cursed Tome","player_choice":"Ignored","floor":19.0,"gold_loss":0.0,"damage_taken":0.0},{"cards_removed":["Bouncing Flask"],"damage_healed":0.0,"max_hp_gain":0.0,"max_hp_loss":0.0,"gold_gain":0.0,"event_name":"Beggar","player_choice":"Gave Gold","floor":21.0,"gold_loss":75.0,"damage_taken":0.0},{"damage_healed":0.0,"max_hp_gain":0.0,"max_hp_loss":0.0,"gold_gain":0.0,"event_name":"Forgotten Altar","player_choice":"Gave Idol","floor":22.0,"relics_lost":["Golden Idol"],"gold_loss":0.0,"damage_taken":0.0,"relics_obtained":["Bloody Idol"]},{"damage_healed":0.0,"max_hp_gain":0.0,"max_hp_loss":0.0,"gold_gain":0.0,"event_name":"Wheel of Change","player_choice":"Cursed","floor":28.0,"gold_loss":0.0,"damage_taken":0.0,"cards_obtained":["Decay"]},{"damage_healed":0,"gold_gain":0,"player_choice":"Upgraded","damage_taken":0,"max_hp_gain":0,"max_hp_loss":0,"event_name":"Upgrade Shrine","floor":47,"gold_loss":0,"cards_upgraded":["Survivor"]}],"is_beta":false,"boss_relics":[{"not_picked":["Coffee Dripper","Velvet Choker"],"picked":"Astrolabe"},{"not_picked":["Busted Crown","HoveringKite"],"picked":"Black Star"}],"items_purged_floors":[11,38],"is_endless":false,"potions_floor_spawned":[1,10,13,24,29,31,35,36,40,42,46,48,54],"ascension_level":1}}