{"host":"jggt5i9rbuoqvque","time":1610590873,"event":{"mods":["BaseMod","Colored Map","Minty Spire (QoL Compilation)","StSLib"],"gold_per_floor":[115,115,134,134,150,150,182,182,254,12,32,45,58,92,92,192,192,203,214,214,214,227,227,238,238,307,307,307,325,325,337,337,337,337],"floor_reached":33,"language":"KOR","playtime":1001,"items_purged":[],"score":417,"play_id":"a3a042c4-6002-43a0-ab05-23d1bc435734","local_time":"20210114112113","is_ascension_mode":true,"campfire_choices":[{"data":"Armaments","floor":6.0,"key":"SMITH"},{"data":"Double Tap","floor":8.0,"key":"SMITH"},{"data":"Bash","floor":15.0,"key":"SMITH"},{"data":"Disarm","floor":23.0,"key":"SMITH"},{"floor":30,"key":"REST"},{"floor":32,"key":"REST"}],"circlet_count":0,"master_deck":["Strike_R","Strike_R","Strike_R","Strike_R","Strike_R","Defend_R","Defend_R","Defend_R","Defend_R","Bash+1","Armaments+1","Double Tap+1","Disarm+1","Impervious","CurseOfTheBell","Flame Barrier+1","Ghostly Armor+1","Disarm+1","Spot Weakness+1"],"relics":["Burning Blood","NeowsBlessing","Blood Vial","Mercury Hourglass","Meat on the Bone","Gremlin Horn","Tiny Chest","Calling Bell","Toxic Egg 2","Potion Belt","Lizard Tail","Enchiridion","MutagenicStrength","Letter Opener","Pocketwatch","GremlinMask"],"acts_visited":["Exordium","TheCity"],"potions_floor_usage":[],"damage_taken":[{"damage":0.0,"enemies":"Small Slimes","floor":1.0,"turns":1.0},{"damage":0.0,"enemies":"Cultist","floor":3.0,"turns":1.0},{"damage":0.0,"enemies":"2 Louse","floor":5.0,"turns":1.0},{"damage":38.0,"enemies":"Lagavulin","floor":7.0,"turns":7.0},{"damage":24.0,"enemies":"Large Slime","floor":11.0,"turns":4.0},{"damage":10.0,"enemies":"Exordium Wildlife","floor":12.0,"turns":4.0},{"damage":16.0,"enemies":"3 Louse","floor":13.0,"turns":3.0},{"damage":34.0,"enemies":"Gremlin Nob","floor":14.0,"turns":4.0},{"damage":3.0,"enemies":"The Guardian","floor":16.0,"turns":18.0},{"damage":28.0,"enemies":"3 Byrds","floor":18.0,"turns":6.0},{"damage":22.0,"enemies":"Spheric Guardian","floor":19.0,"turns":4.0},{"damage":9.0,"enemies":"Snake Plant","floor":22.0,"turns":5.0},{"damage":27.0,"enemies":"Cultist and Chosen","floor":24.0,"turns":10.0},{"damage":22,"enemies":"Centurion and Healer","floor":29,"turns":13},{"damage":15,"enemies":"Snecko","floor":31,"turns":7},{"damage":30,"enemies":"Collector","floor":33,"turns":6}],"seed_played":"2103018521090127554","potions_obtained":[{"floor":5.0,"key":"Weak Potion"},{"floor":7.0,"key":"Weak Potion"},{"floor":14.0,"key":"DuplicationPotion"},{"floor":18.0,"key":"Fruit Juice"},{"floor":22.0,"key":"ColorlessPotion"}],"is_trial":false,"path_per_floor":["M","?","M","?","M","R","E","R","T","$","M","M","M","E","R","B",null,"M","M","?","?","M","R","M","?","T","T","?","M","R","M","R","B"],"character_chosen":"IRONCLAD","items_purchased":["Gremlin Horn"],"campfire_rested":2,"item_purchase_floors":[10],"current_hp_per_floor":[78,78,80,73,80,80,48,48,48,48,44,54,58,44,44,49,72,57,55,39,23,34,34,27,27,27,27,27,25,52,57,84,56,56],"gold":337,"neow_bonus":"THREE_ENEMY_KILL","is_daily":false,"chose_seed":false,"campfire_upgraded":4,"win_rate":0.0,"timestamp":1610590873,"path_taken":["M","?","?","?","M","R","E","R","T","$","M","M","M","E","R","BOSS","M","M","?","?","M","R","M","?","T","?","?","M","R","?","R","BOSS"],"items_purchased_type":["Relic"],"build_version":"2020-12-22","purchased_purges":0,"victory":false,"max_hp_per_floor":[80,80,80,80,80,80,80,80,80,80,80,80,80,80,80,80,80,85,85,85,90,90,90,90,90,90,90,90,90,90,90,90,90,90],"card_choices":[{"not_picked":["Metallicize","Twin Strike"],"picked":"Armaments","floor":1.0},{"not_picked":["Havoc","Fire Breathing","Burning Pact"],"picked":"SKIP","floor":3.0},{"not_picked":["Sword Boomerang","Body Slam","Perfected Strike"],"picked":"SKIP","floor":5.0},{"not_picked":["Sword Boomerang","Immolate"],"picked":"Double Tap","floor":7.0},{"not_picked":["Pommel Strike","Shrug It Off","Clash"],"picked":"SKIP","floor":11.0},{"not_picked":["Dropkick","Armaments","Entrench"],"picked":"SKIP","floor":12.0},{"not_picked":["Thunderclap","Perfected Strike"],"picked":"Disarm","floor":13.0},{"not_picked":["Rage","Clash","Feel No Pain"],"picked":"SKIP","floor":14.0},{"not_picked":["Barricade","Exhume"],"picked":"Impervious","floor":16.0},{"not_picked":["Twin Strike","Clothesline"],"picked":"Flame Barrier+1","floor":18.0},{"not_picked":["True Grit+1","Headbutt"],"picked":"Ghostly Armor+1","floor":19.0},{"not_picked":["Evolve","Body Slam","Heavy Blade"],"picked":"SKIP","floor":22.0},{"not_picked":["Heavy Blade+1","Entrench+1"],"picked":"Disarm+1","floor":24.0},{"not_picked":["Berserk","Thunderclap","Infernal Blade+1"],"picked":"SKIP","floor":29},{"not_picked":["Evolve+1","Havoc+1"],"picked":"Spot Weakness+1","floor":31}],"player_experience":338700,"relics_obtained":[{"floor":7.0,"key":"Mercury Hourglass"},{"floor":9.0,"key":"Meat on the Bone"},{"floor":14.0,"key":"Tiny Chest"},{"floor":17.0,"key":"Toxic Egg 2"},{"floor":17.0,"key":"Potion Belt"},{"floor":17.0,"key":"Lizard Tail"},{"floor":20.0,"key":"Enchiridion"},{"floor":26.0,"key":"Letter Opener"},{"floor":27.0,"key":"Pocketwatch"}],"event_choices":[{"damage_healed":0.0,"max_hp_gain":0.0,"max_hp_loss":0.0,"gold_gain":0.0,"event_name":"The Woman in Blue","player_choice":"Bought 0 Potions","floor":2.0,"gold_loss":0.0,"damage_taken":0.0},{"damage_healed":0.0,"max_hp_gain":0.0,"max_hp_loss":0.0,"gold_gain":0.0,"event_name":"Scrap Ooze","player_choice":"Success","floor":4.0,"gold_loss":0.0,"damage_taken":7.0,"relics_obtained":["Blood Vial"]},{"damage_healed":0.0,"max_hp_gain":0.0,"max_hp_loss":0.0,"gold_gain":0.0,"event_name":"Cursed Tome","player_choice":"Obtained Book","floor":20.0,"gold_loss":0.0,"damage_taken":16.0},{"damage_healed":0.0,"max_hp_gain":5.0,"max_hp_loss":0.0,"gold_gain":0.0,"event_name":"Forgotten Altar","player_choice":"Shed Blood","floor":21.0,"gold_loss":0.0,"damage_taken":21.0},{"damage_healed":0.0,"max_hp_gain":0.0,"max_hp_loss":0.0,"gold_gain":0.0,"event_name":"Drug Dealer","player_choice":"Inject Mutagens","floor":25.0,"gold_loss":0.0,"damage_taken":0.0,"relics_obtained":["MutagenicStrength"]},{"damage_healed":0.0,"max_hp_gain":0.0,"max_hp_loss":0.0,"gold_gain":0.0,"event_name":"FaceTrader","player_choice":"Trade","floor":28.0,"gold_loss":0.0,"damage_taken":0.0,"relics_obtained":["GremlinMask"]}],"is_beta":false,"boss_relics":[{"not_picked":["Runic Pyramid","Velvet Choker"],"picked":"Calling Bell"}],"items_purged_floors":[],"is_endless":false,"potions_floor_spawned":[5,7,14,18,22],"killed_by":"Collector","ascension_level":7}}