{"host":"27tk4xseidcli2mr","time":1610651075,"event":{"mods":["2.2 Compatiblity","AchievementEnabler","Aspiration","BaseMod","Better Third Choice","Conspire","Custom Start","Downfall","Hubris","Infinite Spire","Jorbs\u0027s Wanderer Trilogy","Minty Spire (QoL Compilation)","Replay The Spire","StSLib","SuperFastMode","[IsaacMod]????"],"gold_per_floor":[0,13,32,32,32,42,87,115,115,142,142,152,152,152,167,267,267,267,279,279,279,279,291,291,291,317,351,62,62,62,87,101,205,205,205,222,241,261,261,291,338,373,30,30,21,21,46,46,111,182],"floor_reached":51,"language":"ENG","playtime":3369,"items_purged":["Guardian:Strike_Guardian","Guardian:Strike_Guardian","Guardian:Defend_Guardian"],"score":1789,"play_id":"78fbad7a-d15d-48f2-85ad-dad5fef597f6","local_time":"20210114200435","is_ascension_mode":true,"campfire_choices":[{"data":"Guardian:TwinSlam","floor":1.0,"key":"SMITH"},{"data":"Guardian:WalkerClaw","floor":9.0,"key":"SMITH"},{"data":"Guardian:Strike_Guardian","floor":18.0,"key":"PURGE"},{"data":"Guardian:ConstructionForm","floor":29.0,"key":"SMITH"},{"data":"Guardian:RefractedBeam","floor":29.0,"key":"SMITH"},{"data":"Guardian:ExploitGems","floor":35.0,"key":"SMITH"},{"data":"Guardian:PrismaticBeam","floor":35.0,"key":"SMITH"},{"data":"Footwork","floor":44.0,"key":"SMITH"},{"data":"Guardian:RefractedBeam+1","floor":46.0,"key":"SMITH"}],"circlet_count":0,"master_deck":["Guardian:TwinSlam+1","Guardian:TemporalStrike","Guardian:TimeCapacitor","Guardian:WalkerClaw+1","Guardian:BronzeOrb","Guardian:RevengeProtocol+1","Guardian:Planning","Guardian:FierceBash","Guardian:ConstructionForm+1","Guardian:Harden+1","Consecrate","Footwork+1","Guardian:CrystalBeam+1","Guardian:ArmoredProtocol","Guardian:RefractedBeam+2","Guardian:PrismaticBeam+1","Guardian:ExploitGems+1","Guardian:Suspension","Guardian:Harden+1","Guardian:PiercingHide","Pot Of Greed","Guardian:Recover+1","Guardian:BaubleBeam"],"relics":["HushsDoor","D4","Ring of the Snake","conspire:Boomerang","Replay:PocketPolymizer","Damocles","Leech","infinitespire:Bottled Soul","hubris:CrystalStatue","infinitespire:CheckeredPen","conspire:DeflatedDodgeball","TheBean","ReplayTheSpireMod:TigerMarble","infinitespire:Beetle Shell","Akabeko","Pen Nib","Replay:Baseball","Dream Catcher","BookOfRevelations","Replay:Wax Seal","Art of War","infinitespire:Satchel","aspiration:IroncladSkillbook","Runic Pyramid","ReplayTheSpireMod:ShopPack","RottenBaby","Succubus"],"acts_visited":["TheCity","TheBeyond"],"potions_floor_usage":[50,50,50],"damage_taken":[{"damage":1.0,"enemies":"Jaw Worm","floor":2.0,"turns":3.0},{"damage":0.0,"enemies":"conspire:RoseBush","floor":3.0,"turns":2.0},{"damage":2.0,"enemies":"conspire:RoseBush","floor":5.0,"turns":4.0},{"damage":0.0,"enemies":"Cultist","floor":6.0,"turns":4.0},{"damage":8.0,"enemies":"3 Sentries","floor":8.0,"turns":10.0},{"damage":23.0,"enemies":"Replay:BlueRogue","floor":10.0,"turns":9.0},{"damage":10.0,"enemies":"Large Slime","floor":12.0,"turns":5.0},{"damage":0.0,"enemies":"Blue Slaver","floor":15.0,"turns":2.0},{"damage":3.0,"enemies":"downfall:Defect","floor":16.0,"turns":4.0},{"damage":10.0,"enemies":"conspire:FuzzyDice","floor":19.0,"turns":6.0},{"damage":3.0,"enemies":"Snake Plant","floor":23.0,"turns":5.0},{"damage":5.0,"enemies":"Nightmare","floor":27.0,"turns":9.0},{"damage":0.0,"enemies":"downfall:FleeingMerchant","floor":28.0,"turns":4.0},{"damage":15.0,"enemies":"Book of Stabbing","floor":31.0,"turns":4.0},{"damage":13.0,"enemies":"conspire:HollyBat","floor":32.0,"turns":7.0},{"damage":29.0,"enemies":"downfall:Ironclad","floor":33.0,"turns":7.0},{"damage":10.0,"enemies":"Orb Walker","floor":36.0,"turns":3.0},{"damage":11.0,"enemies":"3 Darklings","floor":37.0,"turns":4.0},{"damage":0.0,"enemies":"Transient","floor":38.0,"turns":5.0},{"damage":32.0,"enemies":"Giant Head","floor":40.0,"turns":10.0},{"damage":8.0,"enemies":"R_Hoarder","floor":42.0,"turns":5.0},{"damage":0.0,"enemies":"downfall:FleeingMerchant","floor":43.0,"turns":4.0},{"damage":0.0,"enemies":"downfall:FleeingMerchant","floor":45.0,"turns":4.0},{"damage":0.0,"enemies":"Giant Head","floor":47.0,"turns":6.0},{"damage":15.0,"enemies":"R_Hoarder","floor":49.0,"turns":9.0},{"damage":73,"enemies":"downfall:Silent","floor":50,"turns":5}],"seed_played":"6112336713753037317","potions_obtained":[{"floor":3.0,"key":"SteroidPotion"},{"floor":8.0,"key":"Fire Potion"},{"floor":12.0,"key":"champ:CounterPotion"},{"floor":15.0,"key":"BlessingOfTheForge"},{"floor":31.0,"key":"BlessingOfTheForge"},{"floor":32.0,"key":"Dexterity Potion"},{"floor":33.0,"key":"Explosive Potion"},{"floor":37.0,"key":"EssenceOfSteel"},{"floor":40.0,"key":"infinitespire:BlackPotion"},{"floor":47.0,"key":"Weak Potion"},{"floor":50,"key":"AttackPotion"}],"is_trial":false,"path_per_floor":["R","M","M","AVR","?","M","T","E","R","E","?","M","R","T","M","B",null,"R","M","?","?","AVR","M","T","?","T","NM","$","T","?","E","?","B",null,"T","?","?","?","?","E","T","E","$","R","$","R","E","?","M","B",null],"character_chosen":"GUARDIAN","items_purchased":["Oddly Smooth Stone","Guardian:ArmoredProtocol","Guardian:RefractedBeam","Omamori","SalivaCoin","GuppysTail"],"campfire_rested":0,"item_purchase_floors":[28,28,28,43,43,45],"current_hp_per_floor":[80,79,79,79,59,59,59,51,51,28,28,18,18,18,24,27,80,80,76,76,68,68,71,71,71,71,72,93,93,93,89,93,76,95,95,94,91,95,95,69,69,67,73,73,79,79,85,85,76,11],"gold":182,"neow_bonus":"ONE_RARE_RELIC","is_daily":false,"chose_seed":false,"campfire_upgraded":8,"win_rate":0.0,"timestamp":1610651075,"path_taken":["R","M","M","AVR","?","?","T","E","R","E","?","?","R","?","M","BOSS","R","M","?","?","AVR","M","T","?","?","NM","$","T","?","E","?","BOSS","T","?","?","?","?","E","T","E","$","R","$","R","E","?","M","BOSS"],"items_purchased_type":["Relic","Card","Card","Relic","Relic","Relic"],"build_version":"2020-12-22","purchased_purges":3,"victory":true,"max_hp_per_floor":[80,80,80,80,80,80,80,80,80,80,80,80,80,80,80,80,80,80,80,80,80,80,80,80,80,80,80,95,95,95,95,95,95,95,95,95,95,95,95,95,95,95,95,95,95,95,95,95,95,95],"card_choices":[{"not_picked":["Guardian:Incinerate","Guardian:Gem_Lightblue"],"picked":"Guardian:TemporalStrike","floor":2.0},{"not_picked":["Guardian:TemporalStrike","Guardian:Suspension"],"picked":"Guardian:Gem_Blue","floor":3.0},{"not_picked":["Guardian:Incinerate","Guardian:Suspension"],"picked":"Guardian:TimeCapacitor","floor":6.0},{"not_picked":["Guardian:Gem_Yellow","Guardian:ShieldSpikes"],"picked":"Guardian:WalkerClaw","floor":8.0},{"not_picked":["Guardian:RevengeProtocol","Guardian:Gem_Green"],"picked":"Guardian:BronzeOrb","floor":10.0},{"not_picked":["Guardian:Reroute","Guardian:Gem_Red"],"picked":"Guardian:Planning","floor":12.0},{"not_picked":["Guardian:VentSteam","Guardian:Gem_Fragmented"],"picked":"Guardian:Gem_Yellow","floor":15.0},{"not_picked":["Guardian:TimeSifter","Guardian:GemFire"],"picked":"Guardian:ConstructionForm","floor":16.0},{"not_picked":["Guardian:CrystalBeam","Guardian:RefractedBeam"],"picked":"Guardian:Gem_Yellow","floor":19.0},{"not_picked":["Guardian:TemporalStrike","Guardian:Gem_Yellow"],"picked":"Guardian:Harden+1","floor":21.0},{"not_picked":["hexamod:PhantomFireball","ReplayTheSpireMod:Tripwire+1"],"picked":"Consecrate","floor":23.0},{"not_picked":["Guardian:TimeBomb+1","Beam Cell"],"picked":"Footwork","floor":27.0},{"not_picked":["stsjorbsmod:Channel","champ:GutPunch"],"picked":"Guardian:CrystalBeam+1","floor":28.0},{"not_picked":["Guardian:Gem_Cyan","Guardian:CrystalBeam","Guardian:RefractedBeam"],"picked":"SKIP","floor":31.0},{"not_picked":["Guardian:FloatingOrbs","Guardian:Gem_Fragmented"],"picked":"Guardian:PrismaticBeam","floor":32.0},{"not_picked":["Guardian:AncientConstruct","Guardian:FastForward"],"picked":"Guardian:ExploitGems","floor":33.0},{"not_picked":["Guardian:Gem_Green","Guardian:Gem_Lightblue"],"picked":"Guardian:TimeCapacitor","floor":36.0},{"not_picked":["Guardian:ShieldSpikes","Guardian:Gem_Crimson"],"picked":"Guardian:Suspension","floor":37.0},{"not_picked":["Guardian:Gem_Cyan","Guardian:Gem_Green"],"picked":"Guardian:Harden+1","floor":38.0},{"not_picked":["Guardian:ArmoredProtocol","Guardian:Reroute"],"picked":"Guardian:PiercingHide","floor":40.0},{"not_picked":["Guardian:Gem_Red","Guardian:SpikerProtocol","Guardian:Suspension+1"],"picked":"SKIP","floor":42.0},{"not_picked":["Guardian:GuardianWhirl","Guardian:Preprogram+1","Guardian:ChargeCore"],"picked":"SKIP","floor":43.0},{"not_picked":["Guardian:WalkerClaw","Guardian:Gem_Cyan","Guardian:Gem_Green"],"picked":"SKIP","floor":45.0},{"not_picked":["Guardian:StasisField","Guardian:ChargeCore+1","Guardian:BronzeArmor+1"],"picked":"SKIP","floor":47.0},{"not_picked":["Guardian:ChargeCore+1","Guardian:PrimingBeam+1"],"picked":"Guardian:Recover+1","floor":49.0},{"not_picked":["Reaper","Guardian:StasisStrike","Offering"],"picked":"Guardian:BaubleBeam","floor":50}],"player_experience":1293095,"relics_obtained":[{"floor":7.0,"key":"Anchor"},{"floor":8.0,"key":"Matryoshka"},{"floor":10.0,"key":"Singing Bowl"},{"floor":14.0,"key":"aspiration:Lifesprig"},{"floor":21.0,"key":"PrismaticShard"},{"floor":24.0,"key":"Nunchaku"},{"floor":25.0,"key":"The Courier"},{"floor":26.0,"key":"Tiny Chest"},{"floor":27.0,"key":"CaptainsWheel"},{"floor":31.0,"key":"Regal Pillow"},{"floor":40.0,"key":"hubris:64BitClover"},{"floor":42.0,"key":"aspiration:TomeofQuesting"},{"floor":47.0,"key":"Bag of Marbles"},{"floor":49.0,"key":"hubris:SphereOfDissonance"}],"event_choices":[{"cards_removed":["Guardian:Defend_Guardian"],"damage_healed":0.0,"max_hp_gain":0.0,"max_hp_loss":0.0,"gold_gain":0.0,"event_name":"betterThird:BetterWriting","player_choice":"Elegance","floor":20.0,"gold_loss":0.0,"damage_taken":0.0},{"damage_healed":0.0,"max_hp_gain":0.0,"max_hp_loss":0.0,"gold_gain":0.0,"event_name":"Wheel of Change","player_choice":"Relic","floor":25.0,"gold_loss":0.0,"damage_taken":0.0},{"cards_removed":["Guardian:TimeCapacitor"],"damage_healed":0.0,"max_hp_gain":0.0,"max_hp_loss":0.0,"gold_gain":0.0,"event_name":"Bonfire Elementals","player_choice":"Offered Uncommon","floor":39.0,"gold_loss":0.0,"damage_taken":0.0}],"is_beta":false,"boss_relics":[{"not_picked":["ReplayTheSpireMod:DimensionalGlitch","Sozu"],"picked":"Fusion Hammer"},{"not_picked":[]},{"not_picked":["hubris:Stopwatch","aspiration:RitualDagger","Replay:Wanted Poster"]}],"items_purged_floors":[4,22,28],"is_endless":true,"potions_floor_spawned":[3,8,12,15,31,32,33,37,40,47,50],"ascension_level":20}}