{"host":"2hea6pl5vmah38iy","time":1610605425,"event":{"mods":["AchievementEnabler","BaseMod","Colored Map","DeckTracker","Keyboard Shortcuts","Minty Spire (QoL Compilation)","Rare Cards Sparkle","StSLib","SuperFastMode","everything is the same but u backflip on backflip"],"gold_per_floor":[115,115,265,35,48,83,8,8,57,57,88,21,50,50,50,129,129,141,194,211,111,131,159,159,179,179,179,210,10,35,46,46,119,119,130,130,130,181,181,213,213,240,313,323,348,365,365,376,376,376,376,376,1,1,1],"floor_reached":54,"language":"KOR","playtime":1986,"items_purged":["Doubt","Tantrum","WheelKick","FollowUp"],"score":1507,"play_id":"935b3dda-8765-4bb8-a814-e36577c4aaa8","local_time":"20210114152345","is_ascension_mode":true,"campfire_choices":[{"data":"Eruption","floor":8.0,"key":"SMITH"},{"data":"Ragnarok","floor":15.0,"key":"SMITH"},{"data":"Omniscience","floor":27.0,"key":"SMITH"},{"data":"Adaptation","floor":32.0,"key":"SMITH"},{"floor":41.0,"key":"RECALL"},{"floor":49.0,"key":"REST"},{"floor":52,"key":"REST"}],"circlet_count":0,"master_deck":["AscendersBane","Eruption+1","Vigilance","CrushJoints","Ragnarok+1","InnerPeace+1","SpiritShield+1","Adaptation+1","Tantrum","SandsOfTime","EmptyFist+1","Omniscience+1","Omniscience","Adaptation+1","DevaForm+1"],"relics":["PureWater","NeowsBlessing","Tiny Chest","MealTicket","Orichalcum","Pocketwatch","Art of War","Pandora\u0027s Box","Potion Belt","Pear","Frozen Egg 2","PreservedInsect","Fusion Hammer","Damaru","Pen Nib","War Paint","Kunai","Dream Catcher","Lantern","Membership Card","Incense Burner"],"acts_visited":["Exordium","TheCity","TheBeyond","TheEnding"],"potions_floor_usage":[50],"damage_taken":[{"damage":0.0,"enemies":"Small Slimes","floor":1.0,"turns":1.0},{"damage":0.0,"enemies":"2 Louse","floor":5.0,"turns":1.0},{"damage":0.0,"enemies":"3 Sentries","floor":6.0,"turns":1.0},{"damage":13.0,"enemies":"Lagavulin","floor":11.0,"turns":3.0},{"damage":0.0,"enemies":"3 Sentries","floor":13.0,"turns":2.0},{"damage":13.0,"enemies":"The Guardian","floor":16.0,"turns":5.0},{"damage":0.0,"enemies":"Spheric Guardian","floor":18.0,"turns":1.0},{"damage":30.0,"enemies":"2 Thieves","floor":20.0,"turns":3.0},{"damage":4.0,"enemies":"Cultist and Chosen","floor":22.0,"turns":3.0},{"damage":13.0,"enemies":"Book of Stabbing","floor":23.0,"turns":3.0},{"damage":14.0,"enemies":"Sentry and Sphere","floor":25.0,"turns":3.0},{"damage":0.0,"enemies":"Gremlin Leader","floor":28.0,"turns":1.0},{"damage":0.0,"enemies":"Snake Plant","floor":31.0,"turns":1.0},{"damage":12.0,"enemies":"Champ","floor":33.0,"turns":3.0},{"damage":0.0,"enemies":"Orb Walker","floor":35.0,"turns":1.0},{"damage":0.0,"enemies":"Reptomancer","floor":40.0,"turns":1.0},{"damage":20.0,"enemies":"3 Shapes","floor":44.0,"turns":1.0},{"damage":16.0,"enemies":"Giant Head","floor":45.0,"turns":3.0},{"damage":0.0,"enemies":"3 Darklings","floor":46.0,"turns":3.0},{"damage":0.0,"enemies":"Maw","floor":48.0,"turns":2.0},{"damage":12,"enemies":"Donu and Deca","floor":50,"turns":5},{"damage":67,"enemies":"Shield and Spear","floor":54,"turns":4}],"seed_played":"-9065399034632353657","potions_obtained":[{"floor":1.0,"key":"SkillPotion"},{"floor":6.0,"key":"StancePotion"},{"floor":11.0,"key":"BlessingOfTheForge"},{"floor":20.0,"key":"EssenceOfSteel"},{"floor":25.0,"key":"FearPotion"},{"floor":31.0,"key":"Block Potion"},{"floor":35.0,"key":"EssenceOfSteel"},{"floor":44.0,"key":"PowerPotion"}],"is_trial":false,"path_per_floor":["M","?","?","$","M","E","?","R","T","$","E","$","E","?","R","B",null,"M","T","M","$","M","E","?","M","T","R","E","$","T","M","R","B",null,"M","?","?","T","?","E","R","T","T","M","E","M","T","M","R","B",null,"R","$","E"],"character_chosen":"WATCHER","items_purchased":["Tiny Chest","InnerPeace","Adaptation+1","Membership Card","Incense Burner"],"campfire_rested":2,"item_purchase_floors":[4,12,29,53,53],"current_hp_per_floor":[61,61,61,61,61,61,61,61,61,68,55,68,68,61,61,48,63,63,63,33,48,44,41,41,27,27,27,27,42,42,42,42,30,66,66,66,66,66,66,66,66,66,66,46,30,30,30,30,52,40,66,74,74,7,7],"gold":1,"neow_bonus":"THREE_ENEMY_KILL","is_daily":false,"chose_seed":false,"campfire_upgraded":4,"win_rate":0.0,"timestamp":1610605425,"path_taken":["M","?","?","$","M","E","?","R","T","?","E","$","E","?","R","BOSS","M","?","M","?","?","E","?","M","T","R","E","$","?","?","R","BOSS","M","?","?","?","?","E","R","?","T","M","E","?","?","M","R","BOSS","R","$","E"],"items_purchased_type":["Relic","Card","Card","Relic","Relic"],"build_version":"2020-12-22","purchased_purges":4,"victory":false,"max_hp_per_floor":[68,68,68,68,68,68,68,68,68,68,68,68,68,68,68,68,68,68,68,68,68,68,78,78,78,78,78,78,78,78,78,78,78,78,78,78,78,78,74,74,74,74,74,74,74,74,74,74,74,74,74,74,74,74,74],"card_choices":[{"not_picked":["Conclude","WindmillStrike","ReachHeaven"],"picked":"SKIP","floor":1.0},{"not_picked":["Pray","FlurryOfBlows"],"picked":"Tantrum","floor":5.0},{"not_picked":["FlurryOfBlows","DevaForm"],"picked":"CrushJoints","floor":6.0},{"not_picked":["FlurryOfBlows","Crescendo"],"picked":"Ragnarok","floor":11.0},{"not_picked":["Evaluate","ThirdEye","JustLucky"],"picked":"SKIP","floor":13.0},{"not_picked":["MasterReality","Establishment"],"picked":"SpiritShield","floor":16.0},{"not_picked":["Pray","Crescendo"],"picked":"EmptyFist+1","floor":18.0},{"not_picked":["Nirvana+1","LikeWater","Indignation"],"picked":"SKIP","floor":20.0},{"not_picked":["CarveReality","WindmillStrike","WaveOfTheHand"],"picked":"SKIP","floor":22.0},{"not_picked":["FollowUp","FearNoEvil"],"picked":"Omniscience","floor":23.0},{"not_picked":["TalkToTheHand","SashWhip","Vengeance"],"picked":"SKIP","floor":25.0},{"not_picked":["EmptyMind","SignatureMove","BowlingBash"],"picked":"SKIP","floor":28.0},{"not_picked":["CutThroughFate","Prostrate","Collect"],"picked":"SKIP","floor":31.0},{"not_picked":["DeusExMachina","Blasphemy"],"picked":"DevaForm+1","floor":33.0},{"not_picked":["EmptyBody","WaveOfTheHand","SashWhip+1"],"picked":"SKIP","floor":35.0},{"not_picked":["WaveOfTheHand","SandsOfTime","ThirdEye+1"],"picked":"SKIP","floor":40.0},{"not_picked":["SashWhip","ForeignInfluence+1","CutThroughFate"],"picked":"SKIP","floor":44.0},{"not_picked":["ThirdEye","SashWhip+1","LikeWater+1"],"picked":"SKIP","floor":45.0},{"not_picked":["JustLucky","EmptyBody","CutThroughFate"],"picked":"SKIP","floor":46.0},{"not_picked":["Collect","Pray","DeceiveReality"],"picked":"SKIP","floor":48.0}],"player_experience":479826,"relics_obtained":[{"floor":6.0,"key":"MealTicket"},{"floor":9.0,"key":"Orichalcum"},{"floor":11.0,"key":"Pocketwatch"},{"floor":13.0,"key":"Art of War"},{"floor":19.0,"key":"Potion Belt"},{"floor":23.0,"key":"Pear"},{"floor":28.0,"key":"Frozen Egg 2"},{"floor":30.0,"key":"PreservedInsect"},{"floor":38.0,"key":"Damaru"},{"floor":40.0,"key":"Pen Nib"},{"floor":42.0,"key":"War Paint"},{"floor":43.0,"key":"Kunai"},{"floor":45.0,"key":"Dream Catcher"},{"floor":47.0,"key":"Lantern"}],"event_choices":[{"damage_healed":0.0,"max_hp_gain":0.0,"max_hp_loss":0.0,"gold_gain":0.0,"cards_transformed":["Strike_P"],"event_name":"Living Wall","player_choice":"Change","floor":2.0,"gold_loss":0.0,"damage_taken":0.0,"cards_obtained":["WheelKick"]},{"damage_healed":0.0,"max_hp_gain":0.0,"max_hp_loss":0.0,"gold_gain":150.0,"event_name":"Liars Game","player_choice":"AGREE","floor":3.0,"gold_loss":0.0,"damage_taken":0.0,"cards_obtained":["Doubt"]},{"cards_removed":["Defend_P"],"damage_healed":0.0,"max_hp_gain":0.0,"max_hp_loss":0.0,"gold_gain":0.0,"event_name":"The Cleric","player_choice":"Card Removal","floor":7.0,"gold_loss":75.0,"damage_taken":0.0},{"cards_removed":["Strike_P"],"damage_healed":0.0,"max_hp_gain":0.0,"max_hp_loss":0.0,"gold_gain":0.0,"event_name":"Golden Wing","player_choice":"Card Removal","floor":14.0,"gold_loss":0.0,"damage_taken":7.0},{"damage_healed":0.0,"max_hp_gain":0.0,"max_hp_loss":0.0,"gold_gain":0.0,"event_name":"Duplicator","player_choice":"Copied","floor":24.0,"gold_loss":0.0,"damage_taken":0.0,"cards_obtained":["Omniscience"]},{"damage_healed":0.0,"max_hp_gain":0.0,"max_hp_loss":0.0,"gold_gain":0.0,"event_name":"SensoryStone","player_choice":"Memory 1","floor":36.0,"gold_loss":0.0,"damage_taken":0.0},{"cards_removed":["Crescendo"],"damage_healed":0.0,"max_hp_gain":0.0,"max_hp_loss":0.0,"gold_gain":0.0,"event_name":"Falling","player_choice":"Removed Skill","floor":37.0,"gold_loss":0.0,"damage_taken":0.0},{"damage_healed":0.0,"max_hp_gain":0.0,"max_hp_loss":4.0,"gold_gain":0.0,"event_name":"Winding Halls","player_choice":"Max HP","floor":39.0,"gold_loss":0.0,"damage_taken":0.0}],"is_beta":false,"boss_relics":[{"not_picked":["Cursed Key","Velvet Choker"],"picked":"Pandora\u0027s Box"},{"not_picked":["Astrolabe","SlaversCollar"],"picked":"Fusion Hammer"}],"items_purged_floors":[4,21,29,53],"is_endless":false,"potions_floor_spawned":[1,6,11,20,25,31,35,44],"killed_by":"Shield and Spear","ascension_level":15}}