{"host":"ELF","time":1610641416,"event":{"mods":["BaseMod","Minty Spire (QoL Compilation)"],"gold_per_floor":[111,26,39,11,11,40,59,59,59,59,93,107,107,107,107,183,183,201,216,141,22,72,72,72,72],"floor_reached":24,"language":"ENG","playtime":1085,"items_purged":["Strike_R"],"score":384,"play_id":"57468ab7-9d03-49ec-a82f-2159b99a1b24","local_time":"20210114102336","is_ascension_mode":true,"campfire_choices":[{"floor":8.0,"key":"REST"},{"floor":10.0,"key":"REST"},{"floor":15.0,"key":"REST"},{"floor":23,"key":"REST"}],"circlet_count":0,"master_deck":["AscendersBane","Strike_R","Strike_R","Strike_R","Defend_R","Defend_R","Defend_R","Defend_R","Bash","Dark Embrace+1","Spot Weakness","Havoc","Warcry","Havoc","Fiend Fire+1","Cleave+1","Feed+1","Warcry","Intimidate","Fire Breathing"],"relics":["Burning Blood","Happy Flower","Dead Branch","Molten Egg 2","MealTicket","Art of War","Mark of Pain"],"acts_visited":["Exordium","TheCity"],"potions_floor_usage":[24],"damage_taken":[{"damage":2.0,"enemies":"Jaw Worm","floor":1.0,"turns":5.0},{"damage":9.0,"enemies":"Small Slimes","floor":3.0,"turns":6.0},{"damage":50.0,"enemies":"Lagavulin","floor":6.0,"turns":5.0},{"damage":14.0,"enemies":"2 Louse","floor":7.0,"turns":3.0},{"damage":54.0,"enemies":"Gremlin Nob","floor":11.0,"turns":4.0},{"damage":7.0,"enemies":"Gremlin Gang","floor":12.0,"turns":5.0},{"damage":33,"enemies":"The Guardian","floor":16,"turns":9},{"damage":47,"enemies":"3 Byrds","floor":18,"turns":6},{"damage":26,"enemies":"Shell Parasite","floor":19,"turns":6},{"damage":52,"enemies":"Slavers","floor":24,"turns":3}],"seed_played":"7509184041169465763","potions_obtained":[{"floor":3.0,"key":"LiquidBronze"},{"floor":6.0,"key":"Fruit Juice"},{"floor":7.0,"key":"SkillPotion"}],"is_trial":false,"path_per_floor":["M","$","M","$","?","E","M","R","T","R","E","M","?","?","R","B",null,"M","M","?","$","?","R","E"],"character_chosen":"IRONCLAD","items_purchased":["Dark Embrace","Havoc","Fire Breathing"],"campfire_rested":4,"item_purchase_floors":[2,4,21],"current_hp_per_floor":[72,72,69,69,69,25,17,39,39,61,13,12,12,37,59,32,64,27,7,7,22,22,45,0,0],"gold":72,"neow_bonus":"RANDOM_COMMON_RELIC","is_daily":false,"chose_seed":false,"campfire_upgraded":0,"win_rate":0.0,"timestamp":1610641416,"path_taken":["M","$","M","$","?","E","M","R","T","R","E","M","?","?","R","BOSS","M","M","?","$","?","R","E"],"items_purchased_type":["Card","Card","Card"],"build_version":"2020-12-18","purchased_purges":1,"victory":false,"max_hp_per_floor":[75,75,75,75,75,75,75,75,75,75,75,75,75,75,75,75,75,79,79,79,79,79,79,84,84],"card_choices":[{"not_picked":["True Grit","Warcry","Armaments"],"picked":"SKIP","floor":1.0},{"not_picked":["Hemokinesis","Headbutt"],"picked":"Spot Weakness","floor":3.0},{"not_picked":["Body Slam","Thunderclap"],"picked":"Warcry","floor":6.0},{"not_picked":["Clothesline","Pommel Strike"],"picked":"Havoc","floor":7.0},{"not_picked":["Pommel Strike+1","Rupture"],"picked":"Fiend Fire+1","floor":11.0},{"not_picked":["Twin Strike+1","Anger+1"],"picked":"Cleave+1","floor":12.0},{"not_picked":["Demon Form","Juggernaut"],"picked":"Feed+1","floor":16},{"not_picked":["Anger+1","Iron Wave+1"],"picked":"Warcry","floor":18},{"not_picked":["Thunderclap+1","Iron Wave+1"],"picked":"Intimidate","floor":19}],"player_experience":3199694,"relics_obtained":[{"floor":6.0,"key":"Dead Branch"},{"floor":9.0,"key":"Molten Egg 2"},{"floor":11.0,"key":"MealTicket"}],"event_choices":[{"damage_healed":0.0,"max_hp_gain":0.0,"max_hp_loss":0.0,"gold_gain":0.0,"event_name":"Living Wall","player_choice":"Grow","floor":5.0,"gold_loss":0.0,"damage_taken":0.0,"cards_upgraded":["Dark Embrace"]},{"damage_healed":0.0,"max_hp_gain":0.0,"max_hp_loss":0.0,"gold_gain":0.0,"event_name":"Dead Adventurer","player_choice":"Searched \u00272\u0027 times","floor":13.0,"gold_loss":0.0,"damage_taken":0.0,"relics_obtained":["Art of War"]},{"damage_healed":25.0,"max_hp_gain":0.0,"max_hp_loss":0.0,"gold_gain":0.0,"event_name":"Big Fish","player_choice":"Banana","floor":14.0,"gold_loss":0.0,"damage_taken":0.0},{"cards_removed":["Strike_R"],"damage_healed":0,"gold_gain":0,"player_choice":"Gave Gold","damage_taken":0,"max_hp_gain":0,"max_hp_loss":0,"event_name":"Beggar","floor":20,"gold_loss":75},{"damage_healed":0,"gold_gain":50,"player_choice":"Pray","damage_taken":0,"max_hp_gain":0,"max_hp_loss":0,"event_name":"Golden Shrine","floor":22,"gold_loss":0}],"is_beta":true,"boss_relics":[{"not_picked":["SlaversCollar","Black Star"],"picked":"Mark of Pain"}],"items_purged_floors":[21],"is_endless":false,"potions_floor_spawned":[3,6,7],"killed_by":"Slavers","ascension_level":18}}