{"host":"56ghxnzsglgdq727","time":1610639170,"event":{"mods":["AchievementEnabler","BaseMod","Downfall","Duelist Mod","Minty Spire (QoL Compilation)","Rare Cards Sparkle","StSLib","The Bug Knight","The Exalted","The Senshi","The Wild Card"],"gold_per_floor":[139,151,226,236,253,253,253,268,268,284,284,42,42,117,117,212,262,282,282,282,301,320,354,354,372,372,33,33,33],"floor_reached":28,"language":"ENG","playtime":2838,"items_purged":[],"score":276,"play_id":"3e21f26a-0912-4e63-adb9-d20957b9ff0a","local_time":"20210114104610","is_ascension_mode":true,"campfire_choices":[{"data":"theDuelist:FeatherShot","floor":7,"key":"SMITH"},{"floor":11,"key":"REST"},{"data":"theDuelist:FeatherShot+1","floor":15,"key":"SMITH"}],"circlet_count":0,"master_deck":["theDuelist:ArchfiendSoldier","theDuelist:ArchfiendSoldier+1","theDuelist:ArchfiendSoldier","theDuelist:CastleWalls","theDuelist:CastleWalls","theDuelist:CastleWalls","theDuelist:FiendMegacyber","theDuelist:Sparks","theDuelist:Sparks","theDuelist:SummonedSkull","theDuelist:FeatherShot+2","theDuelist:DoomDonuts","theDuelist:GiantOrc","theDuelist:RadiantMirrorForce","theDuelist:ArchfiendGeneral+1","theDuelist:FabledGallabas+1","theDuelist:ElectromagneticShield","theDuelist:SlateWarrior+1","theDuelist:Relinkuriboh+1","theDuelist:Raigeki+1","theDuelist:DarkEnergy+1"],"relics":["theDuelist:MillenniumPuzzle","theDuelist:CardPoolRelic","theDuelist:CardPoolBasicRelic","theDuelist:BoosterPackPoolRelic","theDuelist:CardPoolAddRelic","theDuelist:CardPoolMinusRelic","theDuelist:CardPoolSaveRelic","theDuelist:CardPoolOptionsRelic","NeowsBlessing","theDuelist:MillenniumNecklace","Molten Egg 2","theDuelist:MerchantNecklace","Tiny House","Mercury Hourglass","Question Card","theDuelist:MillenniumPrayerbook"],"acts_visited":["Exordium","TheCity"],"potions_floor_usage":[8,16,16,16,18,18,22,22,22,23,23,25,28,28,28],"damage_taken":[{"damage":0,"enemies":"2 Louse","floor":1,"turns":1},{"damage":0,"enemies":"Cultist","floor":2,"turns":1},{"damage":0,"enemies":"Jaw Worm","floor":4,"turns":1},{"damage":17,"enemies":"Large Slime","floor":5,"turns":9},{"damage":14,"enemies":"Looter","floor":8,"turns":2},{"damage":14,"enemies":"Blue Slaver","floor":10,"turns":3},{"damage":30,"enemies":"The Guardian","floor":16,"turns":10},{"damage":13,"enemies":"Shell Parasite","floor":18,"turns":3},{"damage":33,"enemies":"2 Thieves","floor":21,"turns":3},{"damage":12,"enemies":"Chosen and Byrds","floor":22,"turns":3},{"damage":23,"enemies":"theDuelist:KaibaA2","floor":23,"turns":3},{"damage":0,"enemies":"3 Cultists","floor":25,"turns":4},{"damage":0,"enemies":"Snake Plant","floor":28,"turns":1}],"seed_played":"3182419839118682116","potions_obtained":[{"floor":4,"key":"theDuelist:BottledKuriboh"},{"floor":5,"key":"Fire Potion"},{"floor":8,"key":"theDuelist:WhiteBottle"},{"floor":10,"key":"theDuelist:VampireVial"},{"floor":16,"key":"theDuelist:SolderPotionB"},{"floor":16,"key":"theDuelist:FreezingPotion"},{"floor":17,"key":"theDuelist:BottledKuriboh"},{"floor":18,"key":"PowerPotion"},{"floor":18,"key":"theDuelist:OrbBottle"},{"floor":21,"key":"BlessingOfTheForge"},{"floor":22,"key":"theDuelist:BurningPotion"},{"floor":22,"key":"Dexterity Potion"},{"floor":23,"key":"theDuelist:TokenPotionB"},{"floor":23,"key":"theDuelist:SealedPack"},{"floor":24,"key":"theDuelist:CoolBottle"},{"floor":24,"key":"FocusPotion"},{"floor":25,"key":"PowerPotion"}],"is_trial":false,"path_per_floor":["M","M","?","M","M","?","R","M","T","M","R","$","?","?","R","B",null,"M","?","?","M","M","E","?","M","T","$","M"],"character_chosen":"THE_DUELIST","items_purchased":["theDuelist:MerchantNecklace","theDuelist:DarkEnergy+1","theDuelist:MillenniumPrayerbook"],"campfire_rested":1,"item_purchase_floors":[12,27,27],"current_hp_per_floor":[80,80,72,72,55,55,55,41,41,27,51,51,51,40,40,10,85,72,72,72,39,27,4,4,4,4,4,4,4],"gold":33,"neow_bonus":"THREE_ENEMY_KILL","is_daily":false,"chose_seed":false,"campfire_upgraded":2,"win_rate":0.0,"timestamp":1610639170,"path_taken":["M","M","?","?","M","?","R","M","T","M","R","$","?","?","R","BOSS","M","?","?","?","M","E","?","M","T","$","M"],"items_purchased_type":["Relic","Card","Relic"],"build_version":"2020-12-22","purchased_purges":0,"victory":false,"max_hp_per_floor":[80,80,80,80,80,80,80,80,80,80,80,80,80,80,80,80,85,85,85,85,85,85,85,85,85,85,85,85,85],"card_choices":[{"not_picked":["theDuelist:DarkCubicLord","theDuelist:PutridPudding","theDuelist:ArchfiendGeneral","theDuelist:FabledGallabas"],"picked":"theDuelist:FeatherShot","floor":1},{"not_picked":["theDuelist:Mudora","theDuelist:WormWarlord","theDuelist:WingedKuribohLv9","theDuelist:Wiseman","theDuelist:RainbowGravity"],"picked":"SKIP","floor":2},{"not_picked":["theDuelist:SummonedSkull","theDuelist:PortraitSecret","theDuelist:FlyingSaucer","theDuelist:TwinHeadedWolf"],"picked":"theDuelist:DoomDonuts","floor":4},{"not_picked":["theDuelist:DarkTinker","theDuelist:BeastTalwar","theDuelist:Pumpking","theDuelist:TerraTerrible","theDuelist:ArchfiendSoldier"],"picked":"SKIP","floor":5},{"not_picked":["theDuelist:ArchfiendSoldier","theDuelist:UmbralHorrorUniform","theDuelist:CheerfulCoffin","theDuelist:PortraitSecret"],"picked":"theDuelist:GiantOrc","floor":8},{"not_picked":["theDuelist:ImperialOrder","theDuelist:PowerWall","theDuelist:RainbowGravity","theDuelist:Wiretap"],"picked":"theDuelist:RadiantMirrorForce","floor":10},{"not_picked":["theDuelist:FeatherShot+1","theDuelist:ArchfiendCommander+1","theDuelist:Tierra+1","theDuelist:FabledGallabas+1"],"picked":"theDuelist:ArchfiendGeneral+1","floor":16},{"not_picked":["theDuelist:FeatherShot+1","theDuelist:ArchfiendCommander+1"],"picked":"theDuelist:FabledGallabas+1","floor":17},{"not_picked":["theDuelist:GilfordLegend+1","theDuelist:RainbowBridge","theDuelist:MudGolem+1","theDuelist:WormKing+1"],"picked":"theDuelist:ElectromagneticShield","floor":18},{"not_picked":["theDuelist:UmbralHorrorUniform+1","theDuelist:FiendMegacyber","theDuelist:DarkFusion","theDuelist:SummonedSkull+1"],"picked":"theDuelist:Relinkuriboh+1","floor":21},{"not_picked":["theDuelist:SummonedSkull+1","theDuelist:FlyingSaucer","theDuelist:DrivenDaredevil+1","theDuelist:TwinHeadedWolf+1","theDuelist:BerserkerCrush+1"],"picked":"SKIP","floor":22},{"not_picked":["theDuelist:ForbiddenLance+1","theDuelist:LightningRodLord+1","theDuelist:LightningVortex+1","theDuelist:SmashingGround+1"],"picked":"theDuelist:Raigeki+1","floor":23},{"not_picked":["theDuelist:DarkTinker+1","theDuelist:FlyingSaucer","theDuelist:FiendMegacyber","theDuelist:DarkFusion","theDuelist:SummonedSkull+1"],"picked":"SKIP","floor":25}],"player_experience":244397,"relics_obtained":[{"floor":9,"key":"Molten Egg 2"},{"floor":23,"key":"Mercury Hourglass"},{"floor":26,"key":"Question Card"}],"event_choices":[{"damage_healed":0,"gold_gain":75,"player_choice":"Touch","damage_taken":8,"max_hp_gain":0,"max_hp_loss":0,"event_name":"FaceTrader","floor":3,"gold_loss":0},{"damage_healed":0,"gold_gain":0,"player_choice":"Took item - Received: Millennium Necklace","duelist":true,"damage_taken":0,"max_hp_gain":0,"max_hp_loss":0,"event_name":"Millennium Items","floor":6,"gold_loss":0},{"damage_healed":0,"gold_gain":0,"player_choice":"Ignored","damage_taken":0,"max_hp_gain":0,"max_hp_loss":0,"event_name":"Golden Idol","floor":13,"gold_loss":0},{"damage_healed":0,"gold_gain":75,"player_choice":"Gather Gold","damage_taken":11,"max_hp_gain":0,"max_hp_loss":0,"event_name":"World of Goop","floor":14,"gold_loss":0},{"damage_healed":0,"gold_gain":0,"player_choice":"Read","damage_taken":0,"max_hp_gain":0,"max_hp_loss":0,"event_name":"The Library","floor":19,"gold_loss":0,"cards_obtained":["theDuelist:SlateWarrior"]},{"cards_removed":["theDuelist:CurseAnubis"],"damage_healed":0,"gold_gain":0,"player_choice":"Removed Curses","damage_taken":0,"max_hp_gain":0,"max_hp_loss":0,"event_name":"Fountain of Cleansing","floor":20,"gold_loss":0},{"damage_healed":0,"gold_gain":0,"player_choice":"Got Potions","damage_taken":0,"max_hp_gain":0,"max_hp_loss":0,"event_name":"Lab","floor":24,"gold_loss":0}],"is_beta":false,"boss_relics":[{"not_picked":["Pandora\u0027s Box","theDuelist:MillenniumKey"],"picked":"Tiny House"}],"items_purged_floors":[],"is_endless":false,"potions_floor_spawned":[4,5,10,16,18,22,23],"killed_by":"Snake Plant","ascension_level":4}}