{"host":"kmq7aw60w430zvtx","time":1610619451,"event":{"mods":["BaseMod","Downfall","GifTheSpireLib","Hermit","Hubris","Minty Spire (QoL Compilation)","Replay The Spire","StSLib","The Construct","The Cursed","The Hierophant","The Jungle","The Necromancer","The Runesmith"],"gold_per_floor":[111,131,131,131,20,49,49,83,107,107,133,133,56,67,67,163,163,174,186,186,206,206,206,206],"floor_reached":23,"language":"ENG","playtime":1507,"items_purged":["Strike_G"],"score":302,"play_id":"2ad6fdb9-0b86-4d19-9973-f00975eb8ed8","local_time":"20210114111731","is_ascension_mode":true,"campfire_choices":[{"data":"Bouncing Flask","floor":7,"key":"SMITH"},{"floor":10,"key":"REST"},{"floor":12,"key":"RECALL"},{"data":"After Image","floor":15,"key":"SMITH"}],"circlet_count":0,"master_deck":["Strike_G","Strike_G","Strike_G","Strike_G","Defend_G","Defend_G","Defend_G","Defend_G","Survivor","Neutralize","Escape Plan","Bouncing Flask+1","Deflect","Footwork","Dodge and Roll","After Image+1","Dagger Spray+1","Noxious Fumes","Noxious Fumes","Corpse Explosion+1","Bouncing Flask+1","ReplayTheSpireMod:Tripwire+1","Crippling Poison+1"],"relics":["Ring of the Snake","hubris:Towel","Molten Egg 2","Oddly Smooth Stone","Centennial Puzzle","Toxic Egg 2","Black Star"],"acts_visited":["Exordium","TheCity"],"potions_floor_usage":[6,23],"damage_taken":[{"damage":0,"enemies":"Cultist","floor":1,"turns":4},{"damage":3,"enemies":"2 Louse","floor":2,"turns":2},{"damage":8,"enemies":"Lagavulin","floor":6,"turns":6},{"damage":21,"enemies":"3 Sentries","floor":8,"turns":13},{"damage":0,"enemies":"Lagavulin","floor":11,"turns":6},{"damage":0,"enemies":"Jaw Worm","floor":14,"turns":3},{"damage":10,"enemies":"Slime Boss","floor":16,"turns":10},{"damage":5,"enemies":"Chosen","floor":18,"turns":6},{"damage":22,"enemies":"2 Thieves","floor":19,"turns":4},{"damage":10,"enemies":"Snecko","floor":21,"turns":6},{"damage":31,"enemies":"Gremlin Leader","floor":23,"turns":2}],"seed_played":"-4540592227620313764","potions_obtained":[{"floor":2,"key":"Poison Potion"},{"floor":19,"key":"LiquidBronze"},{"floor":21,"key":"Strength Potion"}],"is_trial":false,"path_per_floor":["M","M","?","T","$","E","R","E","T","R","E","R","$","M","R","B",null,"M","M","?","M","?","E"],"character_chosen":"THE_SILENT","items_purchased":["Footwork","Noxious Fumes"],"campfire_rested":1,"item_purchase_floors":[5,13],"current_hp_per_floor":[63,60,60,60,60,52,52,31,31,52,52,52,52,52,52,42,63,58,36,36,26,26,0,0],"gold":206,"neow_bonus":"TRANSFORM_CARD","is_daily":false,"chose_seed":false,"campfire_upgraded":2,"win_rate":0.0,"timestamp":1610619451,"path_taken":["M","?","?","?","$","E","R","E","T","R","E","R","?","M","R","BOSS","M","M","?","M","?","E"],"items_purchased_type":["Card","Card"],"build_version":"2020-12-22","purchased_purges":1,"victory":false,"max_hp_per_floor":[70,70,70,70,70,70,70,70,70,70,70,70,70,70,70,70,70,70,70,70,70,70,70,70],"card_choices":[{"not_picked":["Poisoned Stab","Underhanded Strike"],"picked":"Bouncing Flask","floor":1},{"not_picked":["hubris:SlightOfHand","Bane"],"picked":"Deflect","floor":2},{"not_picked":["Infinite Blades","Expertise"],"picked":"Dodge and Roll","floor":6},{"not_picked":["Cloak And Dagger","Glass Knife+1"],"picked":"After Image","floor":8},{"not_picked":["Dodge and Roll+1","ReplayTheSpireMod:Shiv Toss+1"],"picked":"Dagger Spray+1","floor":11},{"not_picked":["Underhanded Strike+1","PiercingWail+1"],"picked":"Noxious Fumes","floor":14},{"not_picked":["Wraith Form v2","After Image"],"picked":"Corpse Explosion+1","floor":16},{"not_picked":["hubris:SlightOfHand+1","Underhanded Strike+1"],"picked":"Bouncing Flask+1","floor":18},{"not_picked":["ReplayTheSpireMod:Exploit Weakness+1","ReplayTheSpireMod:From All Sides+1"],"picked":"ReplayTheSpireMod:Tripwire+1","floor":19},{"not_picked":["Calculated Gamble+1","Flying Knee+1"],"picked":"Crippling Poison+1","floor":21}],"player_experience":291520,"relics_obtained":[{"floor":6,"key":"Molten Egg 2"},{"floor":8,"key":"Oddly Smooth Stone"},{"floor":9,"key":"Centennial Puzzle"},{"floor":11,"key":"Toxic Egg 2"}],"event_choices":[{"damage_healed":0,"gold_gain":0,"player_choice":"Ignored","damage_taken":0,"max_hp_gain":0,"max_hp_loss":0,"event_name":"Cursed Tome","floor":22,"gold_loss":0}],"is_beta":false,"boss_relics":[{"not_picked":["Astrolabe","Runic Dome"],"picked":"Black Star"}],"items_purged_floors":[5],"is_endless":false,"potions_floor_spawned":[2,19,21],"killed_by":"Gremlin Leader","ascension_level":6}}