{"host":"cwd5s03r1oaxs6mx","time":1610639068,"event":{"mods":["Act Like it!","BaseMod","Better Third Choice","BetterRewards","CapriCore","Card Filter","Colored Map","Custom Start","DeckTracker","Friendly Minions","Hubris","Infinite Spire","Marisa£¨Ùöéë¡¡Øª×âÞÞ£©","Minty Spire (QoL Compilation)","Quick Restart","Relic Stats","Shop Mod","Spicy Shops","StSLib","SuperFastMode"],"gold_per_floor":[119,130,155,165,165,198,198,198,198,211,48,83,94,108,108,184,184,199,216,230,247,266,293,293,327,351,361,361,224,258,278,278,352,352,365,365,365],"floor_reached":36,"language":"KOR","playtime":1455,"items_purged":["Strike_G","Strike_G"],"score":926,"play_id":"2ae81919-2037-44d6-b21d-6019278e14bd","local_time":"20210115004428","is_ascension_mode":true,"campfire_choices":[{"data":"Neutralize","floor":7.0,"key":"SMITH"},{"floor":15.0,"key":"REST"},{"data":"Footwork","floor":15.0,"key":"SMITH"},{"floor":24.0,"key":"REST"},{"data":"Heel Hook","floor":24.0,"key":"SMITH"},{"floor":28.0,"key":"REST"},{"floor":28.0,"key":"RECALL"},{"floor":32,"key":"REST"},{"data":"Accuracy","floor":32,"key":"SMITH"}],"circlet_count":0,"master_deck":["AscendersBane","Defend_G","Defend_G","Defend_G","Defend_G","Defend_G","Survivor","Neutralize+1","Footwork+1","Deadly Poison+1","Heel Hook+1","Blade Dance+1","Blur+1","Blade Dance+1","Deflect+1","Venomology+1","A Thousand Cuts+1","Wraith Form v2+1","Distraction+1","Crippling Poison+1","Deflect+1","Cloak And Dagger+1","Backflip+1","Blur+1","Deflect+1","Catalyst+1","hubris:DuctTapeCard","Accuracy+1","Blur+1"],"relics":["Ring of the Snake","Toxic Egg 2","Lantern","hubris:Icosahedron","hubris:ToyBattleship","Mercury Hourglass","Membership Card","infinitespire:Magic Flask","Astrolabe","infinitespire:Beetle Shell","hubris:DuctTape","Akabeko","Regal Pillow","Eternal Feather","hubris:Stopwatch"],"acts_visited":["Exordium","TheCity","TheBeyond"],"potions_floor_usage":[31,33,35,35,36],"damage_taken":[{"damage":0.0,"enemies":"Cultist","floor":1.0,"turns":4.0},{"damage":6.0,"enemies":"2 Louse","floor":2.0,"turns":3.0},{"damage":0.0,"enemies":"Jaw Worm","floor":4.0,"turns":2.0},{"damage":29.0,"enemies":"Gremlin Nob","floor":6.0,"turns":4.0},{"damage":0.0,"enemies":"Looter","floor":10.0,"turns":2.0},{"damage":5.0,"enemies":"3 Sentries","floor":12.0,"turns":6.0},{"damage":0.0,"enemies":"3 Louse","floor":13.0,"turns":2.0},{"damage":0.0,"enemies":"Lots of Slimes","floor":14.0,"turns":3.0},{"damage":21.0,"enemies":"Slime Boss","floor":16.0,"turns":8.0},{"damage":0.0,"enemies":"3 Byrds","floor":18.0,"turns":2.0},{"damage":6.0,"enemies":"2 Thieves","floor":19.0,"turns":5.0},{"damage":9.0,"enemies":"Cultist and Chosen","floor":20.0,"turns":4.0},{"damage":22.0,"enemies":"3 Cultists","floor":21.0,"turns":4.0},{"damage":0.0,"enemies":"Snake Plant","floor":22.0,"turns":3.0},{"damage":0.0,"enemies":"Gremlin Leader","floor":23.0,"turns":5.0},{"damage":16.0,"enemies":"Book of Stabbing","floor":25.0,"turns":5.0},{"damage":18.0,"enemies":"Cultist and Chosen","floor":27.0,"turns":6.0},{"damage":1,"enemies":"Slavers","floor":30,"turns":5},{"damage":1,"enemies":"Centurion and Healer","floor":31,"turns":9},{"damage":9,"enemies":"Collector","floor":33,"turns":7},{"damage":0,"enemies":"3 Shapes","floor":35,"turns":4},{"damage":66,"enemies":"Orin","floor":36,"turns":7}],"seed_played":"-8229871905845472259","potions_obtained":[{"floor":2.0,"key":"Ancient Potion"},{"floor":6.0,"key":"SkillPotion"},{"floor":8.0,"key":"DistilledChaos"}],"is_trial":false,"path_per_floor":["M","M","T","M","?","E","R","?","T","M","$","E","M","M","R","B",null,"M","M","M","M","M","E","R","E","T","M","R","$","E","M","R","B",null,"M","?"],"character_chosen":"THE_SILENT","items_purchased":["Toxic Egg 2","Footwork","Deadly Poison+1","Heel Hook","Lantern","Membership Card","Regal Pillow"],"campfire_rested":4,"item_purchase_floors":[0,0,0,0,0,11,29],"current_hp_per_floor":[59,53,53,53,53,24,24,24,24,24,24,19,19,19,38,17,54,54,48,39,17,17,17,36,20,20,2,21,21,20,19,66,57,64,64,0,0],"gold":365,"neow_bonus":"","is_daily":false,"chose_seed":false,"campfire_upgraded":4,"win_rate":0.0,"timestamp":1610639068,"path_taken":["M","M","?","M","?","E","R","?","T","M","$","E","M","M","R","BOSS","M","M","M","M","?","E","R","E","T","M","R","$","E","M","R","BOSS","M","?"],"items_purchased_type":["Relic","Card","Card","Card","Relic","Relic","Relic"],"build_version":"2020-12-22","purchased_purges":2,"victory":false,"max_hp_per_floor":[66,66,66,66,66,66,66,66,66,66,66,66,66,66,66,66,66,66,66,66,66,66,66,66,66,66,66,66,66,66,66,66,66,66,66,66,66],"relic_stats":{"Regal Pillow":13,"counters":[81,352],"Astrolabe":["A Thousand Cuts","Wraith Form v2","Distraction"],"Eternal Feather":15,"obtain_stats":[{"TwistedFunnel":0,"Ice Cream":6,"infinitespire:BottledMercury":0,"Regal Pillow":9,"Lantern":0,"Vajra":0,"StoneCalendar":29,"infinitespire:Cubic Diamond":4,"hubris:SlimyHat":0,"Juzu Bracelet":9,"Tough Bandages":7,"Shovel":7,"hubris:Icosahedron":5,"DollysMirror":19,"Strawberry":12,"hubris:Stopwatch":34,"Toxic Egg 2":0,"Ring of the Snake":0,"Girya":23,"hubris:DuctTape":6,"Astrolabe":17,"hubris:SphereOfDissonance":6,"Eternal Feather":0,"Tingsha":0,"infinitespire:FocusingShard":12,"infinitespire:Joker Card":26,"infinitespire:Beetle Shell":23,"Omamori":9,"infinitespire:Magic Flask":12,"Frozen Egg 2":0,"hubris:Towel":5,"Akabeko":26,"Mercury Hourglass":9,"Art of War":24,"hubris:ToyBattleship":6,"Membership Card":0,"hubris:CrackedHourglass":17,"PureWater":4,"Unceasing Top":13,"Meat on the Bone":26,"infinitespire:Cupcake":17,"infinitespire:Midas Blood":6,"hubris:Reverence":10},{"TwistedFunnel":0,"Ice Cream":35,"infinitespire:BottledMercury":30,"Regal Pillow":20,"Lantern":59,"Vajra":30,"StoneCalendar":29,"infinitespire:Cubic Diamond":55,"hubris:SlimyHat":36,"Juzu Bracelet":57,"Tough Bandages":20,"Shovel":47,"hubris:Icosahedron":62,"DollysMirror":10,"Strawberry":22,"hubris:Stopwatch":79,"Toxic Egg 2":59,"Ring of the Snake":0,"Girya":12,"hubris:DuctTape":5,"Astrolabe":68,"hubris:SphereOfDissonance":56,"Eternal Feather":16,"Tingsha":43,"infinitespire:FocusingShard":6,"infinitespire:Joker Card":28,"infinitespire:Beetle Shell":74,"Omamori":47,"infinitespire:Magic Flask":65,"Frozen Egg 2":52,"hubris:Towel":55,"Akabeko":75,"Mercury Hourglass":63,"Art of War":28,"hubris:ToyBattleship":63,"Membership Card":0,"hubris:CrackedHourglass":9,"PureWater":55,"Unceasing Top":50,"Meat on the Bone":13,"infinitespire:Cupcake":25,"infinitespire:Midas Blood":41,"hubris:Reverence":48},{"TwistedFunnel":0,"Ice Cream":139,"infinitespire:BottledMercury":117,"Regal Pillow":71,"Lantern":252,"Vajra":117,"StoneCalendar":116,"infinitespire:Cubic Diamond":235,"hubris:SlimyHat":143,"Juzu Bracelet":244,"Tough Bandages":71,"Shovel":198,"hubris:Icosahedron":261,"DollysMirror":29,"Strawberry":79,"hubris:Stopwatch":341,"Toxic Egg 2":252,"Ring of the Snake":0,"Girya":39,"hubris:DuctTape":12,"Astrolabe":286,"hubris:SphereOfDissonance":242,"Eternal Feather":53,"Tingsha":182,"infinitespire:FocusingShard":17,"infinitespire:Joker Card":110,"infinitespire:Beetle Shell":309,"Omamori":198,"infinitespire:Magic Flask":273,"Frozen Egg 2":224,"hubris:Towel":235,"Akabeko":314,"Mercury Hourglass":265,"Art of War":110,"hubris:ToyBattleship":265,"Membership Card":0,"hubris:CrackedHourglass":27,"PureWater":235,"Unceasing Top":216,"Meat on the Bone":41,"infinitespire:Cupcake":95,"infinitespire:Midas Blood":175,"hubris:Reverence":202}],"Ring of the Snake":[44],"Mercury Hourglass":[483]},"card_choices":[{"not_picked":["Slice","Accuracy"],"picked":"Blade Dance+1","floor":1.0},{"not_picked":["Skewer","Backflip+1"],"picked":"Blur+1","floor":2.0},{"not_picked":["Slice","Reflex+1"],"picked":"Blade Dance+1","floor":4.0},{"not_picked":["Deadly Poison+1","Slice"],"picked":"Deflect+1","floor":6.0},{"not_picked":["Concentrate+1","Underhanded Strike","Skewer"],"picked":"SKIP","floor":10.0},{"not_picked":["Underhanded Strike","Well Laid Plans"],"picked":"Deadly Poison+1","floor":12.0},{"not_picked":["Poisoned Stab","Eviscerate"],"picked":"Deadly Poison+1","floor":13.0},{"not_picked":["Calculated Gamble+1","Sucker Punch","Acrobatics+1"],"picked":"SKIP","floor":14.0},{"not_picked":["Night Terror+1","Storm of Steel+1"],"picked":"Venomology+1","floor":16.0},{"not_picked":["Caltrops","Slice"],"picked":"Crippling Poison+1","floor":18.0},{"not_picked":["Well Laid Plans","Heel Hook"],"picked":"Deflect+1","floor":19.0},{"not_picked":["Sucker Punch","PiercingWail+1"],"picked":"Cloak And Dagger+1","floor":20.0},{"not_picked":["Blade Dance+1","Distraction+1"],"picked":"Backflip+1","floor":21.0},{"not_picked":["Sucker Punch","Poisoned Stab","Tactician+1"],"picked":"SKIP","floor":22.0},{"not_picked":["Burst+1","Riddle With Holes"],"picked":"Blur+1","floor":23.0},{"not_picked":["Outmaneuver+1","PiercingWail+1"],"picked":"Deflect+1","floor":25.0},{"not_picked":["Crippling Poison+1","Bouncing Flask+1"],"picked":"Catalyst+1","floor":27.0},{"not_picked":["Underhanded Strike","Dagger Spray"],"picked":"Accuracy","floor":30},{"not_picked":["Heel Hook+1","Slice","Flying Knee"],"picked":"SKIP","floor":31},{"not_picked":["Outmaneuver+1","Deadly Poison+1"],"picked":"Blur+1","floor":35}],"player_experience":1037722,"relics_obtained":[{"floor":6.0,"key":"hubris:ToyBattleship"},{"floor":9.0,"key":"Mercury Hourglass"},{"floor":12.0,"key":"infinitespire:Magic Flask"},{"floor":23.0,"key":"infinitespire:Beetle Shell"},{"floor":25.0,"key":"hubris:DuctTape"},{"floor":26.0,"key":"Akabeko"},{"floor":30,"key":"Eternal Feather"}],"event_choices":[{"damage_healed":0.0,"max_hp_gain":0.0,"max_hp_loss":0.0,"gold_gain":0.0,"event_name":"Lab","player_choice":"Got Potions","floor":8.0,"gold_loss":0.0,"damage_taken":0.0},{"damage_healed":0,"gold_gain":0,"player_choice":"Fight","damage_taken":0,"max_hp_gain":0,"max_hp_loss":0,"event_name":"OrinTheCat","floor":36,"gold_loss":0}],"is_beta":false,"boss_relics":[{"not_picked":["Calling Bell","hubris:ScarierMask"],"picked":"Astrolabe"},{"not_picked":["hubris:GrandSneckoEye","hubris:RunicObelisk"],"picked":"hubris:Stopwatch"}],"items_purged_floors":[0,29],"is_endless":false,"potions_floor_spawned":[2,6,12,13,16,18,20,22,27,30],"killed_by":"Orin","ascension_level":20}}