{"host":"17xjy7b7ubl548g2","time":1610598507,"event":{"mods":["2.2 Compatiblity","Act Like it!","Aspiration","Astrologer","Bard","BaseMod","Bestiary","Challenge The Spire","ChefMod","Colored Map","Conspire","Elementarium","Energized Spire","Gensokyo","GifTheSpireLib","Halation","Hallownest","Hubris","Infinite Spire","Jedi Mod","Jorbs\u0027s Wanderer Trilogy","Marisa（霧雨　魔理沙）","Marked Mod","Menagerie","Minty Spire (QoL Compilation)","Pale of the Ancients","Permanent Neow","Puzzle Mod","Replay The Spire","Robot Space Explorer","Spicy Shops","StSLib","Stuff the Spire","The Blue Laboratory","The Bug Knight","The Construct","The Disciple","The Factory","The Hayseed","The Hierophant","The Marked","The Runesmith","The Sage","TheFirefly"],"gold_per_floor":[363,363,363,410,426,426,451,468,468,98,111,146,164,196,196,270,270,290,290,309,324,337,337,364,364,390,406,406,406,406,361,361,435,435,453,22,40,40,51,77,77,107,133,144,144,144,19,19,19,19,19,19,19,19,19,19],"floor_reached":55,"language":"ENG","playtime":6102,"items_purged":["Strike_B","Strike_B","Strike_B","Injury"],"score":1423,"play_id":"ec48a688-5797-4c3f-b669-546a4e31a39d","local_time":"20210113232827","is_ascension_mode":true,"campfire_choices":[{"data":"Zap","floor":6.0,"key":"SMITH"},{"data":"Go for the Eyes","floor":15.0,"key":"SMITH"},{"data":"Consume","floor":25.0,"key":"SMITH"},{"data":"BasicCrystalCard","floor":28.0,"key":"SMITH"},{"floor":41.0,"key":"REST"},{"data":"AscendersBane","floor":45.0,"key":"SMITH"},{"floor":49.0,"key":"RECALL"},{"data":"Dualcast","floor":52,"key":"SMITH"}],"circlet_count":0,"master_deck":["Defend_B","Defend_B","Defend_B","Defend_B","Zap+1","Dualcast+1","Turbo","Leap","Ball Lightning","jedi:blockon+1","hubris:Ukulele+1","BasicCrystalCard+1","Go for the Eyes+1","Leap","ReplayTheSpireMod:Omega Cannon+1","Consume+1","Steam","Doom and Gloom+1","Cold Snap","Undo","StuffTheSpire:ForEach+1","Conserve Battery","Defragment+1","Stack+1","Self Repair+1","Steam+1","Conserve Battery","Conserve Battery+1","BasicCrystalCard+1","Rip and Tear+1","jedi:locknload"],"relics":["FrozenCore","jedi:firstaidkit","HollowMod:PaleOreRelic","Golden Egg","StuffTheSpire:Mouthbags","Runesmith:AutoHammer","Regal Pillow","DataDisk","Replay:Mystery Machine","Juzu Bracelet","halation:PrussianBluePaint","Red Mask","Nuclear Battery","StuffTheSpire:CocoNut","Happy Flower","Gremlin Food","Pondfish Scales","Anchor","jedi:ominousloannote","aspiration:EnhancedActuators","StuffTheSpire:Rhapsscallions"],"acts_visited":["Exordium","Hallownest:Greenpath","Hallownest:CityofTears","TheEnding"],"potions_floor_usage":[50,50,54,55],"damage_taken":[{"damage":0.0,"enemies":"Hallownest:monsterHuskWarrior","floor":1.0,"turns":3.0},{"damage":7.0,"enemies":"Hallownest:monsterHuskGuard","floor":5.0,"turns":4.0},{"damage":41.0,"enemies":"Hallownest:eliteMossKnight","floor":7.0,"turns":20.0},{"damage":1.0,"enemies":"Hallownest:2_Baldur","floor":8.0,"turns":4.0},{"damage":6.0,"enemies":"Hallownest:monsterFoolEater","floor":11.0,"turns":2.0},{"damage":7.0,"enemies":"Hallownest:eliteCrystalGuardian","floor":12.0,"turns":4.0},{"damage":1.0,"enemies":"Hallownest:2_Tiktiks_1_Baldur_1_Crawlid","floor":13.0,"turns":3.0},{"damage":22.0,"enemies":"Hallownest:eliteMossKnight","floor":14.0,"turns":4.0},{"damage":40.0,"enemies":"Hallownest:BossFalseKnight","floor":16.0,"turns":7.0},{"damage":4.0,"enemies":"Hallownest:2_Mistakes","floor":18.0,"turns":5.0},{"damage":8.0,"enemies":"Hallownest:3_Youths","floor":20.0,"turns":6.0},{"damage":85.0,"enemies":"Hallownest:3_Mistakes","floor":21.0,"turns":19.0},{"damage":18.0,"enemies":"Hallownest:2_Flukemon","floor":22.0,"turns":7.0},{"damage":8.0,"enemies":"Hallownest:eliteSoulWarrior","floor":24.0,"turns":8.0},{"damage":3.0,"enemies":"Hallownest:2_Husk_Sentries","floor":27.0,"turns":8.0},{"damage":19.0,"enemies":"Hallownest:BossGrimm","floor":33.0,"turns":10.0},{"damage":23.0,"enemies":"Hallownest:2_Littles","floor":35.0,"turns":7.0},{"damage":7.0,"enemies":"Hallownest:3_Siblings","floor":37.0,"turns":7.0},{"damage":26.0,"enemies":"Hallownest:2_Wandering_and_1_Horned","floor":39.0,"turns":6.0},{"damage":6.0,"enemies":"Hallownest:eliteHiveKnight","floor":40.0,"turns":9.0},{"damage":0.0,"enemies":"Hallownest:eliteCollector","floor":42.0,"turns":7.0},{"damage":26.0,"enemies":"Hallownest:Slobbering_and_Violent","floor":44.0,"turns":5.0},{"damage":25,"enemies":"Hallownest:BossGreyPrinceZote","floor":50,"turns":8},{"damage":0,"enemies":"Shield and Spear","floor":54,"turns":2},{"damage":298,"enemies":"The Heart","floor":55,"turns":12}],"seed_played":"-4530957271304104066","potions_obtained":[{"floor":8.0,"key":"Strength Potion"},{"floor":11.0,"key":"Swift Potion"},{"floor":12.0,"key":"Adrenaline Potion"},{"floor":16.0,"key":"blueLaboratory:CreativityPotion"},{"floor":18.0,"key":"sagemod:Wine"},{"floor":22.0,"key":"DuplicationPotion"},{"floor":33.0,"key":"FocusPotion"},{"floor":37.0,"key":"blueLaboratory:RelayPotion"},{"floor":39.0,"key":"blueLaboratory:Moonshine"},{"floor":42.0,"key":"blueLaboratory:TrueEctoplasm"},{"floor":44.0,"key":"Death Potion"},{"floor":54,"key":"SpeedPotion"}],"is_trial":false,"path_per_floor":["M","?","T","T","M","R","E","M","T","$","M","E","M","E","R","B",null,"M","?","M","M","M","?","E","R","T","M","R","?","?","?","R_BF","B",null,"M","$","M","?","M","E","R","E","T","M","R","?","$","?","R","B",null,"R","$","E","B"],"character_chosen":"DEFECT","items_purchased":["Rip and Tear","StuffTheSpire:Mouthbags","Defragment","StuffTheSpire:CocoNut","Stack+1","jedi:ominousloannote","aspiration:EnhancedActuators","Adrenaline Potion"],"campfire_rested":1,"item_purchase_floors":[10,10,36,36,36,53,53,53],"current_hp_per_floor":[64,64,64,64,60,60,56,57,57,57,51,44,45,25,25,9,50,46,51,47,53,55,35,29,29,29,29,29,29,29,35,70,58,67,62,69,62,42,29,36,74,74,74,65,65,61,61,61,61,55,72,72,72,78,0,0],"gold":19,"neow_bonus":"TWO_FIFTY_GOLD","is_daily":false,"chose_seed":false,"campfire_upgraded":6,"win_rate":0.0,"timestamp":1610598507,"path_taken":["M","?","?","?","?","R","E","M","T","$","?","E","M","E","R","BOSS","M","?","M","M","M","?","E","R","T","M","R","?","?","?","R","BOSS","M","$","M","?","M","E","R","E","T","M","R","?","$","?","R","BOSS","R","$","E","BOSS"],"items_purchased_type":["Card","Relic","Card","Relic","Card","Relic","Relic","Potion"],"build_version":"2020-12-22","purchased_purges":4,"victory":false,"max_hp_per_floor":[64,64,64,64,64,64,64,64,64,64,64,64,64,64,64,64,64,64,64,64,64,64,64,64,64,64,64,64,64,64,70,70,70,70,70,77,77,77,77,77,77,77,77,77,77,77,77,77,77,77,77,77,77,78,78,78],"card_choices":[{"not_picked":["Barrage","Stack"],"picked":"Turbo","floor":1.0},{"not_picked":["Beam Cell","Redo"],"picked":"Leap","floor":5.0},{"not_picked":["Tempest","Glacier"],"picked":"Ball Lightning","floor":7.0},{"not_picked":["Steam Power","Streamline"],"picked":"jedi:blockon","floor":8.0},{"not_picked":["conspire:Rain","Hello World"],"picked":"hubris:Ukulele","floor":11.0},{"not_picked":["ReplayGash","Fusion"],"picked":"BasicCrystalCard","floor":12.0},{"not_picked":["StuffTheSpire:ShieldGenerator","Darkness"],"picked":"Go for the Eyes","floor":13.0},{"not_picked":["Compile Driver","White Noise"],"picked":"Leap","floor":14.0},{"not_picked":["hubris:SpecializedCircuitry","ReplayRNGCard"],"picked":"ReplayTheSpireMod:Omega Cannon","floor":16.0},{"not_picked":["jedi:blockon","Cold Snap"],"picked":"Consume","floor":18.0},{"not_picked":["Rebound","Streamline"],"picked":"Steam","floor":20.0},{"not_picked":["Sweeping Beam","jedi:BurstFrost"],"picked":"Doom and Gloom+1","floor":21.0},{"not_picked":["jedi:locknload","ReplayTheSpireMod:Repulse"],"picked":"Cold Snap","floor":22.0},{"not_picked":["jedi:blockon","ReplayRNGCard"],"picked":"Undo","floor":24.0},{"not_picked":["Barrage","jedi:overflow","BasicCrystalCard"],"picked":"SKIP","floor":27.0},{"not_picked":["Reboot","Hyperbeam"],"picked":"StuffTheSpire:ForEach","floor":33.0},{"not_picked":["jedi:blockon+1","Barrage+1"],"picked":"Conserve Battery","floor":35.0},{"not_picked":["Cold Snap","Beam Cell"],"picked":"Self Repair+1","floor":37.0},{"not_picked":["Leap","StuffTheSpire:LoadUp"],"picked":"Steam+1","floor":39.0},{"not_picked":["Compile Driver","Rip and Tear"],"picked":"Conserve Battery","floor":40.0},{"not_picked":["hubris:SpecializedCircuitry","Sweeping Beam"],"picked":"Conserve Battery+1","floor":42.0},{"not_picked":["Double Energy","Steam"],"picked":"BasicCrystalCard+1","floor":44.0},{"not_picked":["Cold Snap+1","Sweeping Beam+1"],"picked":"jedi:locknload","floor":54}],"player_experience":1767579,"relics_obtained":[{"floor":3.0,"key":"jedi:firstaidkit"},{"floor":4.0,"key":"HollowMod:PaleOreRelic"},{"floor":7.0,"key":"Golden Egg"},{"floor":12.0,"key":"Runesmith:AutoHammer"},{"floor":14.0,"key":"Regal Pillow"},{"floor":24.0,"key":"Replay:Mystery Machine"},{"floor":26.0,"key":"Juzu Bracelet"},{"floor":40.0,"key":"Gremlin Food"},{"floor":42.0,"key":"Pondfish Scales"},{"floor":43.0,"key":"Anchor"},{"floor":54,"key":"StuffTheSpire:Rhapsscallions"}],"event_choices":[{"damage_healed":0.0,"max_hp_gain":0.0,"max_hp_loss":0.0,"gold_gain":0.0,"event_name":"conspire:Investor","player_choice":"Leave","floor":46.0,"gold_loss":0.0,"damage_taken":0.0}],"is_beta":false,"boss_relics":[{"not_picked":["conspire:SlowCooker","aspiration:BardSkillbook"],"picked":"FrozenCore"},{"not_picked":["Philosopher\u0027s Stone","StuffTheSpire:ModemDavis"],"picked":"Nuclear Battery"}],"items_purged_floors":[10,36,47,53],"is_endless":false,"potions_floor_spawned":[8,11,12,16,18,22,33,37,39,42,44,54],"killed_by":"The Heart","ascension_level":18}}