{"host":"dubvjd3hvlwuhjqk","time":1610629467,"event":{"mods":["BaseMod","Better Match","Better Third Choice","BetterRewards","Colored Map","Colored Powertips","Conspire","Curses Come First","Downfall","Energized Spire","Googly Eyes","GungeonMod","Hermit","Hubris","Infinite Spire","Minty Spire (QoL Compilation)","Permanent Neow","Quick Restart","Robot Space Explorer","Shade Mod","Shop Mod","StSLib","The Bladedancer","The Cursed","The Hayseed","The Jungle","TheBandit","UnlockEverythingMod","egg"],"gold_per_floor":[99,119,176,176,210,220,220,237,29,29,29,54,78,95,113,113,113,113],"floor_reached":16,"language":"ENG","playtime":804,"items_purged":["Slimebound:MinionMaster"],"score":90,"play_id":"45af27f3-c4d7-494b-bc8c-12a9a9f72bcf","local_time":"20210114150427","is_ascension_mode":false,"campfire_choices":[{"data":"Slimebound:Split","floor":1,"key":"SMITH"},{"data":"Slimebound:Grow","floor":11,"key":"SMITH"}],"circlet_count":0,"master_deck":["Slimebound:Strike_Slimebound","Slimebound:Strike_Slimebound","Slimebound:Strike_Slimebound","Slimebound:Tackle","Slimebound:Defend_Slimebound","Slimebound:Defend_Slimebound","Slimebound:Defend_Slimebound","Slimebound:Defend_Slimebound","Slimebound:Split+1","Slimebound:CorrosiveSpit+1","Slimebound:GoopSpray","Slimebound:GrowthPunch","Slimebound:HauntingLick","Slimebound:SplitAcid+1","Slimebound:Grow+1","Slimebound:ForwardTackle","Slimebound:SlimeSpikes"],"relics":["Slimebound:AbsorbEndCombat","infinitespire:Satchel","Smiling Mask","Slimebound:SelfDamagePreventRelic","hubris:Towel","Odd Mushroom","War Paint"],"acts_visited":["Exordium"],"potions_floor_usage":[12],"damage_taken":[{"damage":11,"enemies":"Small Slimes","floor":2,"turns":3},{"damage":51,"enemies":"Lagavulin Event","floor":3,"turns":6},{"damage":10,"enemies":"conspire:MimicChest","floor":5,"turns":4},{"damage":10,"enemies":"conspire:RoseBush","floor":6,"turns":2},{"damage":8,"enemies":"Jaw Worm","floor":8,"turns":2},{"damage":21,"enemies":"downfall:FleeingMerchant","floor":9,"turns":4},{"damage":13,"enemies":"The Mushroom Lair","floor":12,"turns":2},{"damage":10,"enemies":"Lots of Slimes","floor":14,"turns":3},{"damage":8,"enemies":"2 Fungi Beasts","floor":15,"turns":2},{"damage":58,"enemies":"downfall:Defect","floor":16,"turns":5}],"seed_played":"1654585230287427179","potions_obtained":[{"floor":3,"key":"EssenceOfSteel"},{"floor":6,"key":"AttackPotion"},{"floor":8,"key":"Block Potion"},{"floor":14,"key":"FearPotion"}],"is_trial":false,"path_per_floor":["R","M","?","?","?","M","T","M","$","?","R","?","T","M","M","B"],"character_chosen":"SLIMEBOUND","items_purchased":["Slimebound:SelfDamagePreventRelic"],"campfire_rested":0,"item_purchase_floors":[9],"current_hp_per_floor":[66,66,31,36,42,42,42,38,37,37,37,42,42,38,44,0,0,0],"gold":113,"neow_bonus":"TEN_PERCENT_HP_BONUS","is_daily":false,"chose_seed":false,"campfire_upgraded":2,"win_rate":0.0,"timestamp":1610629467,"path_taken":["R","M","?","?","?","?","T","?","$","?","R","?","?","?","M","BOSS"],"items_purchased_type":["Relic"],"build_version":"2020-12-22","purchased_purges":1,"victory":false,"max_hp_per_floor":[66,66,66,71,71,71,71,71,71,71,71,71,71,71,71,71,71,71],"card_choices":[{"not_picked":["Slimebound:Schlurp","Slimebound:LeechEnergy"],"picked":"Slimebound:GoopSpray","floor":2},{"not_picked":["Slimebound:SamplingLick","Slimebound:Grow"],"picked":"Slimebound:GrowthPunch","floor":3},{"not_picked":["Slimebound:GrowthPunch","Slimebound:FinishingTackle"],"picked":"Slimebound:HauntingLick","floor":5},{"not_picked":["Slimebound:HauntingLick","Slimebound:LivingWall"],"picked":"Slimebound:SplitAcid","floor":6},{"not_picked":["Slimebound:SamplingLick","Slimebound:ComboTackle"],"picked":"Slimebound:MinionMaster","floor":8},{"not_picked":["Slimebound:Prepare","Slimebound:ViciousTackle"],"picked":"Slimebound:Grow","floor":9},{"not_picked":["Slimebound:Gluttony","Slimebound:DisruptingSlam"],"picked":"Slimebound:ForwardTackle","floor":14},{"not_picked":["Slimebound:GrowthPunch","Slimebound:LivingWall"],"picked":"Slimebound:SlimeSpikes","floor":15}],"player_experience":85469,"relics_obtained":[{"floor":3,"key":"infinitespire:Satchel"},{"floor":5,"key":"Smiling Mask"},{"floor":12,"key":"Odd Mushroom"},{"floor":13,"key":"War Paint"}],"event_choices":[{"damage_healed":0,"gold_gain":0,"player_choice":"Donut","damage_taken":0,"max_hp_gain":5,"max_hp_loss":0,"event_name":"Big Fish","floor":4,"gold_loss":0},{"damage_healed":0,"gold_gain":0,"player_choice":"Fought Mushrooms","damage_taken":0,"max_hp_gain":0,"max_hp_loss":0,"event_name":"Mushrooms","floor":12,"gold_loss":0}],"is_beta":false,"boss_relics":[],"items_purged_floors":[9],"is_endless":false,"potions_floor_spawned":[3,6,8,14],"killed_by":"downfall:Defect","ascension_level":0}}