{"host":"8d3fefv2347kqkpz","time":1610659824,"event":{"mods":["100% Spire Juice","BaseMod","Better Vampires","Colored Map","Downfall","Minty Spire (QoL Compilation)","Quick Restart","Replay The Spire","StSLib","The Gatherer","Waifu the Spire"],"gold_per_floor":[110,121,121,296,371,390,390,390,390,418,430,463,12,12,12,141,141,159,184,200,219,419,419,444,467,467,27,47,47,47],"floor_reached":29,"language":"ZHS","playtime":2031,"items_purged":["Doubt"],"score":219,"play_id":"3cf2b385-f0b6-4591-97d0-b7921bdeb2a9","local_time":"20210115053024","is_ascension_mode":false,"campfire_choices":[{"data":"Searing Blow","floor":7,"key":"SMITH"},{"floor":11,"key":"REST"},{"data":"expansioncontent:StudyTheSpire","floor":15,"key":"SMITH"},{"floor":23,"key":"REST"}],"circlet_count":0,"master_deck":["Strike_R","Strike_R","Strike_R","Strike_R","Strike_R","Defend_R","Defend_R","Defend_R","Bash+1","Searing Blow+1","ReplayTheSpireMod:Limb From Limb","Thunderclap","Clash","Dropkick","expansioncontent:StudyTheSpire+1","Immolate","CurseOfTheBell","Shrug It Off","Uppercut+1","Thunderclap","Clash","Blood for Blood"],"relics":["Burning Blood","Golden Idol","MawBank","Gremlin Food","Calling Bell","Gambling Chip","Chameleon Ring","Orichalcum","Ornamental Fan","Torii"],"acts_visited":["Exordium","TheCity"],"potions_floor_usage":[10,20,21,21],"damage_taken":[{"damage":1,"enemies":"2 Louse","floor":1,"turns":4},{"damage":5,"enemies":"Small Slimes","floor":2,"turns":4},{"damage":1,"enemies":"Cultist","floor":6,"turns":3},{"damage":28,"enemies":"Gremlin Gang","floor":10,"turns":7},{"damage":7,"enemies":"3 Louse","floor":12,"turns":4},{"damage":47,"enemies":"The Guardian","floor":16,"turns":6},{"damage":20,"enemies":"3 Byrds","floor":18,"turns":4},{"damage":4,"enemies":"Chosen","floor":19,"turns":5},{"damage":26,"enemies":"Snake Plant","floor":20,"turns":4},{"damage":53,"enemies":"Shelled Parasite and Fungi","floor":21,"turns":6},{"damage":13,"enemies":"Centurion and Healer","floor":24,"turns":9},{"damage":23,"enemies":"Snake Plant","floor":25,"turns":4},{"damage":11,"enemies":"Snecko","floor":28,"turns":4},{"damage":18,"enemies":"Centurion and Healer","floor":29,"turns":3}],"seed_played":"5560019144454787977","potions_obtained":[{"floor":1,"key":"BloodPotion"},{"floor":10,"key":"hexamod:EctoCoolerPotion"},{"floor":16,"key":"DistilledChaos"},{"floor":20,"key":"Adrenaline Potion"},{"floor":24,"key":"EssenceOfSteel"},{"floor":28,"key":"SteroidPotion"}],"is_trial":false,"path_per_floor":["M","M","?","?","?","M","R","?","T","M","R","M","$","?","R","B",null,"M","M","M","M","?","R","M","M","T","$","M","M"],"character_chosen":"IRONCLAD","items_purchased":["Dropkick","expansioncontent:StudyTheSpire","Gremlin Food","Clash","Blood for Blood","Torii","Adrenaline Potion"],"campfire_rested":2,"item_purchase_floors":[13,13,13,27,27,27,27],"current_hp_per_floor":[88,88,93,93,82,87,87,64,64,60,87,86,86,86,86,45,93,79,81,61,14,14,41,34,17,17,17,12,0,0],"gold":47,"neow_bonus":"TEN_PERCENT_HP_BONUS","is_daily":false,"chose_seed":false,"campfire_upgraded":2,"win_rate":0.0,"timestamp":1610659824,"path_taken":["M","M","?","?","?","M","R","?","T","M","R","M","$","?","R","BOSS","M","?","M","?","?","R","M","M","T","$","M","M"],"items_purchased_type":["Card","Card","Relic","Card","Card","Relic","Potion"],"build_version":"2020-12-22","purchased_purges":1,"victory":false,"max_hp_per_floor":[88,88,93,93,93,93,93,93,93,93,93,93,93,93,93,93,93,93,93,93,93,93,93,93,93,93,93,93,93,93],"card_choices":[{"not_picked":["Body Slam","Run Through"],"picked":"Searing Blow","floor":1},{"not_picked":["Havoc","ReplayTheSpireMod:Strike From Hell"],"picked":"ReplayTheSpireMod:Limb From Limb","floor":2},{"not_picked":["Fire Breathing","Flame Barrier","Headbutt"],"picked":"SKIP","floor":6},{"not_picked":["Anger","Headbutt"],"picked":"Thunderclap","floor":10},{"not_picked":["Headbutt","Twin Strike"],"picked":"Clash","floor":12},{"not_picked":["Replay:Many Hands","Limit Break"],"picked":"Immolate","floor":16},{"not_picked":["Infernal Blade","Uppercut"],"picked":"Shrug It Off","floor":18},{"not_picked":["Run Through","Havoc","Thunderclap"],"picked":"SKIP","floor":19},{"not_picked":["Iron Wave+1","Sentinel"],"picked":"Uppercut+1","floor":20},{"not_picked":["Combust","Sword Boomerang"],"picked":"Thunderclap","floor":21},{"not_picked":["Heavy Blade","Shockwave","Replay:Undeath\u0027s Touch"],"picked":"SKIP","floor":24},{"not_picked":["Warcry+1","Iron Wave","ReplayTheSpireMod:Strike From Hell"],"picked":"SKIP","floor":25},{"not_picked":["Abandon","Replay:Undeath\u0027s Touch","ReplayReversal"],"picked":"SKIP","floor":28}],"player_experience":59647,"relics_obtained":[{"floor":9,"key":"MawBank"},{"floor":17,"key":"Gambling Chip"},{"floor":17,"key":"Chameleon Ring"},{"floor":17,"key":"Orichalcum"},{"floor":26,"key":"Ornamental Fan"}],"event_choices":[{"damage_healed":0,"gold_gain":0,"player_choice":"Donut","damage_taken":0,"max_hp_gain":5,"max_hp_loss":0,"event_name":"Big Fish","floor":3,"gold_loss":0},{"damage_healed":0,"gold_gain":175,"player_choice":"AGREE","damage_taken":0,"max_hp_gain":0,"max_hp_loss":0,"event_name":"Liars Game","floor":4,"gold_loss":0,"cards_obtained":["Doubt"]},{"damage_healed":0,"gold_gain":75,"player_choice":"Gather Gold","damage_taken":11,"max_hp_gain":0,"max_hp_loss":0,"event_name":"World of Goop","floor":5,"gold_loss":0},{"damage_healed":0,"gold_gain":0,"player_choice":"Take Damage","damage_taken":23,"relics_obtained":["Golden Idol"],"max_hp_gain":0,"max_hp_loss":0,"event_name":"Golden Idol","floor":8,"gold_loss":0},{"cards_removed":["Defend_R"],"damage_healed":0,"gold_gain":0,"player_choice":"Offered Basic","damage_taken":0,"max_hp_gain":0,"max_hp_loss":0,"event_name":"Bonfire Elementals","floor":14,"gold_loss":0},{"damage_healed":0,"gold_gain":200,"player_choice":"Gold","damage_taken":0,"max_hp_gain":0,"max_hp_loss":0,"event_name":"Wheel of Change","floor":22,"gold_loss":0}],"is_beta":false,"boss_relics":[{"not_picked":["Philosopher\u0027s Stone","Replay:Grab Bag"],"picked":"Calling Bell"}],"items_purged_floors":[13],"is_endless":false,"potions_floor_spawned":[1,10,16,20,24,28],"killed_by":"Centurion and Healer","ascension_level":0}}