{"host":"pmmuxs046gii331m","time":1610637058,"event":{"mods":["AchievementEnabler","AlwaysNeverKeys","BaseMod","Colored Powertips","Custom Start","Disable Question Mark Monsters","Downfall","Gold Saver","Minty Spire (QoL Compilation)","Permanent Neow","Quick Restart","Replay The Spire","StSLib"],"gold_per_floor":[114,114,114,114,114,114,124,156,179,179,195,229,240,165,165,265,265,276,82,82,92,106,132,132,30,30,30,50,150,163,174,174,275,275,290,301,312,330,348,348,398,431,431,457,457,77,87,87,87,87],"floor_reached":51,"language":"ENG","playtime":7055,"items_purged":["Guardian:Defend_Guardian","Guardian:Defend_Guardian","Decay","Guardian:Defend_Guardian"],"score":557,"play_id":"5de92227-eda7-4484-9d8f-34232fd361c5","local_time":"20210114101058","is_ascension_mode":false,"campfire_choices":[{"data":"Guardian:SentryBeam","floor":6,"key":"SMITH"},{"data":"Guardian:EvasiveProtocol","floor":10,"key":"SMITH"},{"data":"Guardian:TemporalStrike","floor":15,"key":"SMITH"},{"data":"Guardian:TwinSlam","floor":24,"key":"SMITH"},{"data":"Guardian:TemporalShield","floor":27,"key":"SMITH"},{"floor":32,"key":"DIG"},{"data":"Guardian:RevengeProtocol","floor":40,"key":"SMITH"},{"floor":45,"key":"REST"},{"floor":49,"key":"REST"}],"circlet_count":0,"master_deck":["Guardian:Strike_Guardian+1","Guardian:Strike_Guardian+1","Guardian:Strike_Guardian+1","Guardian:Defend_Guardian","Guardian:CurlUp+1","Guardian:TwinSlam+1","Guardian:SentryBeam+1","Guardian:EvasiveProtocol+1","Guardian:TemporalShield+1","Guardian:TemporalStrike+1","Guardian:RevengeProtocol+1","Guardian:PrimingBeam+1","Guardian:PiercingHide+1","Guardian:SentryBeam+1"],"relics":["Guardian:ModeShifter","Replay:Wax Seal","Boot","ReplayTheSpireMod:Lightbulb","Replay:Ringing Soul","Busted Crown","Membership Card","Bottled Tornado","BargainBundle","Blue Candle","Replay:Bottled Steam","Painkiller Herb","Durian","CaptainsWheel","Replay:Mystery Machine","Whetstone","Blood Vial","ReplayTheSpireMod:Shallot","TheAbacus"],"acts_visited":["Exordium","TheCity","TheBeyond"],"potions_floor_usage":[8,16,23,23,33,39,50,50],"damage_taken":[{"damage":0,"enemies":"Small Slimes","floor":1,"turns":3},{"damage":0,"enemies":"Jaw Worm","floor":7,"turns":3},{"damage":11,"enemies":"Replay:BlueRogue","floor":8,"turns":5},{"damage":3,"enemies":"2 Louse","floor":11,"turns":2},{"damage":5,"enemies":"3 Sentries","floor":12,"turns":8},{"damage":0,"enemies":"Red Slaver","floor":13,"turns":3},{"damage":7,"enemies":"Slime Boss","floor":16,"turns":12},{"damage":0,"enemies":"Spheric Guardian","floor":18,"turns":4},{"damage":6,"enemies":"Shell Parasite","floor":21,"turns":5},{"damage":4,"enemies":"Shelled Parasite and Fungi","floor":22,"turns":5},{"damage":18,"enemies":"Slavers","floor":23,"turns":4},{"damage":0,"enemies":"Centurion and Healer","floor":28,"turns":4},{"damage":0,"enemies":"Chosen and Byrds","floor":30,"turns":4},{"damage":0,"enemies":"Snecko","floor":31,"turns":4},{"damage":1,"enemies":"Champ","floor":33,"turns":12},{"damage":14,"enemies":"3 Shapes","floor":35,"turns":4},{"damage":25,"enemies":"3 Darklings","floor":36,"turns":4},{"damage":15,"enemies":"4 Shapes","floor":37,"turns":5},{"damage":0,"enemies":"Sphere and 2 Shapes","floor":38,"turns":4},{"damage":9,"enemies":"Jaw Worm Horde","floor":39,"turns":3},{"damage":0,"enemies":"Mind Bloom Boss Battle","floor":41,"turns":5},{"damage":3,"enemies":"Nemesis","floor":42,"turns":6},{"damage":5,"enemies":"3 Darklings","floor":47,"turns":3},{"damage":0,"enemies":"Replay:Hell Engine","floor":50,"turns":9}],"seed_played":"3823032526138626357","potions_obtained":[{"floor":1,"key":"Explosive Potion"},{"floor":11,"key":"Energy Potion"},{"floor":18,"key":"Explosive Potion"},{"floor":21,"key":"Reflective Coating"},{"floor":22,"key":"sneckomod:MuddlingPotion"},{"floor":28,"key":"Guardian:BlockOnCardUsePotion"},{"floor":36,"key":"LiquidBronze"},{"floor":37,"key":"Dexterity Potion"},{"floor":41,"key":"sneckomod:MuddlingPotion"},{"floor":42,"key":"FearPotion"}],"is_trial":true,"path_per_floor":["M","?","?","?","?","R","M","E","T","R","M","E","M","$","R","B",null,"M","$","?","M","M","E","R","$","T","R","M","?","M","M","R","B",null,"?","?","?","?","?","T","?","E","T","T","T","T","?","?","T","B",null],"character_chosen":"GUARDIAN","items_purchased":["Membership Card","BargainBundle","Guardian:Gem_Fragmented","Blood Vial","ReplayTheSpireMod:Shallot","Guardian:SentryBeam+1","TheAbacus"],"campfire_rested":2,"item_purchase_floors":[19,25,25,46,46,46,46],"current_hp_per_floor":[80,64,69,62,44,44,44,33,33,33,30,28,31,31,31,27,94,94,94,97,94,90,72,72,75,75,75,75,75,75,78,78,80,109,98,76,61,64,55,55,60,57,57,57,93,96,93,93,126,126],"gold":87,"neow_bonus":"","is_daily":false,"chose_seed":false,"campfire_upgraded":6,"win_rate":0.0,"timestamp":1610637058,"path_taken":["M","?","?","?","?","R","M","E","T","R","M","E","M","$","R","BOSS","M","$","?","M","?","E","R","?","T","R","M","?","M","?","R","BOSS","?","?","?","?","?","T","?","E","T","?","T","T","?","?","T","BOSS"],"items_purchased_type":["Relic","Relic","Card","Relic","Relic","Card","Relic"],"build_version":"2020-12-22","purchased_purges":4,"victory":true,"max_hp_per_floor":[80,80,85,85,85,85,85,85,85,85,85,88,91,91,91,94,94,94,94,97,100,100,100,100,103,103,103,103,103,103,106,106,109,109,112,115,115,118,118,118,123,123,123,123,123,126,126,126,126,126],"card_choices":[{"not_picked":["Guardian:PolyBeam","Guardian:ChargeCore"],"picked":"Guardian:SentryBeam","floor":1},{"not_picked":["Guardian:CrystalBeam","Guardian:RefractedBeam","Guardian:Incinerate"],"picked":"SKIP","floor":7},{"not_picked":["Guardian:Harden","Guardian:Clone"],"picked":"Guardian:EvasiveProtocol","floor":8},{"not_picked":["Guardian:Preprogram","Guardian:PrismaticBarrier","Guardian:VentSteam"],"picked":"SKIP","floor":11},{"not_picked":["Guardian:PrismaticBarrier","Guardian:RefractedBeam"],"picked":"Guardian:TemporalShield","floor":12},{"not_picked":["Guardian:Reroute","Guardian:ShieldCharger"],"picked":"Guardian:TemporalStrike","floor":13},{"not_picked":["Guardian:ExploitGems","Guardian:StasisStrike"],"picked":"Guardian:Gem_Synthetic","floor":16},{"not_picked":["Guardian:PrismaticBarrier"],"picked":"SKIP","floor":18},{"not_picked":[],"picked":"Guardian:Gem_Fragmented","floor":21},{"not_picked":["Guardian:WalkerClaw"],"picked":"SKIP","floor":22},{"not_picked":["Guardian:DecasProtection+1"],"picked":"SKIP","floor":23},{"not_picked":["Guardian:Repulse"],"picked":"SKIP","floor":28},{"not_picked":["Guardian:TemporalShield"],"picked":"SKIP","floor":30},{"not_picked":[],"picked":"Guardian:Gem_Cyan","floor":31},{"not_picked":[],"picked":"Guardian:RevengeProtocol","floor":33},{"not_picked":[],"picked":"Guardian:PrimingBeam+1","floor":35},{"not_picked":[],"picked":"Guardian:PiercingHide+1","floor":36},{"not_picked":["Guardian:VentSteam+1"],"picked":"SKIP","floor":37},{"not_picked":[],"picked":"Guardian:Gem_Purple","floor":38},{"not_picked":["Guardian:PrismaticBarrier"],"picked":"SKIP","floor":39},{"not_picked":["Guardian:ShieldCharger+1"],"picked":"SKIP","floor":42},{"not_picked":["Guardian:Reroute+1"],"picked":"SKIP","floor":47}],"player_experience":274771,"relics_obtained":[{"floor":8,"key":"Boot"},{"floor":9,"key":"ReplayTheSpireMod:Lightbulb"},{"floor":12,"key":"Replay:Ringing Soul"},{"floor":23,"key":"Bottled Tornado"},{"floor":26,"key":"Blue Candle"},{"floor":32,"key":"Replay:Bottled Steam"},{"floor":41,"key":"Durian"},{"floor":42,"key":"CaptainsWheel"},{"floor":43,"key":"Replay:Mystery Machine"},{"floor":44,"key":"Whetstone"}],"event_choices":[{"damage_healed":0,"gold_gain":0,"player_choice":"Entered Light","damage_taken":16,"max_hp_gain":0,"max_hp_loss":0,"event_name":"Shining Light","floor":2,"gold_loss":0,"cards_upgraded":["Guardian:Strike_Guardian","Guardian:CurlUp"]},{"damage_healed":0,"gold_gain":0,"player_choice":"Donut","damage_taken":0,"max_hp_gain":5,"max_hp_loss":0,"event_name":"Big Fish","floor":3,"gold_loss":0},{"cards_removed":["Guardian:Strike_Guardian"],"damage_healed":0,"gold_gain":0,"player_choice":"Card Removal","damage_taken":7,"max_hp_gain":0,"max_hp_loss":0,"event_name":"Golden Wing","floor":4,"gold_loss":0},{"damage_healed":0,"gold_gain":0,"player_choice":"Success","damage_taken":18,"relics_obtained":["Replay:Wax Seal"],"max_hp_gain":0,"max_hp_loss":0,"event_name":"Scrap Ooze","floor":5,"gold_loss":0},{"damage_healed":0,"gold_gain":0,"player_choice":"Cursed","damage_taken":0,"max_hp_gain":0,"max_hp_loss":0,"event_name":"Wheel of Change","floor":20,"gold_loss":0,"cards_obtained":["Decay"]},{"damage_healed":0,"gold_gain":100,"player_choice":"Pray","damage_taken":0,"max_hp_gain":0,"max_hp_loss":0,"event_name":"Golden Shrine","floor":29,"gold_loss":0},{"damage_healed":0,"gold_gain":0,"player_choice":"Fight","damage_taken":0,"max_hp_gain":0,"max_hp_loss":0,"event_name":"MindBloom","floor":41,"gold_loss":0}],"is_beta":false,"boss_relics":[{"not_picked":["Cursed Key","Tiny House"],"picked":"Busted Crown"},{"not_picked":["Velvet Choker","expansioncontent:StudyCardRelic"],"picked":"Painkiller Herb"}],"items_purged_floors":[14,19,25,46],"is_endless":false,"potions_floor_spawned":[1,11,18,21,22,28,36,37,41,42],"ascension_level":0}}