{"host":"0009l0kk6tb2u2kt","time":1610657750,"event":{"mods":["BaseMod","Downfall","Hermit","Hubris","Minty Spire (QoL Compilation)","Replay The Spire","StSLib"],"gold_per_floor":[99,117,130,130,230,256,256,274,291,216,245,245,245,271,292,389,389,389,407,434,434,5,32,32,32,57,90,175,189,189,208,220,333,333,258,285,311,328,328,357,357,376,301,321,340,340,356,27,42,42],"floor_reached":51,"language":"ENG","playtime":4731,"items_purged":["hexamod:Defend"],"score":740,"play_id":"ea1cf72a-b438-4042-8a8d-a17506f9cd70","local_time":"20210114215550","is_ascension_mode":false,"campfire_choices":[{"data":"hexamod:Float","floor":1,"key":"SMITH"},{"data":"hexamod:VolcanoVisage","floor":10,"key":"SMITH"},{"data":"hexamod:NightmareStrike","floor":12,"key":"SMITH"},{"data":"hexamod:GhostflameInferno","floor":18,"key":"SMITH"},{"floor":30,"key":"RECALL"},{"data":"hexamod:GhostShield","floor":35,"key":"SMITH"},{"floor":43,"key":"REST"},{"data":"hexamod:Hexaguard","floor":46,"key":"SMITH"}],"circlet_count":0,"master_deck":["hexamod:Strike","hexamod:Strike","hexamod:Strike","hexamod:Defend","hexamod:Defend","hexamod:Defend","hexamod:Sear","hexamod:Float+1","hexamod:SpectersWail","hexamod:NightmareStrike+1","hexamod:PowerFromBeyond","hexamod:VolcanoVisage+1","hexamod:GhostShield+1","hexamod:Hexaguard","hexamod:GhostflameInferno+1","hexamod:NightmareGuise","hexamod:Hexaguard+1","hexamod:RecurringNightmare","hexamod:GhostLash+1","hexamod:UnleashSpirits","hexamod:NightmareStrike+1","hexamod:NightmareGuise","hexamod:SpectersWail+1","hexamod:FlamesFromBeyond+1","Parasite","hexamod:HexaLevel"],"relics":["hexamod:SpiritBrand","Dream Catcher","Bottled Tornado","downfall:HeartBlessingGreen","Odd Mushroom","hexamod:MatchstickCase","hexamod:IceCube","ReplayTheSpireMod:Shallot","hubris:64BitClover","Replay:Bottled Steam","SlaversCollar","downfall:HeartBlessingRed","hexamod:TheBrokenSeal","Nunchaku","hubris:Towel","Toy Ornithopter","downfall:HeartBlessingBlue","Letter Opener"],"acts_visited":["Exordium","TheCity","TheBeyond"],"potions_floor_usage":[14,27,27,33,36,37,40,45,50,50,50],"damage_taken":[{"damage":0,"enemies":"Small Slimes","floor":2,"turns":2},{"damage":0,"enemies":"2 Louse","floor":3,"turns":2},{"damage":14,"enemies":"3 Sentries","floor":6,"turns":10},{"damage":0,"enemies":"Cultist","floor":8,"turns":3},{"damage":0,"enemies":"Blue Slaver","floor":9,"turns":4},{"damage":6,"enemies":"The Mushroom Lair","floor":11,"turns":4},{"damage":4,"enemies":"Gremlin Nob","floor":14,"turns":4},{"damage":7,"enemies":"3 Louse","floor":15,"turns":3},{"damage":15,"enemies":"downfall:Ironclad","floor":16,"turns":9},{"damage":0,"enemies":"3 Byrds","floor":19,"turns":5},{"damage":0,"enemies":"Shell Parasite","floor":20,"turns":4},{"damage":0,"enemies":"downfall:FleeingMerchant","floor":22,"turns":4},{"damage":16,"enemies":"Snake Plant","floor":23,"turns":4},{"damage":1,"enemies":"Cultist and Chosen","floor":26,"turns":6},{"damage":10,"enemies":"Gremlin Leader","floor":27,"turns":5},{"damage":0,"enemies":"Chosen and Byrds","floor":29,"turns":5},{"damage":0,"enemies":"Snake Plant","floor":31,"turns":3},{"damage":0,"enemies":"Snecko","floor":32,"turns":4},{"damage":0,"enemies":"downfall:Defect","floor":33,"turns":7},{"damage":0,"enemies":"Orb Walker","floor":36,"turns":4},{"damage":22,"enemies":"3 Darklings","floor":37,"turns":6},{"damage":21,"enemies":"Spire Growth","floor":38,"turns":4},{"damage":20,"enemies":"Giant Head","floor":40,"turns":9},{"damage":9,"enemies":"Writhing Mass","floor":42,"turns":4},{"damage":0,"enemies":"Maw","floor":44,"turns":8},{"damage":0,"enemies":"4 Shapes","floor":45,"turns":5},{"damage":1,"enemies":"Transient","floor":47,"turns":5},{"damage":0,"enemies":"downfall:FleeingMerchant","floor":48,"turns":4},{"damage":0,"enemies":"Spire Growth","floor":49,"turns":4},{"damage":80,"enemies":"downfall:Silent","floor":50,"turns":9}],"seed_played":"-1236732841487198522","potions_obtained":[{"floor":3,"key":"Elixir"},{"floor":8,"key":"Weak Potion"},{"floor":23,"key":"FearPotion"},{"floor":26,"key":"Energy Potion"},{"floor":27,"key":"CultistPotion"},{"floor":31,"key":"SkillPotion"},{"floor":32,"key":"Swift Potion"},{"floor":37,"key":"FearPotion"},{"floor":37,"key":"PowerPotion"},{"floor":40,"key":"Toxic Potion"},{"floor":44,"key":"Energy Potion"},{"floor":45,"key":"BlessingOfTheForge"}],"is_trial":false,"path_per_floor":["R","M","M","?","?","E","T","M","M","R","?","R","?","E","M","B",null,"R","M","M","?","$","M","T","?","M","E","?","M","R","M","M","B",null,"R","M","M","M","?","E","T","M","R","M","M","R","M","$","M","B",null],"character_chosen":"THE_SPIRIT","items_purchased":["hexamod:UnleashSpirits","ReplayTheSpireMod:Shallot","Letter Opener"],"campfire_rested":1,"item_purchase_floors":[22,22,48],"current_hp_per_floor":[70,70,70,70,70,56,56,56,56,56,50,50,50,46,46,31,70,70,70,70,70,70,61,61,61,67,64,50,57,57,57,64,70,70,70,70,80,59,59,39,39,30,67,67,72,72,71,71,71,6],"gold":42,"neow_bonus":"THREE_CARDS","is_daily":false,"chose_seed":false,"campfire_upgraded":6,"win_rate":0.0,"timestamp":1610657750,"path_taken":["R","M","M","?","?","E","T","M","?","R","?","R","?","E","M","BOSS","R","M","M","?","$","M","T","?","M","E","?","M","R","M","M","BOSS","R","M","M","M","?","E","T","M","R","M","M","R","M","$","M","BOSS"],"items_purchased_type":["Card","Relic","Relic"],"build_version":"2020-12-22","purchased_purges":1,"victory":true,"max_hp_per_floor":[70,70,70,70,70,70,70,70,70,70,70,70,70,70,70,70,70,70,70,70,70,70,70,70,70,70,70,70,70,70,70,70,70,70,70,70,80,80,80,80,80,80,90,90,90,90,90,90,90,90],"card_choices":[{"not_picked":["hexamod:GhostLash","hexamod:GhostShield"],"picked":"hexamod:SpectersWail","floor":0},{"not_picked":["hexamod:AdvancingGuard","hexamod:BacktrackSmack"],"picked":"hexamod:NightmareStrike","floor":2},{"not_picked":["hexamod:RainOfEmbers","hexamod:BurningTouch"],"picked":"hexamod:PowerFromBeyond","floor":3},{"not_picked":["hexamod:AdvancingGuard","hexamod:RainOfEmbers"],"picked":"hexamod:VolcanoVisage","floor":6},{"not_picked":["hexamod:NightmareGuise","hexamod:Haunt"],"picked":"hexamod:GhostShield","floor":8},{"not_picked":["hexamod:Firestarter","hexamod:GhostShield"],"picked":"hexamod:Hexaguard","floor":9},{"not_picked":["hexamod:Firestarter","hexamod:RadiantFlame"],"picked":"hexamod:FirstSeal","floor":14},{"not_picked":["hexamod:HauntingEcho","hexamod:HeatCrush"],"picked":"hexamod:SecondSeal","floor":14},{"not_picked":["hexamod:BurningTouch","hexamod:ExtraCrispy","hexamod:NecessarySacrifice"],"picked":"SKIP","floor":15},{"not_picked":["hexamod:WildfireWeapon","hexamod:VolcanoVisage"],"picked":"hexamod:GhostflameInferno","floor":16},{"not_picked":["hexamod:NecessarySacrifice","hexamod:Incineration+1"],"picked":"hexamod:NightmareGuise","floor":19},{"not_picked":["hexamod:RadiantFlame","hexamod:StepThrough+1","hexamod:BacktrackSmack+1"],"picked":"SKIP","floor":19},{"not_picked":["hexamod:SkipABeat","hexamod:ShieldOfDarkness"],"picked":"hexamod:Hexaguard","floor":20},{"not_picked":["hexamod:ThirdSeal","hexamod:SwordOfDarkness","hexamod:EmpoweredFlame"],"picked":"SKIP","floor":20},{"not_picked":["hexamod:Hexaguard","hexamod:GhostOfSpirePresent+1"],"picked":"hexamod:GhostLash+1","floor":22},{"not_picked":["hexamod:Firestarter+1","hexamod:NightmareGuise","hexamod:SwordOfDarkness"],"picked":"SKIP","floor":22},{"not_picked":["hexamod:SpectersWail","hexamod:Firestarter+1","hexamod:ThermalTransfer+1"],"picked":"SKIP","floor":23},{"not_picked":["hexamod:VolcanoVisage","hexamod:AdvancingGuard","hexamod:RadiantFlame"],"picked":"SKIP","floor":23},{"not_picked":["hexamod:Firestarter","hexamod:Again"],"picked":"hexamod:NightmareStrike+1","floor":26},{"not_picked":["hexamod:HauntingEcho","hexamod:GhostLash"],"picked":"hexamod:NightmareGuise","floor":26},{"not_picked":["hexamod:GhostOfSpirePresent","hexamod:Firestarter"],"picked":"hexamod:SpectersWail+1","floor":27},{"not_picked":["hexamod:GhostLash","hexamod:GhostShield"],"picked":"hexamod:FlamesFromBeyond+1","floor":27},{"not_picked":["hexamod:CrushingStance","hexamod:ThermalTransfer","hexamod:GhostLash+1"],"picked":"SKIP","floor":29},{"not_picked":["hexamod:ThirdSeal","hexamod:ThermalTransfer","hexamod:SoulSteal"],"picked":"SKIP","floor":29},{"not_picked":["hexamod:RainOfEmbers+1","hexamod:AdvancingGuard+1","hexamod:BurningTouch"],"picked":"SKIP","floor":31},{"not_picked":["hexamod:DynamicBlow","hexamod:HauntingEcho","hexamod:RainOfEmbers"],"picked":"SKIP","floor":31},{"not_picked":["hexamod:SpectralAdrenaline","hexamod:Rewind","hexamod:BacktrackSmack"],"picked":"SKIP","floor":32},{"not_picked":["hexamod:EmpoweringStance","hexamod:HexaLevel"],"picked":"hexamod:FifthSeal","floor":33},{"not_picked":["hexamod:ParanormalForm","hexamod:VolcanoVisage"],"picked":"hexamod:SixthSeal","floor":33},{"not_picked":["hexamod:FirstSeal","hexamod:ThirdSeal"],"picked":"hexamod:FourthSeal","floor":36},{"not_picked":["hexamod:PhantomCloak","hexamod:FlamesFromBeyond","hexamod:ShieldOfDarkness+1"],"picked":"SKIP","floor":36},{"not_picked":["hexamod:InspiringFlames","hexamod:NightmareGuise+1","hexamod:Rewind+1"],"picked":"SKIP","floor":36},{"not_picked":["hexamod:PowerFromBeyond","hexamod:Rewind+1","hexamod:RetreatToShadows+1"],"picked":"SKIP","floor":37},{"not_picked":["hexamod:RainOfEmbers","hexamod:SwordOfDarkness+1","hexamod:WildfireWeapon"],"picked":"SKIP","floor":38},{"not_picked":["hexamod:RetreatToShadows+1","hexamod:Rewind+1","hexamod:RainOfEmbers+1"],"picked":"SKIP","floor":40},{"not_picked":["hexamod:BurningTouch","hexamod:RadiantFlame+1","hexamod:SpectersWail+1"],"picked":"SKIP","floor":42},{"not_picked":["hexamod:RainOfEmbers+1","hexamod:NightmareStrike+1","hexamod:RadiantFlame+1"],"picked":"SKIP","floor":44},{"not_picked":["hexamod:RecurringNightmare","hexamod:RainOfEmbers+1","hexamod:HauntingEcho+1"],"picked":"SKIP","floor":45},{"not_picked":["hexamod:Haunt","hexamod:NightmareStrike+1"],"picked":"hexamod:HexaLevel","floor":47},{"not_picked":["hexamod:GhostLash+1","hexamod:NightmareStrike","hexamod:NightmareGuise"],"picked":"SKIP","floor":48},{"not_picked":["hexamod:SwordOfDarkness","hexamod:GhostShield+1","hexamod:InspiringFlames"],"picked":"SKIP","floor":49}],"player_experience":224583,"relics_obtained":[{"floor":6,"key":"Dream Catcher"},{"floor":7,"key":"Bottled Tornado"},{"floor":11,"key":"Odd Mushroom"},{"floor":14,"key":"hexamod:MatchstickCase"},{"floor":24,"key":"hubris:64BitClover"},{"floor":27,"key":"Replay:Bottled Steam"},{"floor":37,"key":"Nunchaku"},{"floor":40,"key":"Toy Ornithopter"}],"event_choices":[{"cards_removed":["hexamod:Strike"],"damage_healed":0,"gold_gain":0,"player_choice":"Card Removal","damage_taken":0,"max_hp_gain":0,"max_hp_loss":0,"event_name":"The Cleric","floor":4,"gold_loss":0},{"damage_healed":0,"gold_gain":0,"player_choice":"Fought Mushrooms","damage_taken":0,"max_hp_gain":0,"max_hp_loss":0,"event_name":"Mushrooms","floor":11,"gold_loss":0},{"damage_healed":0,"gold_gain":0,"player_choice":"Read","damage_taken":0,"max_hp_gain":0,"max_hp_loss":0,"event_name":"The Library","floor":21,"gold_loss":0,"cards_obtained":["hexamod:RecurringNightmare"]}],"is_beta":false,"boss_relics":[{"not_picked":["Snecko Eye","Tiny House"],"picked":"hexamod:IceCube"},{"not_picked":["Kintsugi","Replay:Bronze Core"],"picked":"SlaversCollar"}],"items_purged_floors":[48],"is_endless":false,"potions_floor_spawned":[3,8,23,26,27,31,32,37,40,44,45,49],"ascension_level":0}}