{"host":"w6oy2nru13p3os12","time":1610650843,"event":{"mods":["AchievementEnabler","BaseMod","Better Third Choice","BetterRewards","Conspire","Energized Spire","GungeonMod","Halation","Hubris","Mimic Mod","Minty Spire (QoL Compilation)","Permanent Neow","Quick Restart","Replay The Spire","Reworked Bosses","Spikes Relics","StSLib","The Bug Knight","The Hierophant","Wandering Minibosses"],"gold_per_floor":[112,131,111,122,122,122,72,72,120,132,144,172,182,216,216,313,313,328,328,328,340,358,358,377,377,377,377,302,321,354,366,366,463,463,483,483,383,396,407,441,441,441,465,465,413,413,156,183,183,183],"floor_reached":51,"language":"ENG","playtime":2054,"items_purged":["Strike_P","Defend_P"],"score":1111,"play_id":"2db4a786-b19e-4e46-b5b8-52c21964bfb3","local_time":"20210114140042","is_ascension_mode":true,"campfire_choices":[{"data":"ConjureBlade","floor":6,"key":"SMITH"},{"data":"Eruption","floor":8,"key":"SMITH"},{"data":"DeceiveReality","floor":15,"key":"SMITH"},{"data":"Devotion","floor":23,"key":"SMITH"},{"data":"Devotion","floor":25,"key":"SMITH"},{"data":"Wallop","floor":27,"key":"SMITH"},{"data":"MasterReality","floor":32,"key":"SMITH"},{"data":"Evaluate","floor":41,"key":"SMITH"},{"data":"Devotion","floor":44,"key":"SMITH"},{"data":"SashWhip","floor":49,"key":"SMITH"}],"circlet_count":0,"master_deck":["Strike_P","Defend_P","Defend_P","Defend_P","Eruption+1","Vigilance","ConjureBlade+1","SashWhip+1","Conclude","DeceiveReality+1","Replay:BluntJabs","Evaluate+1","Replay:ManipulateFuture","Devotion+1","Devotion+1","Wallop+1","Prostrate","MasterReality+1","Devotion+1","Replay:Anticipation+1"],"relics":["PureWater","DemoMod:GlassGuonStoneRelic","halation:LettersToHer","hubris:MysteriousPyramids","hubris:PeanutButter","hubris:Stopwatch","Potion Belt","Lantern","hubris:Backtick","Thread and Needle","BlackRope","PreservedInsect","hubris:DeckOfHolding","hubris:CrystalStatue"],"acts_visited":["Exordium","TheCity","TheBeyond"],"potions_floor_usage":[11,13,14,18,31,33,39,40,50,50],"damage_taken":[{"damage":0,"enemies":"Small Slimes","floor":1,"turns":3},{"damage":0,"enemies":"Cultist","floor":2,"turns":2},{"damage":0,"enemies":"2 Louse","floor":4,"turns":2},{"damage":0,"enemies":"Blue Slaver","floor":10,"turns":4},{"damage":0,"enemies":"Large Slime","floor":11,"turns":4},{"damage":0,"enemies":"3 Sentries","floor":12,"turns":6},{"damage":0,"enemies":"Exordium Thugs","floor":13,"turns":2},{"damage":0,"enemies":"Gremlin Nob","floor":14,"turns":3},{"damage":0,"enemies":"Slime Boss","floor":16,"turns":3},{"damage":0,"enemies":"conspire:FuzzyDice","floor":18,"turns":6},{"damage":0,"enemies":"Shell Parasite","floor":21,"turns":4},{"damage":0,"enemies":"Cultist and Chosen","floor":22,"turns":5},{"damage":0,"enemies":"Snecko","floor":24,"turns":4},{"damage":0,"enemies":"conspire:HollyBat","floor":29,"turns":5},{"damage":0,"enemies":"conspire:SneckoGhost","floor":30,"turns":7},{"damage":0,"enemies":"Cultist and Chosen","floor":31,"turns":5},{"damage":0,"enemies":"bossMod:newCollector","floor":33,"turns":5},{"damage":0,"enemies":"Orb Walker","floor":35,"turns":4},{"damage":0,"enemies":"3 Shapes","floor":38,"turns":5},{"damage":0,"enemies":"Maw","floor":39,"turns":6},{"damage":0,"enemies":"R_Hoarder","floor":40,"turns":6},{"damage":0,"enemies":"Giant Head","floor":48,"turns":4},{"damage":0,"enemies":"bossMod:newShapes","floor":50,"turns":9}],"seed_played":"-8845942879207251141","potions_obtained":[{"floor":1,"key":"conspire:TimeTravelPotion"},{"floor":3,"key":"Block Potion"},{"floor":10,"key":"LiquidMemories"},{"floor":13,"key":"Energy Potion"},{"floor":14,"key":"Energy Potion"},{"floor":22,"key":"SpeedPotion"},{"floor":29,"key":"Toxic Potion"},{"floor":30,"key":"AttackPotion"},{"floor":31,"key":"Energy Potion"},{"floor":33,"key":"FearPotion"},{"floor":35,"key":"Fire Potion"},{"floor":40,"key":"BlessingOfTheForge"}],"is_trial":false,"path_per_floor":["M","M","?","M","?","R","?","R","T","M","M","E","M","E","R","B",null,"M","?","?","M","M","R","M","R","T","R","$","M","E","M","R","B",null,"M","?","$","M","M","E","R","?","T","R","$","?","$","E","R","B",null],"character_chosen":"WATCHER","items_purchased":["Strength Potion","hubris:DeckOfHolding"],"campfire_rested":0,"item_purchase_floors":[45,47],"current_hp_per_floor":[72,72,72,72,65,65,65,65,65,65,65,65,65,65,65,65,72,72,72,72,72,72,72,72,72,72,72,72,72,72,72,72,72,72,72,72,72,72,72,72,72,72,72,72,72,72,72,72,72,72],"gold":183,"neow_bonus":"ONE_RANDOM_RARE_CARD","is_daily":false,"chose_seed":false,"campfire_upgraded":10,"win_rate":0.0,"timestamp":1610650842,"path_taken":["M","M","?","?","?","R","?","R","T","M","M","E","M","E","R","BOSS","M","?","?","M","M","R","M","R","T","R","$","M","E","M","R","BOSS","M","?","?","?","M","E","R","?","T","R","$","?","?","E","R","BOSS"],"items_purchased_type":["Potion","Relic"],"build_version":"2020-12-22","purchased_purges":2,"victory":true,"max_hp_per_floor":[72,72,72,72,72,72,72,72,72,72,72,72,72,72,72,72,72,72,72,72,72,72,72,72,72,72,72,72,72,72,72,72,72,72,72,72,72,72,72,72,72,72,72,72,72,72,72,72,72,72],"card_choices":[{"not_picked":["Protect","PathToVictory"],"picked":"SashWhip","floor":1},{"not_picked":["CrushJoints","EmptyBody"],"picked":"Conclude","floor":2},{"not_picked":["Replay:Cycle","Replay:LoomingThreat"],"picked":"DeceiveReality","floor":4},{"not_picked":["WindmillStrike","Vengeance"],"picked":"Replay:BluntJabs","floor":10},{"not_picked":["Pray","CrushJoints"],"picked":"Evaluate","floor":11},{"not_picked":["Halt","FollowUp"],"picked":"Replay:ManipulateFuture","floor":12},{"not_picked":["PathToVictory","SashWhip","Crescendo"],"picked":"SKIP","floor":13},{"not_picked":["FlyingSleeves","Meditate"],"picked":"Devotion","floor":14},{"not_picked":["DeusExMachina","LessonLearned"],"picked":"Devotion","floor":16},{"not_picked":["Replay:ManipulateFuture+1","ThirdEye"],"picked":"Wallop","floor":18},{"not_picked":["Crescendo+1","Replay:Cycle","DevaForm"],"picked":"SKIP","floor":21},{"not_picked":["CrushJoints+1","PathToVictory","JustLucky"],"picked":"SKIP","floor":22},{"not_picked":["Wallop","Consecrate","EmptyBody"],"picked":"SKIP","floor":24},{"not_picked":["ThirdEye","CutThroughFate+1","CrushJoints"],"picked":"SKIP","floor":29},{"not_picked":["Scrawl","Evaluate"],"picked":"MasterReality","floor":30},{"not_picked":["SashWhip","FollowUp+1","TalkToTheHand+1"],"picked":"SKIP","floor":31},{"not_picked":["MasterReality","DevaForm"],"picked":"Devotion","floor":33},{"not_picked":["WheelKick","BattleHymn","EmptyFist+1"],"picked":"SKIP","floor":35},{"not_picked":["EmptyFist","Crescendo","Evaluate+1"],"picked":"SKIP","floor":38},{"not_picked":["Conclude+1","Nirvana","Wallop+1"],"picked":"SKIP","floor":39},{"not_picked":["EmptyFist+1","CrushJoints"],"picked":"Replay:Anticipation+1","floor":40},{"not_picked":["Replay:LoomingThreat","Sanctity","Conclude"],"picked":"SKIP","floor":48}],"player_experience":343754,"relics_obtained":[{"floor":9,"key":"halation:LettersToHer"},{"floor":12,"key":"hubris:MysteriousPyramids"},{"floor":14,"key":"hubris:PeanutButter"},{"floor":26,"key":"halation:LettersToHer"},{"floor":26,"key":"Potion Belt"},{"floor":30,"key":"Lantern"},{"floor":40,"key":"BlackRope"},{"floor":43,"key":"halation:LettersToHer"},{"floor":43,"key":"PreservedInsect"},{"floor":48,"key":"hubris:CrystalStatue"}],"event_choices":[{"damage_healed":0,"gold_gain":0,"player_choice":"Bought 1 Potion","damage_taken":0,"max_hp_gain":0,"max_hp_loss":0,"event_name":"The Woman in Blue","floor":3,"gold_loss":0},{"cards_removed":["Strike_P"],"damage_healed":0,"gold_gain":0,"player_choice":"Card Removal","damage_taken":7,"max_hp_gain":0,"max_hp_loss":0,"event_name":"Golden Wing","floor":5,"gold_loss":0},{"cards_removed":["Strike_P"],"damage_healed":0,"gold_gain":0,"player_choice":"Card Removal","damage_taken":0,"max_hp_gain":0,"max_hp_loss":0,"event_name":"The Cleric","floor":7,"gold_loss":50},{"damage_healed":0,"gold_gain":0,"player_choice":"Read","damage_taken":0,"max_hp_gain":0,"max_hp_loss":0,"event_name":"The Library","floor":20,"gold_loss":0,"cards_obtained":["Prostrate"]},{"damage_healed":0,"gold_gain":0,"player_choice":"Ignored","damage_taken":0,"max_hp_gain":0,"max_hp_loss":0,"event_name":"Tomb of Lord Red Mask","floor":42,"gold_loss":0},{"damage_healed":0,"gold_gain":0,"player_choice":"Leave","damage_taken":0,"max_hp_gain":0,"max_hp_loss":0,"event_name":"conspire:Investor","floor":46,"gold_loss":0}],"is_beta":false,"boss_relics":[{"not_picked":["energizedSpire:OgreHead","halation:CatFaceCupcake"],"picked":"hubris:Stopwatch"},{"not_picked":["Velvet Choker","conspire:SeveredTorchhead"],"picked":"hubris:Backtick"}],"items_purged_floors":[28,37],"is_endless":false,"potions_floor_spawned":[1,10,13,14,22,29,30,31,33,35,40,48],"ascension_level":1}}