{"host":"3a1ypf1irl30q4k8","time":1610638020,"event":{"mods":["AchievementEnabler","BaseMod","Bestiary","Colored Map","Minty Spire (QoL Compilation)","Relic Stats"],"gold_per_floor":[110,120,9,29,47,74,92,105,105,105,121,137,137,137,137,241,241,261,261,279,290,290,290,319,104,104,104,138,138,138,158,158,262,262,280,291,6,25,36,65,65,65,65,65,0,0,0,0,0,0,0,0,0,27,27],"floor_reached":56,"language":"ENG","playtime":3694,"items_purged":["Strike_G","Riddle With Holes"],"score":1231,"play_id":"d3ea96e1-5ea9-4fed-a6cc-44c803f26a3d","local_time":"20210114152700","is_ascension_mode":true,"campfire_choices":[{"data":"Noxious Fumes","floor":10.0,"key":"SMITH"},{"floor":13.0,"key":"REST"},{"data":"Noxious Fumes","floor":15.0,"key":"SMITH"},{"floor":23.0,"key":"REST"},{"floor":30.0,"key":"REST"},{"floor":32.0,"key":"REST"},{"floor":41,"key":"REST"},{"floor":44,"key":"RECALL"},{"data":"Leg Sweep","floor":46,"key":"SMITH"},{"data":"Burst","floor":49,"key":"SMITH"},{"data":"After Image","floor":52,"key":"SMITH"}],"circlet_count":0,"master_deck":["Survivor","Neutralize","Deadly Poison","Backflip","Noxious Fumes+1","After Image+1","Noxious Fumes+1","Backstab","Poisoned Stab","Acrobatics","PiercingWail","Burst+1","Bullet Time","Terror","Unload","Noxious Fumes","Sucker Punch","Dagger Spray","Accuracy","Envenom","Well Laid Plans","Dodge and Roll","Accuracy","Blur","Footwork","Bane+1","Bane+1","Venomology","Dodge and Roll","Prepared+1","Accuracy+1","Leg Sweep+1","After Image+1"],"relics":["Ring of the Snake","TungstenRod","Boot","Mummified Hand","Pandora\u0027s Box","Enchiridion","Turnip","White Beast Statue","Frozen Egg 2","Snecko Eye","Lizard Tail","Du-Vu Doll","The Courier","Red Mask","Gremlin Horn"],"acts_visited":["Exordium","TheCity","TheBeyond","TheEnding"],"potions_floor_usage":[38,38,39,39,40,40,50,50,50,50,50,54,55,55,55],"damage_taken":[{"damage":3.0,"enemies":"Jaw Worm","floor":1.0,"turns":7.0},{"damage":0.0,"enemies":"Cultist","floor":2.0,"turns":4.0},{"damage":0.0,"enemies":"2 Louse","floor":4.0,"turns":3.0},{"damage":0.0,"enemies":"Blue Slaver","floor":5.0,"turns":5.0},{"damage":32.0,"enemies":"Gremlin Nob","floor":6.0,"turns":5.0},{"damage":6.0,"enemies":"3 Louse","floor":7.0,"turns":5.0},{"damage":0.0,"enemies":"Large Slime","floor":8.0,"turns":6.0},{"damage":0.0,"enemies":"2 Fungi Beasts","floor":11.0,"turns":3.0},{"damage":5.0,"enemies":"Exordium Thugs","floor":12.0,"turns":5.0},{"damage":28.0,"enemies":"Slime Boss","floor":16.0,"turns":8.0},{"damage":10.0,"enemies":"Spheric Guardian","floor":18.0,"turns":4.0},{"damage":23.0,"enemies":"Shell Parasite","floor":20.0,"turns":5.0},{"damage":1.0,"enemies":"Snake Plant","floor":21.0,"turns":4.0},{"damage":12.0,"enemies":"Gremlin Leader","floor":24.0,"turns":5.0},{"damage":17.0,"enemies":"Book of Stabbing","floor":28.0,"turns":5.0},{"damage":8.0,"enemies":"Centurion and Healer","floor":31.0,"turns":6.0},{"damage":3.0,"enemies":"Champ","floor":33.0,"turns":11.0},{"damage":8.0,"enemies":"3 Shapes","floor":35.0,"turns":4.0},{"damage":2,"enemies":"Orb Walker","floor":36,"turns":4},{"damage":0,"enemies":"Jaw Worm Horde","floor":38,"turns":4},{"damage":0,"enemies":"3 Darklings","floor":39,"turns":2},{"damage":18,"enemies":"Nemesis","floor":40,"turns":7},{"damage":56,"enemies":"Donu and Deca","floor":50,"turns":10},{"damage":61,"enemies":"Shield and Spear","floor":54,"turns":7},{"damage":40,"enemies":"The Heart","floor":55,"turns":11}],"seed_played":"8965148450284751759","potions_obtained":[{"floor":1.0,"key":"Strength Potion"},{"floor":7.0,"key":"CunningPotion"},{"floor":8.0,"key":"BlessingOfTheForge"},{"floor":11.0,"key":"Swift Potion"},{"floor":16.0,"key":"FearPotion"},{"floor":20.0,"key":"Weak Potion"},{"floor":24.0,"key":"GamblersBrew"},{"floor":28.0,"key":"BlessingOfTheForge"},{"floor":31.0,"key":"Dexterity Potion"},{"floor":33.0,"key":"Energy Potion"},{"floor":35,"key":"Dexterity Potion"},{"floor":36,"key":"ColorlessPotion"},{"floor":38,"key":"PowerPotion"},{"floor":39,"key":"CultistPotion"},{"floor":40,"key":"ColorlessPotion"},{"floor":54,"key":"Fire Potion"}],"is_trial":false,"path_per_floor":["M","M","$","M","M","E","M","M","T","R","M","M","R","?","R","B",null,"M","?","M","M","?","R","E","$","T","T","E","$","R","M","R","B",null,"M","M","$","M","M","E","R","?","T","R","$","R","?","?","R","B",null,"R","$","E","B",null],"character_chosen":"THE_SILENT","items_purchased":["Noxious Fumes","Blur","Footwork","Lizard Tail","Leg Sweep"],"campfire_rested":5,"item_purchase_floors":[3,25,25,37,45],"current_hp_per_floor":[67,67,67,67,67,35,29,29,29,29,29,24,45,45,45,17,70,60,60,37,36,24,44,32,32,32,32,15,15,35,27,47,44,67,59,57,57,57,57,39,59,59,59,59,59,59,59,59,59,3,64,64,64,3,30],"gold":27,"neow_bonus":"ONE_RARE_RELIC","is_daily":false,"chose_seed":false,"campfire_upgraded":5,"win_rate":0.0,"timestamp":1610638020,"path_taken":["M","M","$","M","M","E","M","M","T","R","M","M","R","?","R","BOSS","M","?","M","M","?","R","E","$","T","?","E","$","R","M","R","BOSS","M","M","$","M","M","E","R","?","T","R","$","R","?","?","R","BOSS","R","$","E","BOSS"],"items_purchased_type":["Card","Card","Card","Relic","Card"],"build_version":"2020-12-22","purchased_purges":2,"victory":true,"max_hp_per_floor":[70,70,70,70,70,70,70,70,70,70,70,70,70,70,70,70,70,70,67,67,67,67,67,67,67,67,67,67,67,67,67,67,67,67,67,67,67,67,67,67,67,64,64,64,64,64,64,64,64,64,64,64,64,64,64],"relic_stats":{"Lizard Tail":32,"Gremlin Horn":[0,0],"counters":[25,140],"Mummified Hand":[183],"Snecko Eye":[91,79,101,100],"Pandora\u0027s Box":["Bullet Time","Terror","Unload","Noxious Fumes","Sucker Punch","Dagger Spray","Riddle With Holes","Accuracy","Envenom"],"Turnip":[14],"Boot":[125],"obtain_stats":[{"Gremlin Horn":54,"Enchiridion":22,"The Courier":43,"Frozen Egg 2":28,"Boot":6,"White Beast Statue":26,"Du-Vu Doll":40,"Lizard Tail":37,"Mummified Hand":9,"Snecko Eye":34,"Pandora\u0027s Box":17,"Turnip":24,"Red Mask":47,"TungstenRod":0,"Ring of the Snake":0},{"Gremlin Horn":24,"Enchiridion":13,"The Courier":22,"Frozen Egg 2":15,"Boot":5,"White Beast Statue":14,"Du-Vu Doll":22,"Lizard Tail":19,"Mummified Hand":7,"Snecko Eye":17,"Pandora\u0027s Box":10,"Turnip":14,"Red Mask":22,"TungstenRod":0,"Ring of the Snake":0},{"Gremlin Horn":129,"Enchiridion":64,"The Courier":112,"Frozen Egg 2":74,"Boot":24,"White Beast Statue":69,"Du-Vu Doll":112,"Lizard Tail":99,"Mummified Hand":35,"Snecko Eye":91,"Pandora\u0027s Box":51,"Turnip":69,"Red Mask":112,"TungstenRod":0,"Ring of the Snake":0}],"TungstenRod":65,"Ring of the Snake":[50]},"card_choices":[{"not_picked":["Eviscerate","Finisher"],"picked":"Deadly Poison","floor":1.0},{"not_picked":["Prepared","Outmaneuver"],"picked":"Backflip","floor":2.0},{"not_picked":["Bane","PiercingWail"],"picked":"After Image","floor":4.0},{"not_picked":["Dagger Spray","Prepared"],"picked":"Noxious Fumes","floor":5.0},{"not_picked":["Acrobatics","Escape Plan"],"picked":"Backstab","floor":6.0},{"not_picked":["Deadly Poison","Infinite Blades"],"picked":"Poisoned Stab","floor":7.0},{"not_picked":["Cloak And Dagger","Prepared"],"picked":"Poisoned Stab","floor":8.0},{"not_picked":["Outmaneuver","Deflect"],"picked":"Acrobatics","floor":11.0},{"not_picked":["Deflect","Masterful Stab"],"picked":"PiercingWail","floor":12.0},{"not_picked":["Night Terror","Grand Finale"],"picked":"Burst","floor":16.0},{"not_picked":["Slice+1","Dagger Spray"],"picked":"Well Laid Plans","floor":18.0},{"not_picked":["Skewer","Dagger Throw"],"picked":"Dodge and Roll","floor":20.0},{"not_picked":["Masterful Stab","Dagger Throw"],"picked":"Accuracy","floor":21.0},{"not_picked":["Tactician","Slice","Prepared"],"picked":"SKIP","floor":24.0},{"not_picked":["Blade Dance","Deadly Poison"],"picked":"Bane+1","floor":28.0},{"not_picked":["Backstab","Slice+1"],"picked":"Bane+1","floor":31.0},{"not_picked":["Bullet Time","Glass Knife"],"picked":"Venomology","floor":33.0},{"not_picked":["Cloak And Dagger+1","Distraction"],"picked":"Dodge and Roll","floor":35},{"not_picked":["Backflip+1","Glass Knife","Outmaneuver+1"],"picked":"SKIP","floor":36},{"not_picked":["Quick Slash","Outmaneuver+1"],"picked":"Prepared+1","floor":38},{"not_picked":["Predator+1","Dagger Throw+1","Deflect+1"],"picked":"SKIP","floor":39},{"not_picked":["Poisoned Stab","Masterful Stab"],"picked":"Accuracy+1","floor":40},{"not_picked":["Cloak And Dagger","Deadly Poison"],"picked":"After Image+1","floor":54}],"player_experience":1055585,"relics_obtained":[{"floor":6.0,"key":"Boot"},{"floor":9.0,"key":"Mummified Hand"},{"floor":22.0,"key":"Enchiridion"},{"floor":24.0,"key":"Turnip"},{"floor":26.0,"key":"White Beast Statue"},{"floor":28.0,"key":"Frozen Egg 2"},{"floor":40,"key":"Du-Vu Doll"},{"floor":43,"key":"The Courier"},{"floor":54,"key":"Gremlin Horn"}],"event_choices":[{"damage_healed":0.0,"max_hp_gain":0.0,"max_hp_loss":0.0,"gold_gain":0.0,"event_name":"Match and Keep!","player_choice":"0 cards matched","floor":14.0,"gold_loss":0.0,"damage_taken":0.0,"cards_obtained":[]},{"cards_removed":["Parasite"],"damage_healed":0.0,"max_hp_gain":0.0,"max_hp_loss":0.0,"gold_gain":0.0,"event_name":"Back to Basics","player_choice":"Elegance","floor":19.0,"gold_loss":0.0,"damage_taken":0.0},{"damage_healed":0.0,"max_hp_gain":0.0,"max_hp_loss":0.0,"gold_gain":0.0,"event_name":"Cursed Tome","player_choice":"Obtained Book","floor":22.0,"gold_loss":0.0,"damage_taken":16.0},{"damage_healed":0,"gold_gain":0,"player_choice":"Max HP","damage_taken":0,"max_hp_gain":0,"max_hp_loss":3,"event_name":"Winding Halls","floor":42,"gold_loss":0},{"damage_healed":0,"gold_gain":0,"player_choice":"Paid","damage_taken":0,"relics_obtained":["Red Mask"],"max_hp_gain":0,"max_hp_loss":0,"event_name":"Tomb of Lord Red Mask","floor":47,"gold_loss":0},{"cards_removed":["Poisoned Stab"],"damage_healed":0,"gold_gain":0,"player_choice":"Removed Attack","damage_taken":0,"max_hp_gain":0,"max_hp_loss":0,"event_name":"Falling","floor":48,"gold_loss":0}],"is_beta":false,"boss_relics":[{"not_picked":["Calling Bell","HoveringKite"],"picked":"Pandora\u0027s Box"},{"not_picked":["Busted Crown","SacredBark"],"picked":"Snecko Eye"}],"items_purged_floors":[3,25],"is_endless":false,"potions_floor_spawned":[1,7,8,11,16,20,24,28,31,33,35,36,38,39,40,54],"ascension_level":2}}