{"host":"h4lp0eeso8a0ssq0","time":1610636675,"event":{"mods":["2.2 Compatiblity","BaseMod","CapriCore","Colored Map","Minty Spire (QoL Compilation)","StSLib","SuperFastMode"],"gold_per_floor":[217,217,4,23,23,67,86,86,109,142,142,67,90,105,105,204,204,204,129,13,13,13,13,13,13,13,13,13,13,13,13,13,13,13],"floor_reached":33,"language":"KOR","playtime":1078,"items_purged":["Strike_G"],"score":481,"play_id":"1ede6975-922b-4442-8748-8f56163b333c","local_time":"20210115000435","is_ascension_mode":true,"campfire_choices":[{"floor":8.0,"key":"REST"},{"floor":15.0,"key":"REST"},{"floor":23.0,"key":"REST"},{"data":"Crippling Poison","floor":25.0,"key":"SMITH"},{"data":"After Image","floor":27.0,"key":"SMITH"},{"data":"Acrobatics","floor":30.0,"key":"SMITH"},{"data":"Reflex","floor":32.0,"key":"SMITH"}],"circlet_count":0,"master_deck":["AscendersBane","Strike_G","Strike_G","Defend_G","Defend_G","Defend_G","Defend_G","Defend_G","Survivor","Neutralize","Backflip","Noxious Fumes","Crippling Poison+1","All Out Attack","Bullet Time+1","Poisoned Stab","Deflect","After Image+1","Acrobatics+1","Burst","Reflex+1","Dagger Throw","Dash","Quick Slash","Unload","PiercingWail"],"relics":["Ring of the Snake","Golden Idol","Juzu Bracelet","Bag of Preparation","Regal Pillow","Ectoplasm","Bottled Lightning","The Courier"],"acts_visited":["Exordium","TheCity"],"potions_floor_usage":[33],"damage_taken":[{"damage":4.0,"enemies":"Jaw Worm","floor":1.0,"turns":5.0},{"damage":7.0,"enemies":"Cultist","floor":4.0,"turns":5.0},{"damage":33.0,"enemies":"3 Sentries","floor":6.0,"turns":7.0},{"damage":5.0,"enemies":"Small Slimes","floor":7.0,"turns":4.0},{"damage":27.0,"enemies":"Gremlin Nob","floor":10.0,"turns":5.0},{"damage":9.0,"enemies":"Blue Slaver","floor":13.0,"turns":4.0},{"damage":10.0,"enemies":"Exordium Thugs","floor":14.0,"turns":4.0},{"damage":17.0,"enemies":"The Guardian","floor":16.0,"turns":12.0},{"damage":5.0,"enemies":"Chosen","floor":18.0,"turns":5.0},{"damage":19.0,"enemies":"2 Thieves","floor":19.0,"turns":5.0},{"damage":4.0,"enemies":"Snecko","floor":21.0,"turns":6.0},{"damage":5.0,"enemies":"Snake Plant","floor":22.0,"turns":6.0},{"damage":2.0,"enemies":"Centurion and Healer","floor":24.0,"turns":6.0},{"damage":1.0,"enemies":"Book of Stabbing","floor":31.0,"turns":4.0},{"damage":57,"enemies":"Collector","floor":33,"turns":8}],"seed_played":"3973646802070925127","potions_obtained":[{"floor":1.0,"key":"Regen Potion"},{"floor":13.0,"key":"DuplicationPotion"},{"floor":14.0,"key":"DistilledChaos"},{"floor":16.0,"key":"SteroidPotion"},{"floor":18.0,"key":"Swift Potion"}],"is_trial":false,"path_per_floor":["M","?","$","M","?","E","M","R","T","E","?","?","M","M","R","B",null,"M","M","$","M","M","R","M","R","T","R","?","$","R","E","R","B"],"character_chosen":"THE_SILENT","items_purchased":["Noxious Fumes","Crippling Poison","Fruit Juice","Dash"],"campfire_rested":3,"item_purchase_floors":[3,3,3,20],"current_hp_per_floor":[55,66,71,64,64,31,26,45,45,33,33,33,24,14,48,31,56,51,32,32,28,23,57,55,55,55,55,55,55,55,54,54,0,0],"gold":13,"neow_bonus":"HUNDRED_GOLD","is_daily":false,"chose_seed":false,"campfire_upgraded":4,"win_rate":0.0,"timestamp":1610636675,"path_taken":["M","?","$","?","?","E","M","R","T","E","?","?","M","M","R","BOSS","M","M","$","M","M","R","M","R","T","R","?","$","R","E","R","BOSS"],"items_purchased_type":["Card","Card","Potion","Card"],"build_version":"2020-12-22","purchased_purges":1,"victory":false,"max_hp_per_floor":[66,66,71,71,64,64,64,64,64,64,64,64,64,64,64,64,64,64,64,64,64,64,64,64,64,64,64,64,64,64,64,64,64,64],"card_choices":[{"not_picked":["Reflex","Terror"],"picked":"Backflip","floor":1.0},{"not_picked":["Choke","Accuracy"],"picked":"All Out Attack","floor":4.0},{"not_picked":["Slice","Noxious Fumes"],"picked":"Bullet Time","floor":6.0},{"not_picked":["Dodge and Roll","Blade Dance"],"picked":"Poisoned Stab","floor":7.0},{"not_picked":["Prepared","Caltrops"],"picked":"Deflect","floor":10.0},{"not_picked":["PiercingWail","Backflip"],"picked":"After Image","floor":13.0},{"not_picked":["All Out Attack","Outmaneuver"],"picked":"Acrobatics","floor":14.0},{"not_picked":["A Thousand Cuts","Bullet Time"],"picked":"Burst","floor":16.0},{"not_picked":["Prepared","Dagger Spray"],"picked":"Reflex","floor":18.0},{"not_picked":["Quick Slash","Underhanded Strike"],"picked":"Dagger Throw","floor":19.0},{"not_picked":["Flechettes","Caltrops","Blade Dance"],"picked":"SKIP","floor":21.0},{"not_picked":["Infinite Blades+1","Terror"],"picked":"Quick Slash","floor":22.0},{"not_picked":["Outmaneuver","Dagger Spray"],"picked":"Unload","floor":24.0},{"not_picked":["Flying Knee","Infinite Blades"],"picked":"PiercingWail","floor":31.0}],"player_experience":162272,"relics_obtained":[{"floor":6.0,"key":"Juzu Bracelet"},{"floor":9.0,"key":"Bag of Preparation"},{"floor":10.0,"key":"Regal Pillow"},{"floor":26.0,"key":"Bottled Lightning"},{"floor":31.0,"key":"The Courier"}],"event_choices":[{"damage_healed":11.0,"max_hp_gain":0.0,"max_hp_loss":0.0,"gold_gain":0.0,"event_name":"Wheel of Change","player_choice":"Full Heal","floor":2.0,"gold_loss":0.0,"damage_taken":0.0},{"damage_healed":0.0,"max_hp_gain":0.0,"max_hp_loss":7.0,"gold_gain":0.0,"event_name":"Golden Idol","player_choice":"Lose Max HP","floor":5.0,"gold_loss":0.0,"damage_taken":0.0,"relics_obtained":["Golden Idol"]},{"damage_healed":0.0,"max_hp_gain":0.0,"max_hp_loss":0.0,"gold_gain":0.0,"event_name":"Accursed Blacksmith","player_choice":"Forge","floor":11.0,"gold_loss":0.0,"damage_taken":0.0,"cards_upgraded":["Bullet Time"]},{"cards_removed":["Strike_G"],"damage_healed":0.0,"max_hp_gain":0.0,"max_hp_loss":0.0,"gold_gain":0.0,"event_name":"The Cleric","player_choice":"Card Removal","floor":12.0,"gold_loss":75.0,"damage_taken":0.0},{"cards_removed":["Strike_G"],"damage_healed":0.0,"max_hp_gain":0.0,"max_hp_loss":0.0,"gold_gain":0.0,"event_name":"Bonfire Elementals","player_choice":"Offered Basic","floor":28.0,"gold_loss":0.0,"damage_taken":0.0}],"is_beta":false,"boss_relics":[{"not_picked":["Ring of the Serpent","HoveringKite"],"picked":"Ectoplasm"}],"items_purged_floors":[20],"is_endless":false,"potions_floor_spawned":[1,13,14,16,18,24,31],"killed_by":"Collector","ascension_level":15}}