{"host":"04hh9gplt9wkfmr1","time":1610595386,"event":{"mods":["AchievementEnabler","BaseMod","Colored Map","KOR Keyword Fix","Minty Spire (QoL Compilation)","Rare Cards Sparkle","SuperFastMode"],"gold_per_floor":[115,133,146,146,96,123,149,161,196,208,246,275,314,344,356,469,481,505,527,539,439,455,455,482,495,495,495,420,420,420,420],"floor_reached":30,"language":"KOR","playtime":1239,"items_purged":["Strike_B"],"score":339,"play_id":"2e13ffff-904a-441e-9fc3-0d31628296a5","local_time":"20210114123626","is_ascension_mode":true,"campfire_choices":[{"data":"Biased Cognition","floor":8.0,"key":"SMITH"},{"floor":10.0,"key":"REST"},{"floor":15.0,"key":"REST"},{"floor":23.0,"key":"REST"},{"floor":27,"key":"REST"},{"data":"Rainbow","floor":29,"key":"SMITH"}],"circlet_count":0,"master_deck":["Strike_B","Defend_B","Defend_B","Defend_B","Defend_B+1","Zap","Dualcast","Echo Form+1","Cold Snap","Stack","Biased Cognition+1","Force Field","Double Energy","Double Energy","Rainbow+1","Genetic Algorithm","Doom and Gloom","Creative AI","White Noise","Leap","Self Repair","Amplify","Self Repair","Cold Snap"],"relics":["Cracked Core","MawBank","MealTicket","Bag of Preparation","Lizard Tail","Inserter","InkBottle","Regal Pillow"],"acts_visited":["Exordium","TheCity"],"potions_floor_usage":[],"damage_taken":[{"damage":1.0,"enemies":"2 Louse","floor":1.0,"turns":2.0},{"damage":5.0,"enemies":"Jaw Worm","floor":2.0,"turns":3.0},{"damage":0.0,"enemies":"Small Slimes","floor":3.0,"turns":3.0},{"damage":16.0,"enemies":"Gremlin Nob","floor":6.0,"turns":5.0},{"damage":3.0,"enemies":"Looter","floor":7.0,"turns":3.0},{"damage":4.0,"enemies":"3 Sentries","floor":11.0,"turns":7.0},{"damage":30.0,"enemies":"Gremlin Gang","floor":12.0,"turns":7.0},{"damage":0.0,"enemies":"Gremlin Nob","floor":13.0,"turns":3.0},{"damage":11.0,"enemies":"Large Slime","floor":14.0,"turns":4.0},{"damage":20.0,"enemies":"Hexaghost","floor":16.0,"turns":9.0},{"damage":27.0,"enemies":"Shell Parasite","floor":18.0,"turns":5.0},{"damage":12.0,"enemies":"Chosen","floor":19.0,"turns":6.0},{"damage":0.0,"enemies":"Snecko","floor":22.0,"turns":4.0},{"damage":77.0,"enemies":"Gremlin Leader","floor":24.0,"turns":11.0},{"damage":36,"enemies":"Centurion and Healer","floor":25,"turns":14},{"damage":77,"enemies":"Book of Stabbing","floor":30,"turns":8}],"seed_played":"6764460012961587035","potions_obtained":[{"floor":2.0,"key":"DuplicationPotion"},{"floor":3.0,"key":"Block Potion"},{"floor":14.0,"key":"Dexterity Potion"},{"floor":16.0,"key":"Strength Potion"},{"floor":18.0,"key":"DuplicationPotion"},{"floor":19.0,"key":"Strength Potion"}],"is_trial":false,"path_per_floor":["M","M","M","?","?","E","M","R","T","R","E","M","E","M","R","B",null,"M","M","?","$","M","R","E","M","T","R","?","R","E"],"character_chosen":"DEFECT","items_purchased":["Self Repair"],"campfire_rested":4,"item_purchase_floors":[21],"current_hp_per_floor":[67,62,62,48,48,32,29,29,29,49,45,15,15,4,24,4,68,41,29,17,32,39,60,43,35,35,71,71,71,0,0],"gold":420,"neow_bonus":"THREE_RARE_CARDS","is_daily":false,"chose_seed":false,"campfire_upgraded":2,"win_rate":0.0,"timestamp":1610595386,"path_taken":["M","M","M","?","?","E","M","R","T","R","E","M","E","M","R","BOSS","M","M","?","$","M","R","E","M","T","R","?","R","E"],"items_purchased_type":["Card"],"build_version":"2020-12-22","purchased_purges":1,"victory":false,"max_hp_per_floor":[68,68,68,68,68,68,68,68,68,68,68,68,68,68,68,68,68,68,68,73,73,73,73,73,73,73,73,73,73,73,73],"card_choices":[{"not_picked":["Multi-Cast","Core Surge"],"picked":"Echo Form","floor":0.0},{"not_picked":["Redo","Auto Shields"],"picked":"Cold Snap","floor":1.0},{"not_picked":["Beam Cell","Streamline"],"picked":"Stack","floor":2.0},{"not_picked":["Gash","Chill"],"picked":"Biased Cognition","floor":3.0},{"not_picked":["Scrape","Turbo"],"picked":"Force Field","floor":6.0},{"not_picked":["Redo","Reprogram"],"picked":"Double Energy","floor":7.0},{"not_picked":["Barrage","Gash"],"picked":"Double Energy","floor":11.0},{"not_picked":["Steam","Gash"],"picked":"Rainbow","floor":12.0},{"not_picked":["Double Energy","Gash"],"picked":"Genetic Algorithm","floor":13.0},{"not_picked":["Streamline","Sweeping Beam"],"picked":"Doom and Gloom","floor":14.0},{"not_picked":["Fission","Multi-Cast"],"picked":"Creative AI","floor":16.0},{"not_picked":["Beam Cell","Rip and Tear"],"picked":"White Noise","floor":18.0},{"not_picked":["Sweeping Beam","Beam Cell"],"picked":"Leap","floor":19.0},{"not_picked":["Doom and Gloom","Ball Lightning"],"picked":"Amplify","floor":22.0},{"not_picked":["Streamline","Redo"],"picked":"Self Repair","floor":24.0},{"not_picked":["Streamline","Beam Cell"],"picked":"Cold Snap","floor":25}],"player_experience":24585,"relics_obtained":[{"floor":6.0,"key":"MawBank"},{"floor":9.0,"key":"MealTicket"},{"floor":11.0,"key":"Bag of Preparation"},{"floor":13.0,"key":"Lizard Tail"},{"floor":24.0,"key":"InkBottle"},{"floor":26,"key":"Regal Pillow"}],"event_choices":[{"damage_healed":0.0,"max_hp_gain":0.0,"max_hp_loss":0.0,"gold_gain":0.0,"event_name":"Shining Light","player_choice":"Entered Light","floor":4.0,"gold_loss":0.0,"damage_taken":14.0,"cards_upgraded":["Defend_B","Echo Form"]},{"cards_removed":["Strike_B"],"damage_healed":0.0,"max_hp_gain":0.0,"max_hp_loss":0.0,"gold_gain":0.0,"event_name":"The Cleric","player_choice":"Card Removal","floor":5.0,"gold_loss":50.0,"damage_taken":0.0},{"damage_healed":0.0,"max_hp_gain":5.0,"max_hp_loss":0.0,"gold_gain":0.0,"event_name":"Forgotten Altar","player_choice":"Shed Blood","floor":20.0,"gold_loss":0.0,"damage_taken":17.0},{"cards_removed":["Strike_B"],"damage_healed":0,"gold_gain":0,"player_choice":"Gave Gold","damage_taken":0,"max_hp_gain":0,"max_hp_loss":0,"event_name":"Beggar","floor":28,"gold_loss":75}],"is_beta":false,"boss_relics":[{"not_picked":["Snecko Eye","Tiny House"],"picked":"Inserter"}],"items_purged_floors":[21],"is_endless":false,"potions_floor_spawned":[2,3,14,16,18,19],"killed_by":"Book of Stabbing","ascension_level":3}}