{"host":"ss2ocoam53r2lno0","time":1610629379,"event":{"mods":["Act Like it!","BaseMod","ChefMod","Clockwork Mod","Colored Powertips","Curses Come First","Displayed Cursed Tome","Downfall","Evolution","Googly Eyes","Hallownest","Highlight Path","Minty Spire (QoL Compilation)","Poor People Problems","Rare Cards Sparkle","Robot Space Explorer","Shade Mod","Shop Mod","Spicy Shops","StSLib","The Marked"],"gold_per_floor":[115,40,59,59,77,102,102,131,155,155,155],"floor_reached":10,"language":"ENG","playtime":703,"items_purged":["Clockwork:Strike"],"score":87,"play_id":"b8799bae-5408-45dc-a22d-4fcdac9f83a4","local_time":"20210114140259","is_ascension_mode":true,"campfire_choices":[{"data":"Clockwork:Tinker","floor":7,"key":"SMITH"}],"circlet_count":0,"master_deck":["Clockwork:Strike+1","Clockwork:Strike+1","Clockwork:Strike","Clockwork:Shield","Clockwork:Shield","Clockwork:Shield","Clockwork:Shield","Clockwork:Tinker+1","Clockwork:WarmUp"],"relics":["Clockwork:MomentumEngine","EVO:Axolotl","NeowsBlessing","Clockwork:CopperScales","Potion Belt","Boot","Whetstone"],"acts_visited":["Exordium"],"potions_floor_usage":[6],"damage_taken":[{"damage":1.0,"enemies":"Cultist","floor":1.0,"turns":4.0},{"damage":0.0,"enemies":"2 Louse","floor":3.0,"turns":3.0},{"damage":0.0,"enemies":"Jaw Worm","floor":5.0,"turns":2.0},{"damage":16,"enemies":"Gremlin Nob","floor":6,"turns":7},{"damage":24,"enemies":"Lagavulin","floor":8,"turns":15},{"damage":45,"enemies":"Gremlin Nob","floor":10,"turns":5}],"seed_played":"7398513288401576455","potions_obtained":[{"floor":1.0,"key":"Strength Potion"}],"is_trial":false,"path_per_floor":["M","$","M","$","M","E","R","E","T","E"],"character_chosen":"CLOCKWORK","items_purchased":[],"campfire_rested":0,"item_purchase_floors":[],"current_hp_per_floor":[84,84,84,84,84,68,68,44,44,0,0],"gold":155,"neow_bonus":"THREE_ENEMY_KILL","is_daily":false,"chose_seed":false,"campfire_upgraded":1,"win_rate":0.0,"timestamp":1610629379,"path_taken":["M","$","M","$","?","E","R","E","T","E"],"items_purchased_type":[],"build_version":"2020-12-22","purchased_purges":1,"victory":false,"max_hp_per_floor":[85,85,85,85,85,85,85,85,85,85,85],"card_choices":[{"not_picked":["Clockwork:CogShield","Clockwork:Pluck"],"picked":"Clockwork:CraftCopperScales","floor":1.0},{"not_picked":["Clockwork:CogBarrier","Clockwork:CogShield","Clockwork:Improve"],"picked":"SKIP","floor":3.0},{"not_picked":["Clockwork:AdaptiveShield","Clockwork:ReserveSystems","Clockwork:Pluck"],"picked":"SKIP","floor":5.0},{"not_picked":["Clockwork:Halt","Clockwork:EnthusiasticStrike","Clockwork:FalseStart"],"picked":"SKIP","floor":6},{"not_picked":["Clockwork:SnapKeep","Clockwork:CogToss","Clockwork:Minimalism"],"picked":"SKIP","floor":8}],"player_experience":695485,"relics_obtained":[{"floor":6,"key":"Potion Belt"},{"floor":8,"key":"Boot"},{"floor":9,"key":"Whetstone"}],"event_choices":[],"is_beta":false,"boss_relics":[],"items_purged_floors":[2],"is_endless":false,"potions_floor_spawned":[1],"killed_by":"Gremlin Nob","ascension_level":3}}