{"host":"9n00qg11haooyz80","time":1610618943,"event":{"mods":["BaseMod","Downfall","Minty Spire (QoL Compilation)","Rare Cards Sparkle","StSLib"],"gold_per_floor":[199,217,276,290,465,76,76,96,129,155,92,121,233,0,10,105,105,105,305,305,365,423,423,423,20,72,29,89,89,39,139,190,335,335,335,306,326,326,344,344,344,27,41,41,74,74,74,88,100,100],"floor_reached":51,"language":"ENG","playtime":3253,"items_purged":["Doubt","hexamod:Haunted","hexamod:SixthSeal"],"score":802,"play_id":"475259a6-6b34-4e90-b9c0-9628cce5b4fb","local_time":"20210114110903","is_ascension_mode":false,"campfire_choices":[{"data":"sneckomod:SnekBite","floor":1,"key":"SMITH"},{"floor":11,"key":"REST"},{"data":"sneckomod:CheapStock","floor":18,"key":"SMITH"},{"data":"sneckomod:UnknownUncommonPower","floor":23,"key":"SMITH"},{"data":"sneckomod:Strike","floor":35,"key":"PURGE"},{"floor":40,"key":"REST"},{"floor":44,"key":"RECALL"},{"floor":46,"key":"REST"}],"circlet_count":0,"master_deck":["sneckomod:Strike","sneckomod:Defend+1","sneckomod:Defend","sneckomod:TailWhip+1","sneckomod:SnekBite+1","sneckomod:Unknown","sneckomod:Unknown+2","sneckomod:Unknown2Cost","sneckomod:UnknownClassSLIMEBOUND","sneckomod:UnknownClassSLIMEBOUND+2","sneckomod:RainOfDice+1","sneckomod:DiceCrush+1","sneckomod:UnknownStrike","sneckomod:UnknownClassHEXA_GHOST_PURPLE+2","sneckomod:CheapStock+1","sneckomod:DiceCrush","sneckomod:UnknownRareAttack","sneckomod:UnknownVulnerable+1","sneckomod:QuickMove+1","sneckomod:UnknownBlock+1","sneckomod:UnknownUncommonPower+1","Bandage Up+1","sneckomod:SoulDraw+1","sneckomod:Unknown3Cost+1","sneckomod:SoulCleanse+1","sneckomod:UnknownWeak+1","sneckomod:SoulRoll+1","sneckomod:Unknown3Cost+1","sneckomod:DiceCrush","Armaments+1","sneckomod:SnakeSap","Chrysalis+1","sneckomod:UnknownClassRED+1","PiercingWail+1","Brutality+1","Metamorphosis+1","Flash of Steel","Brutality+1","sneckomod:SerpentIdol+1","Parasite","champ:BringItOn+1","Study+1"],"relics":["sneckomod:SneckoSoul","sneckomod:ConfusingCodex","Membership Card","Regal Pillow","Toxic Egg 2","MawBank","downfall:HeartBlessingGreen","FossilizedHelix","Empty Cage","downfall:KnowingSkull","Peace Pipe","Ginger","PrismaticShard","MealTicket","downfall:RedIOU","Gambling Chip","Frozen Egg 2","Philosopher\u0027s Stone","Bag of Marbles","Pear","Cauldron","TheAbacus","Bottled Tornado","Boot","Girya"],"acts_visited":["Exordium","TheCity","TheBeyond"],"potions_floor_usage":[9,15,26,26,36,45,50,50],"damage_taken":[{"damage":0,"enemies":"2 Louse","floor":2,"turns":2},{"damage":45,"enemies":"Gremlin Nob","floor":3,"turns":5},{"damage":3,"enemies":"Jaw Worm","floor":4,"turns":2},{"damage":6,"enemies":"downfall:FleeingMerchant","floor":6,"turns":4},{"damage":2,"enemies":"Small Slimes","floor":8,"turns":2},{"damage":28,"enemies":"3 Sentries","floor":9,"turns":8},{"damage":11,"enemies":"3 Louse","floor":10,"turns":2},{"damage":3,"enemies":"Exordium Wildlife","floor":12,"turns":2},{"damage":15,"enemies":"downfall:FleeingMerchant","floor":14,"turns":4},{"damage":16,"enemies":"Lots of Slimes","floor":15,"turns":5},{"damage":10,"enemies":"downfall:Ironclad","floor":16,"turns":9},{"damage":9,"enemies":"Spheric Guardian","floor":21,"turns":6},{"damage":50,"enemies":"Chosen","floor":22,"turns":6},{"damage":15,"enemies":"downfall:FleeingMerchant","floor":25,"turns":4},{"damage":43,"enemies":"Shelled Parasite and Fungi","floor":26,"turns":4},{"damage":19,"enemies":"downfall:FleeingMerchant","floor":27,"turns":4},{"damage":16,"enemies":"Centurion and Healer","floor":28,"turns":5},{"damage":0,"enemies":"Colosseum Nobs","floor":31,"turns":2},{"damage":15,"enemies":"Snake Plant","floor":32,"turns":4},{"damage":34,"enemies":"downfall:Watcher","floor":33,"turns":6},{"damage":41,"enemies":"downfall:FleeingMerchant","floor":36,"turns":4},{"damage":0,"enemies":"3 Shapes","floor":37,"turns":1},{"damage":21,"enemies":"3 Darklings","floor":39,"turns":4},{"damage":30,"enemies":"Writhing Mass","floor":43,"turns":4},{"damage":59,"enemies":"Giant Head","floor":45,"turns":9},{"damage":12,"enemies":"Jaw Worm Horde","floor":48,"turns":3},{"damage":43,"enemies":"Sphere and 2 Shapes","floor":49,"turns":4},{"damage":67,"enemies":"downfall:Defect","floor":50,"turns":6}],"seed_played":"-8140238717669460628","potions_obtained":[{"floor":4,"key":"CultistPotion"},{"floor":9,"key":"hexamod:EctoCoolerPotion"},{"floor":12,"key":"FairyPotion"},{"floor":14,"key":"BlessingOfTheForge"},{"floor":15,"key":"Explosive Potion"},{"floor":16,"key":"sneckomod:DiceRollPotion"},{"floor":22,"key":"DistilledChaos"},{"floor":26,"key":"CultistPotion"},{"floor":28,"key":"sneckomod:DiceRollPotion"},{"floor":33,"key":"AttackPotion"},{"floor":36,"key":"DistilledChaos"},{"floor":45,"key":"Regen Potion"}],"is_trial":false,"path_per_floor":["R","M","?","M","?","$","T","M","E","M","R","M","?","$","M","B",null,"R","?","?","M","M","R","T","$","M","$","M","?","?","?","M","B",null,"R","$","M","?","M","R","T","$","M","R","E","R","?","M","M","B",null],"character_chosen":"THE_SNECKO","items_purchased":["Membership Card","Regal Pillow","sneckomod:DiceCrush","sneckomod:UnknownStrike","sneckomod:UnknownClassHEXA_GHOST_PURPLE","sneckomod:CheapStock","sneckomod:UnknownUncommonPower","FossilizedHelix","Bandage Up+1","Whetstone","Ginger","PrismaticShard","sneckomod:Unknown3Cost+1","MealTicket","sneckomod:SnakeSap","Bag of Marbles","Pear","Cauldron","Metamorphosis+1","TheAbacus","Bottled Tornado","Boot","sneckomod:SerpentIdol+1"],"campfire_rested":3,"item_purchase_floors":[6,6,6,6,6,6,14,14,14,25,25,25,25,27,27,36,36,36,36,42,42,42,42],"current_hp_per_floor":[90,91,47,47,47,43,43,41,14,14,59,56,56,43,39,36,106,106,106,99,96,69,69,69,67,30,17,11,11,48,55,40,21,109,109,78,78,78,63,113,113,119,89,89,40,90,90,84,41,35],"gold":100,"neow_bonus":"HUNDRED_GOLD","is_daily":false,"chose_seed":false,"campfire_upgraded":3,"win_rate":0.0,"timestamp":1610618943,"path_taken":["R","M","?","M","?","$","T","M","E","M","R","M","?","$","M","BOSS","R","?","?","?","M","R","T","$","M","$","M","?","?","?","M","BOSS","R","$","M","?","?","R","T","$","M","R","E","R","?","M","M","BOSS"],"items_purchased_type":["Relic","Relic","Card","Card","Card","Card","Card","Relic","Card","Relic","Relic","Relic","Card","Relic","Card","Relic","Relic","Relic","Card","Relic","Relic","Relic","Card"],"build_version":"2020-12-22","purchased_purges":3,"victory":true,"max_hp_per_floor":[90,91,92,93,93,95,95,95,96,103,103,103,103,105,105,106,106,106,106,106,106,107,107,107,108,108,108,108,108,108,109,109,109,109,109,119,119,119,119,119,119,119,119,119,119,119,119,119,119,119],"card_choices":[{"not_picked":["sneckomod:UnknownEthereal","sneckomod:SnekBeam"],"picked":"sneckomod:Unknown2Cost","floor":2},{"not_picked":["sneckomod:SoulRoll","sneckomod:UnknownClassPURPLE"],"picked":"sneckomod:UnknownClassSLIMEBOUND","floor":3},{"not_picked":["sneckomod:QuickMove","sneckomod:SnekBeam"],"picked":"sneckomod:UnknownClassSLIMEBOUND","floor":4},{"not_picked":["sneckomod:UnknownClassSLIMEBOUND","sneckomod:IronFang"],"picked":"sneckomod:RainOfDice","floor":6},{"not_picked":["sneckomod:SnakeSap","sneckomod:Unknown1Cost+1"],"picked":"sneckomod:DiceCrush","floor":8},{"not_picked":["sneckomod:DiceBoulder","sneckomod:UnknownWeak+1"],"picked":"sneckomod:UnknownRareAttack","floor":9},{"not_picked":["sneckomod:UnknownWeak+1","sneckomod:QuickBite"],"picked":"sneckomod:UnknownVulnerable+1","floor":10},{"not_picked":["sneckomod:UnknownStrike","sneckomod:UnknownUncommonAttack"],"picked":"sneckomod:QuickMove+1","floor":12},{"not_picked":["sneckomod:UnknownClassRED+1","sneckomod:UnknownExhaust+1"],"picked":"sneckomod:UnknownBlock+1","floor":14},{"not_picked":["sneckomod:UnknownClassSLIMEBOUND+1","sneckomod:DiceBlock+1"],"picked":"sneckomod:SoulDraw+1","floor":15},{"not_picked":["sneckomod:UnknownRarePower","sneckomod:DangerNoodle"],"picked":"sneckomod:Unknown3Cost+1","floor":16},{"not_picked":["sneckomod:CheapStock","sneckomod:IronFang"],"picked":"sneckomod:SoulCleanse+1","floor":21},{"not_picked":["hexamod:SecondSeal","hexamod:FourthSeal"],"picked":"hexamod:SixthSeal","floor":21},{"not_picked":["sneckomod:UnknownCommonAttack","sneckomod:UnknownCommonSkill+1"],"picked":"sneckomod:UnknownWeak+1","floor":22},{"not_picked":["sneckomod:Nope+1","sneckomod:UnknownExhaust+1"],"picked":"sneckomod:SoulRoll+1","floor":25},{"not_picked":["hexamod:HeatShield+1","Undo+1"],"picked":"sneckomod:DiceCrush","floor":26},{"not_picked":["champ:BringItOn+1","Well Laid Plans"],"picked":"Armaments+1","floor":27},{"not_picked":["Go for the Eyes","Slimebound:SlimeTap+1"],"picked":"Chrysalis+1","floor":28},{"not_picked":["hexamod:NightmareGuise+1","Flying Knee"],"picked":"sneckomod:UnknownClassRED+1","floor":31},{"not_picked":["Skewer","Cloak And Dagger+1"],"picked":"PiercingWail+1","floor":32},{"not_picked":["Guardian:Gem_Synthetic","Envenom+1"],"picked":"Brutality+1","floor":33},{"not_picked":["hexamod:AdvancingGuard+1","Thunder Strike","Cloak And Dagger+1"],"picked":"SKIP","floor":36},{"not_picked":["champ:FocusedBerserking+1","Sucker Punch+1"],"picked":"Flash of Steel","floor":37},{"not_picked":["Acrobatics+1","champ:HeartStrike","hexamod:GhostLash"],"picked":"SKIP","floor":39},{"not_picked":["True Grit+1","Skewer+1","Slimebound:RallyTheTroops"],"picked":"SKIP","floor":43},{"not_picked":["Slimebound:ViciousTackle","sneckomod:TrashToTreasure+1"],"picked":"champ:BringItOn+1","floor":45},{"not_picked":["Consume+1","Undo+1"],"picked":"Study+1","floor":48},{"not_picked":["champ:FocusedGladiator+1","champ:Haymaker","champ:PreciseThrust+1"],"picked":"SKIP","floor":49}],"player_experience":109897,"relics_obtained":[{"floor":3,"key":"sneckomod:ConfusingCodex"},{"floor":7,"key":"Toxic Egg 2"},{"floor":9,"key":"MawBank"},{"floor":24,"key":"Peace Pipe"},{"floor":31,"key":"Gambling Chip"},{"floor":31,"key":"Frozen Egg 2"},{"floor":45,"key":"Girya"}],"event_choices":[{"damage_healed":0,"gold_gain":0,"player_choice":"Copied","damage_taken":0,"max_hp_gain":0,"max_hp_loss":0,"event_name":"Duplicator","floor":38,"gold_loss":0,"cards_obtained":["Brutality"]}],"is_beta":false,"boss_relics":[{"not_picked":["Coffee Dripper","Runic Pyramid"],"picked":"Empty Cage"},{"not_picked":["Astrolabe","SlaversCollar"],"picked":"Philosopher\u0027s Stone"}],"items_purged_floors":[6,25,36],"is_endless":false,"potions_floor_spawned":[4,9,12,15,16,22,26,28,33,45,48,49],"ascension_level":0}}