{"host":"4rvakrj1idbgia3f","time":1610588310,"event":{"mods":["BaseMod","Colored Map","Colored Powertips","DeckTracker","Highlight Path","Minty Spire (QoL Compilation)","Random Character Button","StSLib"],"gold_per_floor":[118,118,118,193,193,218,218,231,257,257,281,320,74,95,95,185,185,206,227,277,292,292,292],"floor_reached":22,"language":"JPN","playtime":684,"items_purged":["Strike_B"],"score":438,"play_id":"1d02e21a-0a47-4780-8466-338895b65807","local_time":"20210114103830","is_ascension_mode":true,"campfire_choices":[{"data":"Ball Lightning","floor":7.0,"key":"SMITH"},{"data":"Barrage","floor":15.0,"key":"SMITH"}],"circlet_count":0,"master_deck":["AscendersBane","Strike_B","Strike_B+1","Strike_B","Defend_B","Defend_B","Defend_B","Defend_B","Zap+1","Dualcast","Ball Lightning+1","Conserve Battery","Barrage+1","Biased Cognition","Hologram","Biased Cognition","Cold Snap","Skim","Turbo+1"],"relics":["Cracked Core","NeowsBlessing","Letter Opener","Tiny Chest","Golden Idol","Bag of Marbles","Potion Belt","Nuclear Battery"],"acts_visited":["Exordium","TheCity"],"potions_floor_usage":[],"damage_taken":[{"damage":0.0,"enemies":"Jaw Worm","floor":1.0,"turns":1.0},{"damage":0.0,"enemies":"Lagavulin","floor":6.0,"turns":1.0},{"damage":0.0,"enemies":"Small Slimes","floor":8.0,"turns":1.0},{"damage":1.0,"enemies":"2 Louse","floor":11.0,"turns":2.0},{"damage":8.0,"enemies":"3 Sentries","floor":12.0,"turns":5.0},{"damage":5.0,"enemies":"Exordium Thugs","floor":14.0,"turns":2.0},{"damage":18.0,"enemies":"The Guardian","floor":16.0,"turns":8.0},{"damage":29.0,"enemies":"Shell Parasite","floor":18.0,"turns":4.0},{"damage":2.0,"enemies":"Chosen","floor":19.0,"turns":3.0},{"damage":13,"enemies":"Snecko","floor":21,"turns":4},{"damage":9,"enemies":"Cultist and Chosen","floor":22,"turns":3}],"seed_played":"6955561707512573874","potions_obtained":[{"floor":6.0,"key":"CultistPotion"},{"floor":8.0,"key":"Fire Potion"},{"floor":11.0,"key":"LiquidBronze"},{"floor":14.0,"key":"Dexterity Potion"},{"floor":18.0,"key":"BlessingOfTheForge"}],"is_trial":false,"path_per_floor":["M","?","?","?","?","E","R","M","T","?","M","E","$","M","R","B",null,"M","M","?","M","M"],"character_chosen":"DEFECT","items_purchased":["Potion Belt"],"campfire_rested":0,"item_purchase_floors":[13],"current_hp_per_floor":[64,69,46,35,35,35,35,35,35,35,34,26,26,21,21,3,53,24,22,16,3,0,0],"gold":292,"neow_bonus":"THREE_ENEMY_KILL","is_daily":false,"chose_seed":false,"campfire_upgraded":2,"win_rate":0.0,"timestamp":1610588310,"path_taken":["M","?","?","?","?","E","R","M","T","?","M","E","$","M","R","BOSS","M","M","?","M","?"],"items_purchased_type":["Relic"],"build_version":"2020-12-22","purchased_purges":1,"victory":false,"max_hp_per_floor":[71,76,76,76,76,76,76,76,76,69,69,69,69,69,69,69,69,69,69,69,69,69,69],"card_choices":[{"not_picked":["Coolheaded","Capacitor"],"picked":"Ball Lightning","floor":1.0},{"not_picked":["Doom and Gloom","Stack"],"picked":"Conserve Battery","floor":6.0},{"not_picked":["Stack","Beam Cell","Sweeping Beam"],"picked":"SKIP","floor":8.0},{"not_picked":["Hologram","Reinforced Body"],"picked":"Barrage","floor":11.0},{"not_picked":["Cold Snap","Ball Lightning"],"picked":"Biased Cognition","floor":12.0},{"not_picked":["Rebound","Gash"],"picked":"Hologram","floor":14.0},{"not_picked":["Thunder Strike","Multi-Cast"],"picked":"Biased Cognition","floor":16.0},{"not_picked":["Fusion","Force Field"],"picked":"Cold Snap","floor":18.0},{"not_picked":["Beam Cell","Conserve Battery"],"picked":"Skim","floor":19.0},{"not_picked":["Steam","Leap"],"picked":"Turbo+1","floor":21}],"player_experience":2021082,"relics_obtained":[{"floor":6.0,"key":"Letter Opener"},{"floor":9.0,"key":"Tiny Chest"},{"floor":12.0,"key":"Bag of Marbles"}],"event_choices":[{"damage_healed":0.0,"max_hp_gain":5.0,"max_hp_loss":0.0,"gold_gain":0.0,"event_name":"Big Fish","player_choice":"Donut","floor":2.0,"gold_loss":0.0,"damage_taken":0.0},{"damage_healed":0.0,"max_hp_gain":0.0,"max_hp_loss":0.0,"gold_gain":0.0,"event_name":"Shining Light","player_choice":"Entered Light","floor":3.0,"gold_loss":0.0,"damage_taken":23.0,"cards_upgraded":["Zap","Strike_B"]},{"damage_healed":0.0,"max_hp_gain":0.0,"max_hp_loss":0.0,"gold_gain":75.0,"event_name":"World of Goop","player_choice":"Gather Gold","floor":4.0,"gold_loss":0.0,"damage_taken":11.0},{"damage_healed":0.0,"max_hp_gain":0.0,"max_hp_loss":0.0,"gold_gain":0.0,"event_name":"Liars Game","player_choice":"Ignored","floor":5.0,"gold_loss":0.0,"damage_taken":0.0},{"damage_healed":0.0,"max_hp_gain":0.0,"max_hp_loss":7.0,"gold_gain":0.0,"event_name":"Golden Idol","player_choice":"Lose Max HP","floor":10.0,"gold_loss":0.0,"damage_taken":0.0,"relics_obtained":["Golden Idol"]},{"damage_healed":0,"gold_gain":50,"player_choice":"Touch","damage_taken":6,"max_hp_gain":0,"max_hp_loss":0,"event_name":"FaceTrader","floor":20,"gold_loss":0}],"is_beta":false,"boss_relics":[{"not_picked":["Pandora\u0027s Box","Runic Dome"],"picked":"Nuclear Battery"}],"items_purged_floors":[13],"is_endless":false,"potions_floor_spawned":[6,8,11,14,18],"killed_by":"Cultist and Chosen","ascension_level":20}}