{"host":"ibonnlq6s1c814xj","time":1610608821,"event":{"mods":["BaseMod","BetterRewards","Good Game Mod","Minty Spire (QoL Compilation)","Shop Mod","【功能Mod】聪明的最终Boss"],"gold_per_floor":[116,66,241,241,241,261,281,67,67,67,14,30,30,50,50,149,149,162,162,181,181,207,240,252,252,252,270,290,290,290],"floor_reached":29,"language":"ZHS","playtime":1126,"items_purged":["Strike_G"],"score":360,"play_id":"38e0a972-3d72-4a41-b701-6baadf0f1902","local_time":"20210114152021","is_ascension_mode":false,"campfire_choices":[{"data":"Berserk","floor":10,"key":"SMITH"},{"data":"Noxious Fumes","floor":13,"key":"SMITH"},{"data":"Deadly Poison","floor":15,"key":"SMITH"},{"floor":25,"key":"REST"}],"circlet_count":0,"master_deck":["Defend_G","Defend_G","Defend_G","Defend_G","Defend_G","Survivor","Neutralize","Berserk+1","Deadly Poison","Noxious Fumes+1","Doubt","Glass Knife","Poisoned Stab","Deadly Poison+1","Bullet Time","Escape Plan","Shame","Bite","Bite","Bite","Bite","Bite","Doubt","Deadly Poison","Decay"],"relics":["Ring of the Snake","REME:ComplimentaryCards","Tiny Chest","Dream Catcher","MerchantsRug","Cursed Key","Bag of Preparation","Boot","Bottled Lightning","Happy Flower"],"acts_visited":["Exordium","TheCity"],"potions_floor_usage":[16,16,16,24,29,29],"damage_taken":[{"damage":0,"enemies":"2 Louse","floor":1,"turns":3},{"damage":4,"enemies":"Small Slimes","floor":6,"turns":3},{"damage":10,"enemies":"Jaw Worm","floor":7,"turns":4},{"damage":2,"enemies":"Looter","floor":12,"turns":2},{"damage":4,"enemies":"3 Louse","floor":14,"turns":3},{"damage":32,"enemies":"Slime Boss","floor":16,"turns":11},{"damage":17,"enemies":"2 Thieves","floor":18,"turns":4},{"damage":6,"enemies":"Chosen","floor":20,"turns":5},{"damage":63,"enemies":"Gremlin Leader","floor":23,"turns":8},{"damage":9,"enemies":"Snake Plant","floor":24,"turns":3},{"damage":17,"enemies":"Snecko","floor":27,"turns":4},{"damage":32,"enemies":"Cultist and Chosen","floor":28,"turns":6},{"damage":13,"enemies":"Snake Plant","floor":29,"turns":2}],"seed_played":"8119405650082846460","potions_obtained":[{"floor":6,"key":"Poison Potion"},{"floor":7,"key":"SkillPotion"},{"floor":14,"key":"AttackPotion"},{"floor":20,"key":"Swift Potion"},{"floor":24,"key":"Explosive Potion"},{"floor":27,"key":"AttackPotion"}],"is_trial":false,"path_per_floor":["M","?","?","?","T","M","M","$","T","R","$","M","R","M","R","B",null,"M","?","M","?","T","E","M","R","T","M","M","M"],"character_chosen":"THE_SILENT","items_purchased":["Deadly Poison","Lee\u0027s Waffle","Tiny Chest","MerchantsRug","Deadly Poison"],"campfire_rested":1,"item_purchase_floors":[0,0,0,8,11],"current_hp_per_floor":[77,77,77,77,77,73,63,63,63,63,63,63,63,61,61,31,77,60,60,56,56,56,13,14,37,37,26,4,0,0],"gold":290,"neow_bonus":"","is_daily":false,"chose_seed":false,"campfire_upgraded":3,"win_rate":0.0,"timestamp":1610608821,"path_taken":["M","?","?","?","?","M","M","$","T","R","?","M","R","M","R","BOSS","M","?","M","?","?","E","M","R","T","?","M","?"],"items_purchased_type":["Card","Relic","Relic","Relic","Card"],"build_version":"2020-12-22","purchased_purges":1,"victory":false,"max_hp_per_floor":[77,77,77,77,77,77,77,77,77,77,77,77,77,77,77,77,77,77,77,77,77,77,77,77,77,77,77,77,77,77],"card_choices":[{"not_picked":["Flying Knee","Sucker Punch"],"picked":"Noxious Fumes","floor":1},{"not_picked":["Accuracy","Bane","Prepared"],"picked":"SKIP","floor":6},{"not_picked":["Dodge and Roll","Dash"],"picked":"Poisoned Stab","floor":7},{"not_picked":["Bane","Dagger Throw"],"picked":"Bullet Time","floor":12},{"not_picked":["Underhanded Strike","Deflect"],"picked":"Escape Plan","floor":14},{"not_picked":["Flying Knee+1","Footwork","Dagger Throw+1"],"picked":"SKIP","floor":18},{"not_picked":["Leg Sweep+1","Finisher","Backflip"],"picked":"SKIP","floor":20},{"not_picked":["Backstab+1","Caltrops","Infinite Blades+1"],"picked":"SKIP","floor":23},{"not_picked":["Bane","Acrobatics"],"picked":"Deadly Poison","floor":24},{"not_picked":["Deflect","Blur+1","Dash"],"picked":"SKIP","floor":27},{"not_picked":["Deadly Poison","Tactician","Outmaneuver"],"picked":"SKIP","floor":28}],"player_experience":198857,"relics_obtained":[{"floor":5,"key":"Dream Catcher"},{"floor":9,"key":"Blood Vial"},{"floor":22,"key":"Boot"},{"floor":23,"key":"Bottled Lightning"},{"floor":26,"key":"Happy Flower"}],"event_choices":[{"cards_removed":["Strike_G"],"damage_healed":0,"gold_gain":0,"player_choice":"Card Removal","damage_taken":0,"max_hp_gain":0,"max_hp_loss":0,"event_name":"The Cleric","floor":2,"gold_loss":50},{"damage_healed":0,"gold_gain":175,"player_choice":"AGREE","damage_taken":0,"max_hp_gain":0,"max_hp_loss":0,"event_name":"Liars Game","floor":3,"gold_loss":0,"cards_obtained":["Doubt"]},{"damage_healed":0,"gold_gain":0,"cards_transformed":["Strike_G"],"player_choice":"Change","damage_taken":0,"max_hp_gain":0,"max_hp_loss":0,"event_name":"Living Wall","floor":4,"gold_loss":0,"cards_obtained":["Glass Knife"]},{"damage_healed":0,"gold_gain":0,"player_choice":"Stole Relic","damage_taken":0,"relics_obtained":["Bag of Preparation"],"max_hp_gain":0,"max_hp_loss":0,"event_name":"Addict","floor":19,"gold_loss":0,"cards_obtained":["Shame"]},{"damage_healed":0,"gold_gain":0,"player_choice":"Became a vampire (Vial)","damage_taken":0,"max_hp_gain":0,"max_hp_loss":0,"event_name":"Vampires","floor":21,"relics_lost":["Blood Vial"],"gold_loss":0,"cards_obtained":["Bite","Bite","Bite","Bite","Bite"]}],"is_beta":false,"boss_relics":[{"not_picked":["Black Star","Runic Dome"],"picked":"Cursed Key"}],"items_purged_floors":[8],"is_endless":false,"potions_floor_spawned":[6,7,14,20,24,27],"killed_by":"Snake Plant","ascension_level":0}}