{"host":"w3q5ijqu8eoknil3","time":1610614671,"event":{"mods":["AchievementEnabler","BaseMod","Block Reminder","Colored Powertips","Curses Come First","Minty Spire (QoL Compilation)","Quick Restart","Relic Stats","StSLib","ojb\u0027s Better Paths Mod","ojb\u0027s Info Mod","slay the spire mod where everything is the same but ironclad has a cowboy hat"],"gold_per_floor":[111,127,127,143,153,179,144,164,164,164,180,180,193,193,193,266,266,286,304,304,304],"floor_reached":20,"language":"ENG","playtime":727,"items_purged":[],"score":338,"play_id":"fed79503-874d-406d-81f0-042e04fee61b","local_time":"20210114085751","is_ascension_mode":true,"campfire_choices":[{"data":"Poisoned Stab","floor":12.0,"key":"SMITH"},{"floor":15.0,"key":"REST"}],"circlet_count":0,"master_deck":["AscendersBane","Strike_G","Strike_G","Strike_G","Defend_G","Defend_G","Defend_G","Defend_G","Defend_G","Survivor","Neutralize","Blade Dance","Predator","Tools of the Trade","Backstab","Cloak And Dagger","Flying Knee","Poisoned Stab+1","Outmaneuver","Catalyst","Phantasmal Killer","Bullet Time","Blur","Eviscerate"],"relics":["Ring of the Snake","NeowsBlessing","Peace Pipe","Ice Cream","Snecko Eye"],"acts_visited":["Exordium","TheCity"],"potions_floor_usage":[],"damage_taken":[{"damage":0.0,"enemies":"2 Louse","floor":1.0,"turns":1.0},{"damage":0.0,"enemies":"Cultist","floor":2.0,"turns":1.0},{"damage":0.0,"enemies":"Jaw Worm","floor":4.0,"turns":1.0},{"damage":0.0,"enemies":"Looter","floor":5.0,"turns":3.0},{"damage":34.0,"enemies":"Gremlin Nob","floor":6.0,"turns":4.0},{"damage":13.0,"enemies":"Large Slime","floor":8.0,"turns":5.0},{"damage":1.0,"enemies":"2 Fungi Beasts","floor":11.0,"turns":4.0},{"damage":14.0,"enemies":"Exordium Thugs","floor":13.0,"turns":4.0},{"damage":6.0,"enemies":"The Guardian","floor":16.0,"turns":7.0},{"damage":15.0,"enemies":"Chosen","floor":18.0,"turns":4.0},{"damage":5.0,"enemies":"Shell Parasite","floor":19.0,"turns":5.0},{"damage":0,"enemies":"Cultist and Chosen","floor":20,"turns":1}],"seed_played":"3276863719256995478","potions_obtained":[{"floor":2.0,"key":"PowerPotion"},{"floor":5.0,"key":"BlessingOfTheForge"},{"floor":8.0,"key":"Poison Potion"},{"floor":16.0,"key":"CunningPotion"},{"floor":18.0,"key":"SpeedPotion"}],"is_trial":false,"path_per_floor":["M","M","?","M","M","E","?","M","T","?","M","R","M","?","R","B",null,"M","M","M"],"character_chosen":"THE_SILENT","items_purchased":[],"campfire_rested":1,"item_purchase_floors":[],"current_hp_per_floor":[59,59,59,59,59,25,41,28,28,28,27,27,13,13,32,26,56,41,36,36,36],"gold":304,"neow_bonus":"THREE_ENEMY_KILL","is_daily":false,"chose_seed":false,"campfire_upgraded":1,"win_rate":0.0,"timestamp":1610614671,"path_taken":["M","M","?","M","?","E","?","M","T","?","M","R","M","?","R","BOSS","M","M","M"],"items_purchased_type":[],"build_version":"2020-12-22","purchased_purges":0,"victory":false,"max_hp_per_floor":[66,66,66,66,66,66,66,66,66,66,66,66,66,66,66,66,66,66,66,66,66],"relic_stats":{"Peace Pipe":0,"counters":[12,40],"Snecko Eye":[18,19,17,20],"obtain_stats":[{"Peace Pipe":6,"Ice Cream":9,"NeowsBlessing":0,"Snecko Eye":17,"Ring of the Snake":0},{"Peace Pipe":5,"Ice Cream":6,"NeowsBlessing":0,"Snecko Eye":9,"Ring of the Snake":0},{"Peace Pipe":10,"Ice Cream":15,"NeowsBlessing":0,"Snecko Eye":30,"Ring of the Snake":0}],"Ring of the Snake":[24]},"card_choices":[{"not_picked":["Backflip","Eviscerate"],"picked":"Blade Dance","floor":1.0},{"not_picked":["Reflex","Dagger Throw"],"picked":"Predator","floor":2.0},{"not_picked":["Prepared","Blur"],"picked":"Backstab","floor":4.0},{"not_picked":["Outmaneuver","Accuracy"],"picked":"Cloak And Dagger","floor":5.0},{"not_picked":["Concentrate","Tools of the Trade"],"picked":"Flying Knee","floor":6.0},{"not_picked":["Blade Dance","Cloak And Dagger"],"picked":"Poisoned Stab","floor":8.0},{"not_picked":["Caltrops","Predator"],"picked":"Catalyst","floor":11.0},{"not_picked":["PiercingWail","Underhanded Strike"],"picked":"Phantasmal Killer","floor":13.0},{"not_picked":["Tools of the Trade","Glass Knife"],"picked":"Bullet Time","floor":16.0},{"not_picked":["Bane","Dagger Throw"],"picked":"Blur","floor":18.0},{"not_picked":["PiercingWail","Cloak And Dagger"],"picked":"Eviscerate","floor":19.0}],"player_experience":975215,"relics_obtained":[{"floor":6.0,"key":"Peace Pipe"},{"floor":9.0,"key":"Ice Cream"}],"event_choices":[{"damage_healed":0.0,"max_hp_gain":0.0,"max_hp_loss":0.0,"gold_gain":0.0,"cards_transformed":["Strike_G"],"event_name":"Transmorgrifier","player_choice":"Transformed","floor":3.0,"gold_loss":0.0,"damage_taken":0.0,"cards_obtained":["Tools of the Trade"]},{"damage_healed":16.0,"max_hp_gain":0.0,"max_hp_loss":0.0,"gold_gain":0.0,"event_name":"The Cleric","player_choice":"Healed","floor":7.0,"gold_loss":35.0,"damage_taken":0.0},{"damage_healed":0.0,"max_hp_gain":0.0,"max_hp_loss":0.0,"gold_gain":0.0,"cards_transformed":["Strike_G"],"event_name":"Living Wall","player_choice":"Change","floor":10.0,"gold_loss":0.0,"damage_taken":0.0,"cards_obtained":["Outmaneuver"]},{"damage_healed":0.0,"max_hp_gain":0.0,"max_hp_loss":0.0,"gold_gain":0.0,"event_name":"Liars Game","player_choice":"Ignored","floor":14.0,"gold_loss":0.0,"damage_taken":0.0}],"is_beta":false,"boss_relics":[{"not_picked":["SacredBark","SlaversCollar"],"picked":"Snecko Eye"}],"items_purged_floors":[],"is_endless":false,"potions_floor_spawned":[2,5,8,13,16,18],"killed_by":"Cultist and Chosen","ascension_level":18}}