{"host":"922zt4fjsmmy4kg9","time":1610614012,"event":{"mods":["A Magickal Journey","Act Like it!","BaseMod","Better Third Choice","Downfall","Friendly Minions","Hermit","HololiveMod","Hubris","Jorbs\u0027s Wanderer Trilogy","Kiyohime????","Koishi","Marisa????????","Minty Spire (QoL Compilation)","Quick Restart","Reimu??????","Shop Mod","Spicy Shops","StSLib","SuperFastMode","The Animator","The Disciple","The Runesmith"],"gold_per_floor":[99,99,99,99,99,133,160,177,177,207,224,224,254,273,285,381,381,306,320,337,337,337,364,389,421,438,453,479,492,492,505,519,618,618,618,633,651,669,695,695,718,13,368,206,218,270,270,270,290,290],"floor_reached":51,"language":"ENG","playtime":3207,"items_purged":[],"score":904,"play_id":"9138603b-03ca-419f-8a45-f649b7e2becc","local_time":"20210114194652","is_ascension_mode":true,"campfire_choices":[{"data":"Slimebound:Split","floor":1.0,"key":"SMITH"},{"data":"Slimebound:Nibble","floor":12.0,"key":"SMITH"},{"data":"Slimebound:Overexert","floor":18.0,"key":"SMITH"},{"floor":35.0,"key":"DIG"},{"floor":47,"key":"DIG"}],"circlet_count":0,"master_deck":["Slimebound:Strike_Slimebound","Slimebound:Strike_Slimebound","Slimebound:Strike_Slimebound","Slimebound:Tackle+1","Slimebound:Defend_Slimebound","Slimebound:Defend_Slimebound","Slimebound:Defend_Slimebound","Slimebound:Defend_Slimebound","Slimebound:Split+1","Slimebound:CorrosiveSpit","Slimebound:MegaLick","Slimebound:SplitBruiser","Slimebound:SlimeBrawl","Slimebound:Equalize+1","Slimebound:WasteNot","Slimebound:Nibble+1","Slimebound:LivingWall","Slimebound:Overexert+1","Slimebound:LeechingTouch+1","Slimebound:ViciousTackle+1","RitualDagger+1","Slimebound:GrowthPunch+1","Slimebound:SplitBruiser+1","Slimebound:LeadByExample+1","Slimebound:Nibble","Slimebound:AcidTongue","Slimebound:FormOfPuddle+1","Slimebound:MinionMaster","Slimebound:AcidTongue","Slimebound:SlimeTap+1","Slimebound:PrepareCrush","Apotheosis","Slimebound:Gluttony+1","Slimebound:ProtectTheBoss+1","Panache","Slimebound:RainOfGoop+1"],"relics":["Slimebound:AbsorbEndCombatUpgraded","downfall:HeartsMalice","Bag of Preparation","hubris:BundleOfHerbs","Lantern","Anchor","downfall:HeartBlessingGreen","Art of War","Happy Flower","Shovel","CaptainsWheel","Nloth\u0027s Gift","Peace Pipe","Whetstone","MealTicket","Dream Catcher","Dead Branch","OrangePellets","Old Coin","Sling","HandDrill","CatCart","hubris:CuriousFeather","hubris:EvacipatedBox","Slimebound:AggressiveSlimeRelic","Slimebound:SlimedSkullRelic"],"acts_visited":["Exordium","TheCity","TheBeyond"],"potions_floor_usage":[38,38,46,50],"damage_taken":[{"damage":0.0,"enemies":"Cultist","floor":2.0,"turns":1.0},{"damage":0.0,"enemies":"Small Slimes","floor":4.0,"turns":1.0},{"damage":0.0,"enemies":"2 Louse","floor":5.0,"turns":1.0},{"damage":46.0,"enemies":"Gremlin Nob","floor":6.0,"turns":4.0},{"damage":14.0,"enemies":"Blue Slaver","floor":8.0,"turns":3.0},{"damage":31.0,"enemies":"3 Sentries","floor":10.0,"turns":5.0},{"damage":10.0,"enemies":"Gremlin Gang","floor":11.0,"turns":3.0},{"damage":25.0,"enemies":"Lagavulin","floor":13.0,"turns":4.0},{"damage":8.0,"enemies":"2 Fungi Beasts","floor":14.0,"turns":2.0},{"damage":4.0,"enemies":"Red Slaver","floor":15.0,"turns":2.0},{"damage":48.0,"enemies":"downfall:Silent","floor":16.0,"turns":6.0},{"damage":35.0,"enemies":"Shell Parasite","floor":19.0,"turns":5.0},{"damage":46.0,"enemies":"Snecko","floor":20.0,"turns":5.0},{"damage":47.0,"enemies":"Slavers","floor":23.0,"turns":5.0},{"damage":32.0,"enemies":"Gremlin Leader","floor":25.0,"turns":4.0},{"damage":24.0,"enemies":"Centurion and Healer","floor":26.0,"turns":3.0},{"damage":43.0,"enemies":"3 Cultists","floor":27.0,"turns":4.0},{"damage":25.0,"enemies":"Slavers","floor":28.0,"turns":3.0},{"damage":22.0,"enemies":"Shelled Parasite and Fungi","floor":29.0,"turns":4.0},{"damage":0.0,"enemies":"Snecko","floor":31.0,"turns":3.0},{"damage":35.0,"enemies":"Snake Plant","floor":32.0,"turns":3.0},{"damage":37.0,"enemies":"downfall:Defect","floor":33.0,"turns":6.0},{"damage":64.0,"enemies":"3 Darklings","floor":36.0,"turns":6.0},{"damage":7.0,"enemies":"3 Shapes","floor":37.0,"turns":4.0},{"damage":10,"enemies":"Jaw Worm Horde","floor":38,"turns":3},{"damage":17,"enemies":"downfall:FleeingMerchant","floor":42,"turns":4},{"damage":40,"enemies":"2 Orb Walkers","floor":43,"turns":4},{"damage":17,"enemies":"downfall:FleeingMerchant","floor":44,"turns":4},{"damage":28,"enemies":"Writhing Mass","floor":45,"turns":3},{"damage":45,"enemies":"Orin","floor":46,"turns":8},{"damage":7,"enemies":"3 Darklings","floor":49,"turns":2},{"damage":45,"enemies":"downfall:Ironclad","floor":50,"turns":5}],"seed_played":"-4670175439425052720","potions_obtained":[{"floor":6.0,"key":"Explosive Potion"},{"floor":10.0,"key":"PowerPotion"},{"floor":13.0,"key":"Slimebound:SlimedPotion"},{"floor":15.0,"key":"DuplicationPotion"},{"floor":19.0,"key":"Energy Potion"},{"floor":20.0,"key":"Block Potion"},{"floor":21.0,"key":"CultistPotion"},{"floor":23.0,"key":"Explosive Potion"},{"floor":29.0,"key":"LiquidBronze"},{"floor":33.0,"key":"SpeedPotion"},{"floor":36.0,"key":"AttackPotion"},{"floor":37.0,"key":"ColorlessPotion"},{"floor":49,"key":"Ancient Potion"}],"is_trial":false,"path_per_floor":["R","M","T","M","M","E","T","M","?","E","M","R","E","M","M","B",null,"R","M","M","?","?","E","T","E","M","M","E","M","?","M","M","B",null,"R","M","M","M","?","?","T","$","?","$","M","?","R","$","M","B",null],"character_chosen":"SLIMEBOUND","items_purchased":["Dream Catcher","Dead Branch","OrangePellets","Apotheosis","Sling","HandDrill","Panache","hubris:EvacipatedBox","Slimebound:AggressiveSlimeRelic","Slimebound:SlimedSkullRelic"],"campfire_rested":0,"item_purchase_floors":[42,42,42,42,44,44,44,48,48,48],"current_hp_per_floor":[60,60,60,60,60,28,28,28,28,15,25,25,26,34,44,39,60,60,57,45,45,70,47,47,69,70,44,43,59,59,70,47,64,70,70,35,44,58,58,58,58,69,62,70,62,66,66,17,35,26],"gold":290,"neow_bonus":"THREE_ENEMY_KILL","is_daily":false,"chose_seed":false,"campfire_upgraded":3,"win_rate":0.0,"timestamp":1610614012,"path_taken":["R","M","?","M","M","E","T","M","?","E","M","R","E","M","M","BOSS","R","M","M","?","?","E","T","E","M","M","E","?","?","?","M","BOSS","R","M","M","M","?","?","T","$","?","$","M","?","R","?","M","BOSS"],"items_purchased_type":["Relic","Relic","Relic","Card","Relic","Relic","Card","Relic","Relic","Relic"],"build_version":"2020-12-22","purchased_purges":0,"victory":true,"max_hp_per_floor":[60,60,60,60,60,60,60,60,60,60,60,60,60,60,60,60,60,60,60,60,60,70,70,70,70,70,70,70,70,70,70,70,70,70,70,70,70,70,70,70,70,70,70,70,70,70,70,70,70,70],"card_choices":[{"not_picked":["Slimebound:SplitLeeching","Slimebound:Dissolve"],"picked":"Slimebound:MegaLick","floor":2.0},{"not_picked":["Slimebound:LeechingTouch","Slimebound:FinishingTackle"],"picked":"Slimebound:SplitBruiser","floor":4.0},{"not_picked":["Slimebound:HungryTackle","Slimebound:SplitBruiser"],"picked":"Slimebound:SlimeBrawl","floor":5.0},{"not_picked":["Slimebound:GoopTackle","Slimebound:SlimeBrawl"],"picked":"Slimebound:Gluttony","floor":6.0},{"not_picked":["Slimebound:MegaLick","Slimebound:SamplingLick"],"picked":"Slimebound:Equalize","floor":8.0},{"not_picked":["Slimebound:RollThrough","Slimebound:SlimeSlap"],"picked":"Slimebound:WasteNot","floor":10.0},{"not_picked":["Slimebound:FinishingTackle","Slimebound:SamplingLick"],"picked":"Slimebound:Nibble","floor":11.0},{"not_picked":["Slimebound:ViciousTackle","Slimebound:GrowthPunch","Slimebound:SplitBruiser"],"picked":"SKIP","floor":13.0},{"not_picked":["Slimebound:ProtectTheBoss","Slimebound:Schlurp"],"picked":"Slimebound:LivingWall","floor":14.0},{"not_picked":["Slimebound:DisruptingSlam","Slimebound:AcidTongue"],"picked":"Slimebound:Overexert","floor":15.0},{"not_picked":["Slimebound:SlimeSlap","Slimebound:CheckThePlaybook"],"picked":"Slimebound:DuplicatedForm","floor":16.0},{"not_picked":["Slimebound:FlameTackle","Slimebound:Equalize"],"picked":"Slimebound:LeechingTouch+1","floor":19.0},{"not_picked":["Slimebound:FinishingTackle","Slimebound:SplitLeeching"],"picked":"Slimebound:ViciousTackle+1","floor":20.0},{"not_picked":["Slimebound:PressTheAttack","Slimebound:Equalize"],"picked":"Slimebound:GrowthPunch+1","floor":23.0},{"not_picked":["Slimebound:GrowthPunch","Slimebound:Replication"],"picked":"Slimebound:SplitBruiser+1","floor":25.0},{"not_picked":["Slimebound:SplitMire","Slimebound:LeechLife"],"picked":"Slimebound:LeadByExample+1","floor":26.0},{"not_picked":["Slimebound:FinishingTackle+1","Slimebound:SamplingLick"],"picked":"Slimebound:Nibble","floor":27.0},{"not_picked":["Slimebound:BestDefense","Slimebound:SamplingLick+1"],"picked":"Slimebound:AcidTongue","floor":28.0},{"not_picked":["Slimebound:SplitMire","Slimebound:HauntingLick"],"picked":"Slimebound:FormOfPuddle+1","floor":29.0},{"not_picked":["Slimebound:SplitLeeching","Slimebound:RollThrough","Slimebound:ViciousTackle"],"picked":"SKIP","floor":31.0},{"not_picked":["Slimebound:RollThrough","Slimebound:SplitAcid","Slimebound:HungryTackle"],"picked":"SKIP","floor":32.0},{"not_picked":["Slimebound:CheckThePlaybook","Slimebound:Teamwork"],"picked":"Slimebound:MinionMaster","floor":33.0},{"not_picked":["Slimebound:GoopSpray","Slimebound:SplitBruiser"],"picked":"Slimebound:AcidTongue","floor":36.0},{"not_picked":["Slimebound:SplitMire","Slimebound:Repurpose","Slimebound:ComboTackle"],"picked":"SKIP","floor":37.0},{"not_picked":["Slimebound:Chomp+1","Slimebound:ComboTackle"],"picked":"Slimebound:SlimeTap+1","floor":38},{"not_picked":["Slimebound:SplitBruiser","Slimebound:SlimeSpikes"],"picked":"Slimebound:PrepareCrush","floor":42},{"not_picked":["Slimebound:LeechingTouch","Slimebound:Schlurp+1"],"picked":"Slimebound:Gluttony+1","floor":43},{"not_picked":["Slimebound:FlameTackle","Slimebound:RollThrough+1"],"picked":"Slimebound:ProtectTheBoss+1","floor":44},{"not_picked":["Slimebound:SlimeTap","Slimebound:WasteNot","Slimebound:FinishingTackle"],"picked":"SKIP","floor":45},{"not_picked":["Slimebound:GoopTackle","Slimebound:Equalize"],"picked":"Slimebound:RainOfGoop+1","floor":46},{"not_picked":["Slimebound:ProtectTheBoss+1","Slimebound:CheckThePlaybook","Slimebound:SplitMire"],"picked":"SKIP","floor":49}],"player_experience":1341882,"relics_obtained":[{"floor":3.0,"key":"Bag of Preparation"},{"floor":6.0,"key":"hubris:BundleOfHerbs"},{"floor":7.0,"key":"Lantern"},{"floor":10.0,"key":"Anchor"},{"floor":13.0,"key":"Blood Vial"},{"floor":23.0,"key":"Art of War"},{"floor":24.0,"key":"Happy Flower"},{"floor":25.0,"key":"Shovel"},{"floor":28.0,"key":"CaptainsWheel"},{"floor":35.0,"key":"Peace Pipe"},{"floor":39,"key":"Whetstone"},{"floor":41,"key":"MealTicket"},{"floor":43,"key":"Old Coin"},{"floor":46,"key":"CatCart"},{"floor":47,"key":"hubris:CuriousFeather"}],"event_choices":[{"cards_removed":["Slimebound:DuplicatedForm"],"damage_healed":15.0,"max_hp_gain":10.0,"max_hp_loss":0.0,"gold_gain":0.0,"event_name":"Bonfire Elementals","player_choice":"Offered Rare","floor":22.0,"gold_loss":0.0,"damage_taken":0.0},{"cards_removed":["Slimebound:Gluttony"],"damage_healed":0,"gold_gain":0,"player_choice":"Removed Power","damage_taken":0,"max_hp_gain":0,"max_hp_loss":0,"event_name":"Falling","floor":40,"gold_loss":0},{"damage_healed":0,"gold_gain":0,"player_choice":"Fight","damage_taken":0,"max_hp_gain":0,"max_hp_loss":0,"event_name":"Mysterious Sphere","floor":43,"gold_loss":0},{"damage_healed":0,"gold_gain":0,"player_choice":"Fight","damage_taken":0,"max_hp_gain":0,"max_hp_loss":0,"event_name":"OrinTheCat","floor":46,"gold_loss":0}],"is_beta":false,"boss_relics":[{"not_picked":["SlaversCollar","Slimebound:TarBlob"],"picked":"Slimebound:AbsorbEndCombatUpgraded"},{"not_picked":["hubris:GrandSneckoEye","Busted Crown","Philosopher\u0027s Stone"]}],"items_purged_floors":[],"is_endless":false,"potions_floor_spawned":[6,10,13,15,19,20,23,29,33,36,37,49],"ascension_level":3}}