{"host":"natui9yr7uuq78xo","time":1610596324,"event":{"mods":["BaseMod","Better Third Choice","BetterRewards","Minty Spire (QoL Compilation)","StSLib","The Marked"],"gold_per_floor":[118,193,209,219,237,237,250,260,260,277,307,307,307,325,325,421,421,440,458,383,383,396,396,415,330,382,382,435,435,470,470,470,574,574,593,593,610,626,644,644,659,659,710,710,724,724,724,724,724],"floor_reached":48,"language":"ENG","playtime":2928,"items_purged":["theMarked:Convert"],"score":456,"play_id":"97c288ba-29b8-4b92-b31e-dff0207ecdc7","local_time":"20210113175204","is_ascension_mode":false,"campfire_choices":[{"data":"theMarked:BanishingStrike","floor":6.0,"key":"SMITH"},{"floor":13.0,"key":"REST"},{"data":"theMarked:AttractMetal","floor":15.0,"key":"SMITH"},{"data":"theMarked:TakeOffHeels","floor":23,"key":"SMITH"},{"floor":29,"key":"REST"},{"floor":32,"key":"REST"},{"floor":40,"key":"REST"},{"floor":44,"key":"REST"},{"floor":46,"key":"REST"}],"circlet_count":0,"master_deck":["theMarked:BanishingStrike+1","theMarked:EnhanceMovement","theMarked:PowerFlow","theMarked:HeritageOfTheMarked","theMarked:AttractMetal+1","theMarked:TwofoldDefense","theMarked:WardOff","theMarked:Vacuum","theMarked:Polarize","theMarked:Panic","theMarked:WardOff","theMarked:Parkour","theMarked:Convert","theMarked:TakeOffHeels+1","theMarked:BanishingStrike","Insight","theMarked:ElectricStrings","theMarked:ThrowWeapon","theMarked:Generate+1","Dark Shackles","theMarked:BanishingWave"],"relics":["theMarked:ArtifactOfAir","NeowsBlessing","Centennial Puzzle","Juzu Bracelet","Pandora\u0027s Box","Orichalcum","theMarked:DemonDagger","Bronze Scales","Question Card","Gremlin Horn","Sozu"],"acts_visited":["Exordium","TheCity","TheBeyond"],"potions_floor_usage":[30,41,41],"damage_taken":[{"damage":0.0,"enemies":"Small Slimes","floor":1.0,"turns":1.0},{"damage":0.0,"enemies":"Cultist","floor":3.0,"turns":1.0},{"damage":0.0,"enemies":"2 Louse","floor":4.0,"turns":1.0},{"damage":2.0,"enemies":"Red Slaver","floor":5.0,"turns":4.0},{"damage":4.0,"enemies":"Gremlin Gang","floor":7.0,"turns":5.0},{"damage":5.0,"enemies":"Exordium Wildlife","floor":8.0,"turns":4.0},{"damage":3.0,"enemies":"Looter","floor":10.0,"turns":3.0},{"damage":27.0,"enemies":"3 Sentries","floor":11.0,"turns":7.0},{"damage":0.0,"enemies":"2 Fungi Beasts","floor":14.0,"turns":3.0},{"damage":27.0,"enemies":"The Guardian","floor":16.0,"turns":11.0},{"damage":10,"enemies":"3 Byrds","floor":18,"turns":7},{"damage":0,"enemies":"Shell Parasite","floor":19,"turns":3},{"damage":4,"enemies":"Centurion and Healer","floor":22,"turns":5},{"damage":23,"enemies":"Sentry and Sphere","floor":24,"turns":6},{"damage":14,"enemies":"Gremlin Leader","floor":30,"turns":6},{"damage":40,"enemies":"Automaton","floor":33,"turns":9},{"damage":0,"enemies":"Orb Walker","floor":35,"turns":3},{"damage":7,"enemies":"3 Darklings","floor":37,"turns":7},{"damage":18,"enemies":"Writhing Mass","floor":38,"turns":5},{"damage":16,"enemies":"Spire Growth","floor":39,"turns":4},{"damage":133,"enemies":"Transient","floor":41,"turns":5},{"damage":32,"enemies":"Sphere and 2 Shapes","floor":45,"turns":4},{"damage":49,"enemies":"Giant Head","floor":48,"turns":6}],"seed_played":"4559832985736979031","potions_obtained":[{"floor":3.0,"key":"SteroidPotion"},{"floor":4.0,"key":"SpeedPotion"},{"floor":7.0,"key":"Fire Potion"},{"floor":19,"key":"Fruit Juice"},{"floor":30,"key":"FairyPotion"},{"floor":33,"key":"Regen Potion"}],"is_trial":false,"path_per_floor":["M","?","M","M","M","R","M","M","T","M","E","?","R","M","R","B",null,"M","M","$","?","M","R","M","?","T","?","T","R","E","?","R","B",null,"M","?","M","M","M","R","M","?","T","R","M","R","?","E"],"character_chosen":"THE_DEFAULT","items_purchased":[],"campfire_rested":6,"item_purchase_floors":[],"current_hp_per_floor":[70,59,59,59,57,57,53,48,48,45,18,18,39,39,39,12,70,60,60,60,47,43,43,20,20,20,20,20,42,33,33,57,17,80,80,80,73,55,39,63,24,24,24,48,16,40,40,0,0],"gold":724,"neow_bonus":"THREE_ENEMY_KILL","is_daily":false,"chose_seed":false,"campfire_upgraded":3,"win_rate":0.0,"timestamp":1610596324,"path_taken":["M","?","M","M","M","R","M","M","T","M","E","?","R","M","R","BOSS","M","M","$","?","M","R","M","?","T","?","?","R","E","?","R","BOSS","M","?","M","M","M","R","M","?","T","R","M","R","?","E"],"items_purchased_type":[],"build_version":"2020-12-22","purchased_purges":1,"victory":false,"max_hp_per_floor":[70,70,70,70,70,70,70,70,70,70,70,70,70,70,70,70,70,70,70,70,75,75,75,75,75,75,75,75,75,80,80,80,80,80,80,80,80,80,80,80,80,80,80,80,80,80,80,80,80],"card_choices":[{"not_picked":["theMarked:Frustration","theMarked:Parkour"],"picked":"theMarked:BanishingStrike","floor":1.0},{"not_picked":["theMarked:Generate","theMarked:ShockingTouch"],"picked":"theMarked:EnhanceMovement","floor":3.0},{"not_picked":["theMarked:Parkour","theMarked:Static"],"picked":"theMarked:PowerFlow","floor":4.0},{"not_picked":["theMarked:Overcharge","theMarked:ParalyzingBlade"],"picked":"theMarked:HeritageOfTheMarked","floor":5.0},{"not_picked":["theMarked:Parry","theMarked:Static"],"picked":"theMarked:AttractMetal","floor":7.0},{"not_picked":["theMarked:Parkour","theMarked:Static","theMarked:ComboAttacks"],"picked":"SKIP","floor":8.0},{"not_picked":["theMarked:MaelstromOfLightning","theMarked:TakeCover","theMarked:TunnelVision"],"picked":"SKIP","floor":10.0},{"not_picked":["theMarked:MysticalArsenal","theMarked:Electrify"],"picked":"theMarked:TwofoldDefense","floor":11.0},{"not_picked":["theMarked:Parry","theMarked:GodGivenPower"],"picked":"theMarked:WardOff","floor":14.0},{"not_picked":["theMarked:UnarmedFury","theMarked:ThrowWeapon"],"picked":"theMarked:Vacuum","floor":16.0},{"not_picked":["theMarked:Overcharge","theMarked:SwordAndMagic","theMarked:WardOff"],"picked":"SKIP","floor":18},{"not_picked":["theMarked:CreepingChasm+1","theMarked:LightningStrikesTwice","theMarked:Improvise"],"picked":"SKIP","floor":19},{"not_picked":["theMarked:Opportunist+1","theMarked:Improvise","theMarked:Aftermath+1"],"picked":"SKIP","floor":22},{"not_picked":["theMarked:ShockingTouch+1","theMarked:HeightenedSenses","theMarked:Parkour"],"picked":"SKIP","floor":24},{"not_picked":["theMarked:RogueSparks+1","theMarked:WastefulDefense+1"],"picked":"theMarked:ElectricStrings","floor":30},{"not_picked":["theMarked:MagicAdept","theMarked:ChannelForce","theMarked:Vacuum"],"picked":"theMarked:ThrowWeapon","floor":33},{"not_picked":["theMarked:Aftermath+1","theMarked:Overthink+1","theMarked:WastefulDefense+1","theMarked:ShockingTouch+1"],"picked":"SKIP","floor":35},{"not_picked":["theMarked:Parkour","theMarked:ParalyzingBlade","theMarked:RepellingDischarge+1","theMarked:WardOff+1"],"picked":"SKIP","floor":37},{"not_picked":["theMarked:ResourceFulStrike+1","theMarked:EmpowerWeapon","theMarked:ElectricStrings"],"picked":"theMarked:Generate+1","floor":38},{"not_picked":["theMarked:Aftermath","theMarked:SelfDefenseTraining","theMarked:RepellingDischarge","theMarked:StartUp+1"],"picked":"SKIP","floor":39},{"not_picked":["theMarked:Parkour","theMarked:Improvise+1","theMarked:ElectricStrings+1","theMarked:WardOff"],"picked":"SKIP","floor":41},{"not_picked":["Discovery","Purity","Bandage Up"],"picked":"Dark Shackles","floor":42},{"not_picked":["theMarked:BanishingStrike+1","theMarked:Standoff+1","theMarked:WastefulAttack"],"picked":"theMarked:BanishingWave","floor":45}],"player_experience":324054,"relics_obtained":[{"floor":9.0,"key":"Centennial Puzzle"},{"floor":11.0,"key":"Juzu Bracelet"},{"floor":26,"key":"theMarked:DemonDagger"},{"floor":28,"key":"Bronze Scales"},{"floor":30,"key":"Question Card"}],"event_choices":[{"damage_healed":0.0,"max_hp_gain":0.0,"max_hp_loss":0.0,"gold_gain":75.0,"event_name":"betterThird:BetterGoop","player_choice":"Gold","floor":2.0,"gold_loss":0.0,"damage_taken":11.0},{"damage_healed":0.0,"max_hp_gain":0.0,"max_hp_loss":0.0,"gold_gain":0.0,"event_name":"NoteForYourself","player_choice":"Ignored","floor":12.0,"gold_loss":0.0,"damage_taken":0.0},{"damage_healed":0,"gold_gain":0,"player_choice":"Shed Blood","damage_taken":18,"max_hp_gain":5,"max_hp_loss":0,"event_name":"Forgotten Altar","floor":21,"gold_loss":0},{"damage_healed":0,"gold_gain":0,"player_choice":"Obtained Relic","damage_taken":0,"relics_obtained":["Orichalcum"],"max_hp_gain":0,"max_hp_loss":0,"event_name":"Addict","floor":25,"gold_loss":85},{"damage_healed":0,"gold_gain":0,"player_choice":"Insight","damage_taken":0,"max_hp_gain":0,"max_hp_loss":0,"event_name":"betterThird:BetterWriting","floor":27,"gold_loss":0,"cards_obtained":["Insight"]},{"damage_healed":0,"gold_gain":0,"player_choice":"Gave Potion","damage_taken":0,"relics_obtained":["Gremlin Horn"],"max_hp_gain":0,"max_hp_loss":0,"event_name":"WeMeetAgain","floor":31,"gold_loss":0},{"cards_removed":["theMarked:SoldierOfQuellstein"],"damage_healed":0,"gold_gain":0,"player_choice":"Purged","damage_taken":0,"max_hp_gain":0,"max_hp_loss":0,"event_name":"Purifier","floor":36,"gold_loss":0},{"damage_healed":0,"gold_gain":0,"player_choice":"Memory 1","damage_taken":0,"max_hp_gain":0,"max_hp_loss":0,"event_name":"SensoryStone","floor":42,"gold_loss":0},{"cards_removed":["theMarked:Opportunist"],"damage_healed":0,"gold_gain":0,"player_choice":"Removed Power","damage_taken":0,"max_hp_gain":0,"max_hp_loss":0,"event_name":"Falling","floor":47,"gold_loss":0}],"is_beta":false,"boss_relics":[{"not_picked":["theMarked:SpiritSword","Busted Crown"],"picked":"Pandora\u0027s Box"},{"not_picked":["Tiny House","Velvet Choker"],"picked":"Sozu"}],"items_purged_floors":[20],"is_endless":false,"potions_floor_spawned":[3,4,7,8,19,30,33,37],"killed_by":"Giant Head","ascension_level":0}}