{"host":"7koe0iw0zllko92h","time":1610661963,"event":{"mods":["Act Like it!","BaseMod","Colored Powertips","Hermit","Hubris","Infinite Spire","Minty Spire (QoL Compilation)","Replay The Spire","StSLib","The Cursed","The Dragon Tamer"],"gold_per_floor":[110,125,145,145,207,278,292,304,352,352,352,412,440,457,457,555,555,575,575,595,595,595],"floor_reached":21,"language":"ENG","playtime":1764,"items_purged":[],"score":187,"play_id":"7d4127f1-0844-4277-adc4-e82161ce0d76","local_time":"20210114170603","is_ascension_mode":false,"campfire_choices":[{"floor":10,"key":"REST"},{"floor":15,"key":"REST"}],"circlet_count":0,"master_deck":["hermit:Strike_Hermit","hermit:Strike_Hermit","hermit:Strike_Hermit","hermit:Strike_Hermit","hermit:Defend_Hermit","hermit:Defend_Hermit","hermit:Defend_Hermit","hermit:Defend_Hermit","hermit:Snapshot","hermit:Covet","hermit:NoHoldsBarred","hermit:Glare","hermit:Headshot","Voices","hermit:Virtue","hermit:TrackingShot","hermit:Feint","hermit:CursedWeapon","hermit:Combo","hermit:BigShot","hermit:Brawl","hermit:HeroicBravado","hermit:PistolWhip","hermit:Ricochet+1"],"relics":["hermit:Momento","ReplayTheSpireMod:Ring of Collecting","ReplayTheSpireMod:Ring of Challenge","Gremlin Horn","Ring of Searing","hermit:RyeStalk","Bird Faced Urn","SacredBark","Oddly Smooth Stone","hubris:HollowSoul"],"acts_visited":["Exordium","TheCity"],"potions_floor_usage":[6,6,14,16,16,20,21],"damage_taken":[{"damage":1,"enemies":"Jaw Worm","floor":1,"turns":3},{"damage":3,"enemies":"Small Slimes","floor":2,"turns":2},{"damage":4,"enemies":"Cultist","floor":3,"turns":3},{"damage":8,"enemies":"Exordium Thugs","floor":5,"turns":4},{"damage":21,"enemies":"Lagavulin","floor":6,"turns":7},{"damage":0,"enemies":"2 Fungi Beasts","floor":7,"turns":1},{"damage":7,"enemies":"Blue Slaver","floor":8,"turns":3},{"damage":2,"enemies":"Gremlin Gang","floor":12,"turns":3},{"damage":0,"enemies":"3 Louse","floor":13,"turns":2},{"damage":0,"enemies":"Red Slaver","floor":14,"turns":1},{"damage":65,"enemies":"Hexaghost","floor":16,"turns":5},{"damage":30,"enemies":"Chosen","floor":18,"turns":5},{"damage":22,"enemies":"Shell Parasite","floor":20,"turns":8},{"damage":20,"enemies":"Sentry and Sphere","floor":21,"turns":3}],"seed_played":"-5738525135524627952","potions_obtained":[{"floor":1,"key":"CultistPotion"},{"floor":3,"key":"Ancient Potion"},{"floor":6,"key":"Death Potion"},{"floor":11,"key":"LiquidMemories"},{"floor":11,"key":"Toxic Potion"},{"floor":16,"key":"FearPotion"},{"floor":18,"key":"SkillPotion"}],"is_trial":false,"path_per_floor":["M","M","M","?","M","E","M","M","T","R","?","M","M","M","R","B",null,"M","AVR","M","M"],"character_chosen":"HERMIT","items_purchased":[],"campfire_rested":2,"item_purchase_floors":[],"current_hp_per_floor":[81,78,74,74,66,45,45,38,38,62,62,60,60,60,82,21,82,52,52,32,0,0],"gold":595,"neow_bonus":"TEN_PERCENT_HP_BONUS","is_daily":false,"chose_seed":false,"campfire_upgraded":0,"win_rate":0.0,"timestamp":1610661963,"path_taken":["M","M","M","?","M","E","M","M","T","R","?","M","M","?","R","BOSS","M","AVR","M","M"],"items_purchased_type":[],"build_version":"2020-12-22","purchased_purges":0,"victory":false,"max_hp_per_floor":[82,82,82,82,82,82,82,82,82,82,82,82,82,82,82,82,82,82,82,82,82,82],"card_choices":[{"not_picked":["hermit:CalledShot","hermit:SprayPray"],"picked":"hermit:NoHoldsBarred","floor":1},{"not_picked":["hermit:NoHoldsBarred","hermit:LowProfile"],"picked":"hermit:Glare","floor":2},{"not_picked":["hermit:Snipe","hermit:Manifest"],"picked":"hermit:Headshot","floor":3},{"not_picked":["hermit:LowProfile","hermit:Coalescence"],"picked":"hermit:Virtue","floor":5},{"not_picked":["hermit:FromBeyond","hermit:Purgatory"],"picked":"hermit:TrackingShot","floor":6},{"not_picked":["hermit:NoHoldsBarred","hermit:LowProfile"],"picked":"hermit:Feint","floor":7},{"not_picked":["hermit:Manifest","hermit:CalledShot"],"picked":"hermit:CursedWeapon","floor":8},{"not_picked":["hermit:ShadowCloak","hermit:Misfire"],"picked":"hermit:Combo","floor":12},{"not_picked":["hermit:LowProfile","hermit:BodyArmor"],"picked":"hermit:BigShot","floor":13},{"not_picked":["hermit:CalledShot","hermit:Misfire"],"picked":"hermit:Brawl","floor":14},{"not_picked":["hermit:Purgatory","hermit:EternalForm"],"picked":"hermit:HeroicBravado","floor":16},{"not_picked":["hermit:Snipe","hermit:HoleUp"],"picked":"hermit:PistolWhip","floor":18},{"not_picked":["hermit:LoneWolf","hermit:Spite"],"picked":"hermit:Ricochet+1","floor":20}],"player_experience":686139,"relics_obtained":[{"floor":4,"key":"ReplayTheSpireMod:Ring of Collecting"},{"floor":4,"key":"ReplayTheSpireMod:Ring of Challenge"},{"floor":6,"key":"Gremlin Horn"},{"floor":9,"key":"Ring of Searing"},{"floor":9,"key":"hermit:RyeStalk"},{"floor":13,"key":"Bird Faced Urn"}],"event_choices":[{"damage_healed":0,"gold_gain":0,"player_choice":"Got Potions","damage_taken":0,"max_hp_gain":0,"max_hp_loss":0,"event_name":"Lab","floor":11,"gold_loss":0}],"is_beta":false,"boss_relics":[{"not_picked":["infinitespire:Cupcake","Philosopher\u0027s Stone"],"picked":"SacredBark"}],"items_purged_floors":[],"is_endless":false,"potions_floor_spawned":[1,3,6,13,16,18],"killed_by":"Sentry and Sphere","ascension_level":0}}