{"host":"ecuvtzmejf7hhjpv","time":1610589594,"event":{"mods":["AchievementEnabler","Act Like it!","Aspiration","BaseMod","Better Altar","Better Match","Better Note","Better Sensory Stone","Better Skull","Better Third Choice","BetterRewards","Conspire","Custom Start","Gensokyo","GifTheSpireLib","Hallownest","Hermit","Hubris","Kratos Character Expansion","Marisa????????","Minty Spire (QoL Compilation)","Prisma Mod","Replay The Spire","Spicy Shops","StSLib","The Animator","The Blackbeard","The Bug Knight","The Forsaken","The Hierophant","The Jungle","The Necromancer","The Poker Player","The Wild Card"],"gold_per_floor":[119,142,200,200,251,251,381,13,37,126,126,91,132,49,49,203,253,327,401,108,108,108,108,172,251,278,344,425,121,121,200,200,354,354,376,453,337,401,401,488,488,525,525,389,389,463,535,362,362,412,412,412,208,243,243],"floor_reached":56,"language":"ENG","playtime":2483,"items_purged":["Looming Evil"],"score":2107,"play_id":"ed03d0e4-478b-4a8a-a706-474186b0fd54","local_time":"20210113195954","is_ascension_mode":true,"campfire_choices":[{"data":"PrismaMod:MiyuEvokeBuffStr","floor":6,"key":"SMITH"},{"data":"Apotheosis","floor":32,"key":"SMITH"},{"floor":41,"key":"RECALL"},{"data":"theWildCard:Odin","floor":45,"key":"SMITH"},{"data":"PrismaMod:MiyuDefendChannelDefend","floor":49,"key":"SMITH"},{"data":"PrismaMod:MiyuCheapChannelDefend","floor":52,"key":"SMITH"}],"circlet_count":0,"master_deck":["PrismaMod:MiyuCommonDefend","PrismaMod:MiyuCommonDefend","PrismaMod:MiyuCommonDefend","PrismaMod:MiyuCommonDefend","PrismaMod:MiyuCommonDefend","PrismaMod:MiyuCommonAttack","PrismaMod:MiyuCommonAttack","PrismaMod:MiyuCommonAttack","PrismaMod:MiyuCommonAttack","PrismaMod:MiyuCommonAttack","PrismaMod:MiyuCheapChannelAttack","PrismaMod:MiyuCheapChannelDefend","PrismaMod:MiyuUncommonDexBuff+1","PrismaMod:MiyuUncommonStrBuff+1","PrismaMod:MiyuUncommonAttack","PrismaMod:MiyuUncommonAttack","PrismaMod:MiyuUncommonPlate","PrismaMod:MiyuEvokeBuffStr+1","PrismaMod:MiyuCheapPlate+1","theWildCard:Odin+1","PrismaMod:MiyuUncommonStrBuff+1","Apotheosis+1","Finesse","Enlightenment+1","PrismaMod:MiyuCheapChannelAttack","PrismaMod:MiyuUncommonDexBuff+1","PrismaMod:MiyuCheapChannelDefend+1","PrismaMod:MiyuCarnivalDefend","PrismaMod:MiyuUncommonDefend","PrismaMod:MiyuUncommonPlate","PrismaMod:MiyuUncommonStrBuff+1","PrismaMod:MiyuOrbIncreasePerm+1","ReplayTheSpireMod:Brewmster+1","PrismaMod:MiyuUberAttack+1","PrismaMod:MiyuDefendChannelDefend+1","PrismaMod:MiyuUncommonDexBuff+1","PrismaMod:MiyuUncommonStrBuff+1","PrismaMod:MiyuUncommonPlate","PrismaMod:MiyuUncommonStrBuff+1","PrismaMod:MiyuUncommonStrBuff+1","Parasite","ReplayTheSpireMod:Brewmster+1","PrismaMod:MiyuUncommonDexBuff+1","blackbeard:InfiniteBarrage+1"],"relics":["PrismaMod:PrismaSapphire","Membership Card","Potion Belt","Frozen Egg 2","Toolbox","StoneCalendar","Pantograph","Mango","hubris:EmptyBottle","hubris:FunFungus","Replay:Bandana","ReplayTheSpireMod:CursedCoin","Replay:Bottled Eggs","Blue Candle","Orichalcum","Anchor","hubris:SphereOfDissonance","ReplayTheSpireMod:ShopPack","aspiration:ArtOfWarUpgrade","Pet Ghost","hubris:PeanutButter","Tiny House","Ice Cream","Lantern","Replay:Accelerometer","conspire:GiftBox","Sling","PreservedInsect","conspire:SpecialSausage","Boot","TungstenRod","Simple Rune","hubris:TenFootPole","Replay:Wax Seal","PrismaticShard","Frozen Eye","Mercury Hourglass","OrangePellets"],"acts_visited":["Exordium","TheCity","TheBeyond","TheEnding"],"potions_floor_usage":[7,10,24,24,25,25,28,28,28,28,28,28,31,31,33,33,40,40,40,40,40,40,40,40,40,40,40,40,40,40,42,42,50,50,50,50,50,50,55,55,55,55,55,55,55,55,55,55,55,55,55,55,55,55,55,55,55,55,55,55,55,55,55,55,55,55,55,55,55,55,55,55,55,55],"damage_taken":[{"damage":5,"enemies":"Jaw Worm","floor":1,"turns":4},{"damage":0,"enemies":"Cultist","floor":2,"turns":4},{"damage":0,"enemies":"Small Slimes","floor":3,"turns":4},{"damage":4,"enemies":"Exordium Thugs","floor":5,"turns":5},{"damage":0,"enemies":"3 Sentries","floor":7,"turns":7},{"damage":11,"enemies":"HollowMod:MossKnight","floor":10,"turns":7},{"damage":0,"enemies":"Exordium Wildlife","floor":13,"turns":4},{"damage":0,"enemies":"The Guardian","floor":16,"turns":7},{"damage":0,"enemies":"Shell Parasite","floor":18,"turns":6},{"damage":0,"enemies":"Spheric Guardian","floor":19,"turns":4},{"damage":0,"enemies":"conspire:HollyBat","floor":24,"turns":8},{"damage":0,"enemies":"conspire:Head Lice","floor":25,"turns":7},{"damage":0,"enemies":"Snake Plant","floor":27,"turns":6},{"damage":0,"enemies":"Book of Stabbing","floor":28,"turns":5},{"damage":0,"enemies":"Centurion and Healer","floor":31,"turns":6},{"damage":0,"enemies":"Collector","floor":33,"turns":7},{"damage":0,"enemies":"3 Darklings","floor":35,"turns":5},{"damage":0,"enemies":"Orb Walker","floor":36,"turns":5},{"damage":0,"enemies":"Sphere and 2 Shapes","floor":38,"turns":9},{"damage":0,"enemies":"Reptomancer","floor":40,"turns":6},{"damage":0,"enemies":"R_Hoarder","floor":42,"turns":6},{"damage":0,"enemies":"Writhing Mass","floor":46,"turns":6},{"damage":0,"enemies":"Spire Growth","floor":47,"turns":7},{"damage":0,"enemies":"Time Eater","floor":50,"turns":10},{"damage":0,"enemies":"Shield and Spear","floor":54,"turns":9},{"damage":0,"enemies":"The Heart","floor":55,"turns":7}],"seed_played":"-12665654125801509","potions_obtained":[{"floor":1,"key":"Venom Potion"},{"floor":5,"key":"DuplicationPotion"},{"floor":16,"key":"EntropicBrew"},{"floor":17,"key":"DistilledChaos"},{"floor":18,"key":"Explosive Potion"},{"floor":19,"key":"Milkshake"},{"floor":33,"key":"SpeedPotion"},{"floor":35,"key":"EntropicBrew"},{"floor":47,"key":"DuplicationPotion"}],"is_trial":false,"path_per_floor":["M","M","M","?","M","R","E","$","T","E","?","?","M","$","R","B",null,"M","M","$","?","$","R","M","E","T","M","E","$","?","M","R","B",null,"M","M","$","M","?","E","R","E","T","$","R","M","M","$","R","B",null,"R","$","E","B",null],"character_chosen":"MIYU","items_purchased":["Membership Card","Potion Belt","Frozen Egg 2","Toolbox","PrismaMod:MiyuUncommonDexBuff+1","StoneCalendar","Pantograph","Mango","hubris:EmptyBottle","hubris:FunFungus","PrismaMod:MiyuUncommonStrBuff+1","Replay:Bandana","ReplayTheSpireMod:CursedCoin","Replay:Bottled Eggs","PrismaMod:MiyuUncommonAttack","Orichalcum","Anchor","hubris:SphereOfDissonance","ReplayTheSpireMod:ShopPack","PrismaMod:MiyuUncommonDexBuff+1","PrismaMod:MiyuCheapChannelDefend","PrismaMod:MiyuUncommonStrBuff+1","Ice Cream","PrismaMod:MiyuOrbIncreasePerm","ReplayTheSpireMod:Brewmster+1","conspire:GiftBox","Sling","PreservedInsect","PrismaMod:MiyuUncommonPlate","Boot","PrismaMod:MiyuUncommonStrBuff+1","Replay:Wax Seal","PrismaticShard","Frozen Eye","ReplayTheSpireMod:Brewmster+1","PrismaMod:MiyuUncommonDexBuff+1","Mercury Hourglass","OrangePellets"],"campfire_rested":0,"item_purchase_floors":[0,0,0,0,0,0,0,0,0,0,0,0,0,0,0,8,8,8,8,14,14,20,20,20,20,29,29,29,37,37,44,44,44,48,48,53,53,53],"current_hp_per_floor":[38,38,38,38,34,34,34,34,34,23,16,38,40,40,40,67,94,94,94,94,94,94,94,94,94,94,94,94,94,94,94,94,94,94,94,94,94,94,91,94,94,94,94,94,94,94,94,94,94,94,94,94,94,94,94],"gold":243,"neow_bonus":"","is_daily":false,"chose_seed":false,"campfire_upgraded":5,"win_rate":0.0,"timestamp":1610589594,"path_taken":["M","M","M","?","M","R","E","?","T","E","?","?","?","$","R","BOSS","M","M","$","?","$","R","M","E","T","M","E","$","?","M","R","BOSS","M","?","$","M","?","E","R","E","T","?","R","?","M","$","R","BOSS","R","$","E","BOSS"],"items_purchased_type":["Relic","Relic","Relic","Relic","Card","Relic","Relic","Relic","Relic","Relic","Card","Relic","Relic","Relic","Card","Relic","Relic","Relic","Relic","Card","Card","Card","Relic","Card","Card","Relic","Relic","Relic","Card","Relic","Card","Relic","Relic","Relic","Card","Card","Relic","Relic"],"build_version":"2020-12-22","purchased_purges":1,"victory":true,"max_hp_per_floor":[89,89,89,89,89,89,89,89,89,89,89,89,89,89,89,89,94,94,94,94,94,94,94,94,94,94,94,94,94,94,94,94,94,94,94,94,94,94,94,94,94,94,94,94,94,94,94,94,94,94,94,94,94,94,94],"card_choices":[{"not_picked":["PrismaMod:MiyuMaid","PrismaMod:MiyuEvokeAll"],"picked":"PrismaMod:MiyuUncommonPlate","floor":1},{"not_picked":["PrismaMod:MiyuCheapChannelRandom","PrismaMod:MiyuCheapAttack1"],"picked":"PrismaMod:MiyuEvokeBuffStr","floor":2},{"not_picked":["PrismaMod:MiyuEvokeBuffStr","PrismaMod:MiyuCheapStrBuff+1"],"picked":"PrismaMod:MiyuCheapPlate+1","floor":3},{"not_picked":["PrismaMod:MiyuUberAttack","PrismaMod:MiyuCheapChannelHeal"],"picked":"PrismaMod:MiyuUncommonStrBuff+1","floor":5},{"not_picked":["PrismaMod:MiyuAttackChannelWeak","PrismaMod:MiyuEvokeCheapAttack","PrismaMod:MiyuCheapEvoke"],"picked":"SKIP","floor":7},{"not_picked":["Midas Touch","Poisoned Strike"],"picked":"Apotheosis","floor":8},{"not_picked":["Replay:Bootleg Shield Generator","Forethought"],"picked":"Finesse","floor":8},{"not_picked":["Impatience","Madness"],"picked":"Enlightenment","floor":8},{"not_picked":["PrismaMod:MiyuDefenseExplosion","PrismaMod:MiyuAttackChannelVul"],"picked":"PrismaMod:MiyuCheapChannelAttack","floor":10},{"not_picked":["PrismaMod:MiyuUberAOEAttack","PrismaMod:MiyuDefenseExplosion","PrismaMod:MiyuDevil"],"picked":"SKIP","floor":13},{"not_picked":["PrismaMod:MiyuEvokeAllDefend","PrismaMod:MiyuDefenseAbsorbMinor"],"picked":"PrismaMod:MiyuCarnivalDefend","floor":16},{"not_picked":["PrismaMod:MiyuChristmas","PrismaMod:MiyuCommonAOEAttack"],"picked":"PrismaMod:MiyuUncommonDefend","floor":17},{"not_picked":["PrismaMod:MiyuCheapChannelVul+1","PrismaMod:MiyuCheapChannelDefend","PrismaMod:MiyuUncommonAttack"],"picked":"SKIP","floor":18},{"not_picked":["PrismaMod:MiyuDevil","PrismaMod:MiyuCheapAttack2"],"picked":"PrismaMod:MiyuUncommonPlate","floor":19},{"not_picked":["PrismaMod:MiyuCheapChannelHeal","PrismaMod:MiyuChristmas+1","PrismaMod:MiyuCheapChannelRandom"],"picked":"SKIP","floor":24},{"not_picked":["PrismaMod:MiyuCheapChannelHeal+1","PrismaMod:MiyuCheapChannelAttack"],"picked":"PrismaMod:MiyuUberAttack+1","floor":25},{"not_picked":["PrismaMod:MiyuCheapChannelWeak","PrismaMod:MiyuUberAOEAttack","PrismaMod:MiyuCarnivalAttack"],"picked":"SKIP","floor":27},{"not_picked":["PrismaMod:MiyuEvokeBuffDex","PrismaMod:MiyuCheapChannelAttack+1","PrismaMod:MiyuCheapAttack1+1"],"picked":"SKIP","floor":28},{"not_picked":["PrismaMod:MiyuEvokeAllAttack","PrismaMod:MiyuChannelAttackEvoke"],"picked":"PrismaMod:MiyuDefendChannelDefend","floor":29},{"not_picked":["PrismaMod:MiyuDefenseExplosion","PrismaMod:MiyuAttackChannelWeak"],"picked":"PrismaMod:MiyuUncommonDexBuff+1","floor":31},{"not_picked":["PrismaMod:MiyuEvokeBuffDex","PrismaMod:MiyuCheapChannelAttack+1"],"picked":"PrismaMod:MiyuUncommonStrBuff+1","floor":35},{"not_picked":["PrismaMod:MiyuCheapDexBuff+1","PrismaMod:MiyuCommonAOEAttack+1","PrismaMod:MiyuCheapAttack2"],"picked":"SKIP","floor":36},{"not_picked":["PrismaMod:MiyuCheapChannelDefend","PrismaMod:MiyuCheapStrBuff+1","PrismaMod:MiyuDefendChannelDefend"],"picked":"SKIP","floor":38},{"not_picked":["PrismaMod:MiyuDefendChannelDefend","PrismaMod:MiyuChristmas+1","PrismaMod:MiyuCheapChannelWeak"],"picked":"SKIP","floor":40},{"not_picked":["PrismaMod:MiyuAttackChannelAttack+1","PrismaMod:MiyuDefenseExplosion+1"],"picked":"PrismaMod:MiyuUncommonStrBuff+1","floor":42},{"not_picked":["Anger","animator:LizardPriest","animator:Assassin"],"picked":"SKIP","floor":46},{"not_picked":["animator:Demiurge+1","Glacier","Deaths_Shadow+1"],"picked":"SKIP","floor":47},{"not_picked":["Replay:Anticipation+1","animator:Gillette+1"],"picked":"blackbeard:InfiniteBarrage+1","floor":54}],"player_experience":937210,"relics_obtained":[{"floor":7,"key":"Blue Candle"},{"floor":9,"key":"Art of War"},{"floor":10,"key":"Pet Ghost"},{"floor":25,"key":"Lantern"},{"floor":28,"key":"Replay:Accelerometer"},{"floor":40,"key":"TungstenRod"},{"floor":42,"key":"Simple Rune"},{"floor":43,"key":"hubris:TenFootPole"}],"event_choices":[{"damage_healed":0,"gold_gain":0,"player_choice":"Relic ","damage_taken":7,"max_hp_gain":0,"max_hp_loss":0,"event_name":"betterThird:BetterScrap","floor":11,"gold_loss":0,"cards_obtained":["ReplayTheSpireMod:From All Sides"]},{"damage_healed":22,"gold_gain":0,"player_choice":"Healed","damage_taken":0,"max_hp_gain":0,"max_hp_loss":0,"event_name":"The Cleric","floor":12,"gold_loss":35},{"damage_healed":0,"gold_gain":0,"player_choice":"Upgraded","damage_taken":0,"max_hp_gain":0,"max_hp_loss":0,"event_name":"Upgrade Shrine","floor":21,"gold_loss":0,"cards_upgraded":["PrismaMod:MiyuOrbIncreasePerm"]},{"damage_healed":0,"gold_gain":0,"player_choice":"Ignored","damage_taken":0,"max_hp_gain":0,"max_hp_loss":0,"event_name":"betterNote:BetterNote","floor":30,"gold_loss":0,"cards_obtained":["Strike_G"]},{"damage_healed":0,"gold_gain":0,"player_choice":"Punched","damage_taken":3,"max_hp_gain":0,"max_hp_loss":0,"event_name":"Designer","floor":39,"gold_loss":0}],"is_beta":false,"boss_relics":[{"not_picked":["Ectoplasm","hubris:BlackHole"],"picked":"Tiny House"},{"not_picked":["theForsaken:PaleLantern","Replay:Ancient Bell"],"picked":"conspire:SpecialSausage"}],"items_purged_floors":[8],"is_endless":false,"potions_floor_spawned":[1,5,16,18,19,33,35,38,40,47],"ascension_level":1}}