{"host":"btt6ntw6a1bnaigc","time":1610627023,"event":{"mods":["AchievementEnabler","BaseMod","Downfall","Minty Spire (QoL Compilation)","StSLib"],"gold_per_floor":[99,119,133,147,166,199,199,49,149,184,197,197,215,229,240,344,344,344,344,355,367,367,382,382,382,382,382],"floor_reached":25,"language":"ENG","playtime":3755,"items_purged":[],"score":242,"play_id":"39e5834e-5ba3-4d36-bc0b-2dfeb13e64a4","local_time":"20210114122343","is_ascension_mode":false,"campfire_choices":[{"floor":1.0,"key":"RECALL"},{"data":"hexamod:SkipABeat","floor":8.0,"key":"SMITH"},{"data":"hexamod:VolcanoVisage","floor":18.0,"key":"SMITH"}],"circlet_count":0,"master_deck":["hexamod:Strike","hexamod:Strike","hexamod:Strike","hexamod:Strike","hexamod:Defend+1","hexamod:Defend","hexamod:Defend","hexamod:Sear","hexamod:Float","hexamod:BurningTouch","hexamod:SkipABeat+1","hexamod:SpectersWail","hexamod:PhantomFireball","hexamod:FirstSeal","hexamod:GhostOfSpirePast","hexamod:SoulSteal","hexamod:FifthSeal","hexamod:ThirdSeal","hexamod:NightmareStrike","hexamod:SixthSeal","hexamod:HeatMetal","hexamod:WildfireWeapon","hexamod:VolcanoVisage+1","hexamod:FourthSeal","hexamod:GhostflameBarrier+1","hexamod:RadiantFlame+1","hexamod:SecondSeal","Guardian:Aged"],"relics":["hexamod:SpiritBrand","Bag of Marbles","Ancient Tea Set","downfall:HeartBlessingRed","downfall:HeartBlessingBlue","downfall:GremlinWheel","Sundial","Cursed Key","Enchiridion","The Courier"],"acts_visited":["Exordium","TheCity"],"potions_floor_usage":[25],"damage_taken":[{"damage":0.0,"enemies":"2 Louse","floor":2.0,"turns":3.0},{"damage":0.0,"enemies":"Cultist","floor":3.0,"turns":3.0},{"damage":4.0,"enemies":"Small Slimes","floor":4.0,"turns":3.0},{"damage":4.0,"enemies":"Exordium Thugs","floor":5.0,"turns":5.0},{"damage":0.0,"enemies":"Gremlin Nob","floor":6.0,"turns":3.0},{"damage":8.0,"enemies":"Gremlin Nob","floor":9.0,"turns":4.0},{"damage":9.0,"enemies":"3 Sentries","floor":10.0,"turns":6.0},{"damage":0.0,"enemies":"Blue Slaver","floor":11.0,"turns":3.0},{"damage":9.0,"enemies":"Lots of Slimes","floor":13.0,"turns":3.0},{"damage":5.0,"enemies":"3 Louse","floor":14.0,"turns":3.0},{"damage":1.0,"enemies":"Exordium Thugs","floor":15.0,"turns":4.0},{"damage":54.0,"enemies":"downfall:Ironclad","floor":16.0,"turns":9.0},{"damage":12.0,"enemies":"3 Byrds","floor":20.0,"turns":4.0},{"damage":9.0,"enemies":"Chosen","floor":21.0,"turns":5.0},{"damage":33.0,"enemies":"Shelled Parasite and Fungi","floor":23.0,"turns":5.0},{"damage":29,"enemies":"Book of Stabbing","floor":25,"turns":3}],"seed_played":"3438487650034981235","potions_obtained":[{"floor":4.0,"key":"Regen Potion"},{"floor":5.0,"key":"BlessingOfTheForge"},{"floor":6.0,"key":"BlessingOfTheForge"},{"floor":11.0,"key":"FearPotion"},{"floor":16.0,"key":"Weak Potion"}],"is_trial":false,"path_per_floor":["R","M","M","M","M","E","T","R","?","E","M","?","M","M","M","B",null,"R","?","M","M","?","M","T","E"],"character_chosen":"THE_SPIRIT","items_purchased":[],"campfire_rested":0,"item_purchase_floors":[],"current_hp_per_floor":[70,70,70,66,62,62,62,72,76,74,74,74,72,74,73,19,80,80,64,59,57,49,23,23,0,0,0],"gold":382,"neow_bonus":"RANDOM_COMMON_RELIC","is_daily":false,"chose_seed":false,"campfire_upgraded":2,"win_rate":0.0,"timestamp":1610627023,"path_taken":["R","M","M","M","M","E","T","R","?","E","?","?","M","M","M","BOSS","R","?","M","M","?","M","T","E"],"items_purchased_type":[],"build_version":"2020-12-22","purchased_purges":0,"victory":false,"max_hp_per_floor":[70,70,70,70,70,70,70,80,80,80,80,80,80,80,80,80,80,80,80,80,80,80,80,80,80,80,80],"card_choices":[{"not_picked":["hexamod:CatchUp","hexamod:FastForward"],"picked":"hexamod:BurningTouch","floor":2.0},{"not_picked":["hexamod:BacktrackSmack","hexamod:GhostLash"],"picked":"hexamod:SkipABeat","floor":3.0},{"not_picked":["hexamod:HauntingEcho","hexamod:PhantomCloak"],"picked":"hexamod:SpectersWail","floor":4.0},{"not_picked":["hexamod:NightmareStrike","hexamod:ThirdSeal"],"picked":"hexamod:PhantomFireball","floor":5.0},{"not_picked":["hexamod:HeatCrush","hexamod:PhantomFireball"],"picked":"hexamod:FirstSeal","floor":6.0},{"not_picked":["hexamod:InspiringFlames","hexamod:AdvancingGuard"],"picked":"hexamod:GhostOfSpirePast","floor":10.0},{"not_picked":["hexamod:GhostShield","hexamod:Haunt"],"picked":"hexamod:SoulSteal","floor":11.0},{"not_picked":["hexamod:HauntingEcho","hexamod:AdvancingGuard"],"picked":"hexamod:FifthSeal","floor":13.0},{"not_picked":["hexamod:SecondSeal","hexamod:FirstSeal"],"picked":"hexamod:ThirdSeal","floor":14.0},{"not_picked":["hexamod:ShieldOfDarkness","hexamod:GhostShield"],"picked":"hexamod:NightmareStrike","floor":14.0},{"not_picked":["hexamod:ThirdSeal","hexamod:FirstSeal"],"picked":"hexamod:SixthSeal","floor":15.0},{"not_picked":["hexamod:Firestarter","hexamod:SkipABeat"],"picked":"hexamod:HeatMetal","floor":15.0},{"not_picked":["hexamod:GhostflameInferno","hexamod:UnleashSpirits"],"picked":"hexamod:WildfireWeapon","floor":16.0},{"not_picked":["hexamod:FifthSeal","hexamod:SearingWound"],"picked":"hexamod:VolcanoVisage","floor":16.0},{"not_picked":["hexamod:ThirdSeal","hexamod:SixthSeal"],"picked":"hexamod:FourthSeal","floor":20.0},{"not_picked":["hexamod:GhostLash","hexamod:SkipABeat"],"picked":"hexamod:GhostflameBarrier","floor":20.0},{"not_picked":["hexamod:AdvancingGuard+1","hexamod:GhostLash","hexamod:GhostShield"],"picked":"SKIP","floor":20.0},{"not_picked":["hexamod:Firestarter","hexamod:TimeOfNeed"],"picked":"hexamod:RadiantFlame+1","floor":21.0},{"not_picked":["hexamod:FourthSeal","hexamod:FirstSeal","hexamod:ThirdSeal"],"picked":"SKIP","floor":21.0},{"not_picked":["hexamod:FourthSeal","hexamod:ThirdSeal"],"picked":"hexamod:SecondSeal","floor":23.0},{"not_picked":["hexamod:ChargedBarrage","hexamod:FourthSeal","hexamod:RadiantFlame"],"picked":"SKIP","floor":23.0}],"player_experience":215567,"relics_obtained":[{"floor":6.0,"key":"Ancient Tea Set"},{"floor":9.0,"key":"downfall:GremlinWheel"},{"floor":10.0,"key":"Sundial"},{"floor":19.0,"key":"Enchiridion"},{"floor":24.0,"key":"The Courier"}],"event_choices":[{"cards_removed":["hexamod:Defend"],"damage_healed":0.0,"max_hp_gain":0.0,"max_hp_loss":0.0,"gold_gain":0.0,"event_name":"Wheel of Change","player_choice":"Card Removal","floor":18.0,"gold_loss":0.0,"damage_taken":0.0}],"is_beta":false,"boss_relics":[{"not_picked":["Empty Cage","SacredBark"],"picked":"Cursed Key"}],"items_purged_floors":[],"is_endless":false,"potions_floor_spawned":[4,5,6,11,15,16],"killed_by":"Book of Stabbing","ascension_level":0}}