{"host":"1u4zr9vl8my47i07","time":1610588616,"event":{"mods":["AchievementEnabler","BaseMod","Highlight Path","Keyboard Shortcuts","Minty Spire (QoL Compilation)","Relic Stats","StSLib","SuperFastMode","Uncapped","Waifu the Spire","everything is the same but u backflip on backflip"],"gold_per_floor":[117,127,127,137,147,174,185,185,185,185,220,95,106,125,125,198,198,218,236,236,136,202,202,167,217,217,10,72,9,9,76,76,76,76],"floor_reached":33,"language":"KOR","playtime":1339,"items_purged":["Strike_R","Strike_R","Strike_R"],"score":492,"play_id":"e9411d93-1dab-4853-a52b-4b9447b5eafb","local_time":"20210114104336","is_ascension_mode":true,"campfire_choices":[{"data":"Body Slam","floor":8,"key":"SMITH"},{"data":"Flame Barrier","floor":15,"key":"SMITH"},{"data":"Dark Embrace","floor":23,"key":"SMITH"},{"data":"Offering","floor":30,"key":"SMITH"},{"floor":32,"key":"REST"}],"circlet_count":0,"master_deck":["AscendersBane","Defend_R","Defend_R","Defend_R","Defend_R","Bash","Immolate","Headbutt","Burning Pact+1","Shrug It Off","Body Slam+1","Twin Strike","Clothesline","Shrug It Off","Flame Barrier+1","Wild Strike","Offering+1","Dark Embrace+1","Battle Trance+1","Corruption","Power Through"],"relics":["Black Blood","Bottled Flame","HornCleat","Shuriken","SsserpentHead","Molten Egg 2","Blue Candle","Membership Card"],"acts_visited":["Exordium","TheCity"],"potions_floor_usage":[11,16,31],"damage_taken":[{"damage":19.0,"enemies":"Jaw Worm","floor":1.0,"turns":4.0},{"damage":1.0,"enemies":"Cultist","floor":2.0,"turns":3.0},{"damage":3.0,"enemies":"Small Slimes","floor":4.0,"turns":2.0},{"damage":28.0,"enemies":"Gremlin Gang","floor":5.0,"turns":4.0},{"damage":17,"enemies":"3 Sentries","floor":6,"turns":3},{"damage":0,"enemies":"3 Louse","floor":7,"turns":1},{"damage":35,"enemies":"Lagavulin","floor":11,"turns":5},{"damage":0,"enemies":"Lots of Slimes","floor":13,"turns":1},{"damage":9,"enemies":"Large Slime","floor":14,"turns":6},{"damage":15,"enemies":"The Guardian","floor":16,"turns":12},{"damage":19,"enemies":"Chosen","floor":18,"turns":4},{"damage":23,"enemies":"2 Thieves","floor":19,"turns":3},{"damage":20,"enemies":"Centurion and Healer","floor":22,"turns":3},{"damage":23,"enemies":"Cultist and Chosen","floor":28,"turns":7},{"damage":7,"enemies":"Chosen and Byrds","floor":31,"turns":5},{"damage":40,"enemies":"Automaton","floor":33,"turns":6}],"seed_played":"-231028377540250965","potions_obtained":[{"floor":1.0,"key":"BloodPotion"},{"floor":11,"key":"Swift Potion"},{"floor":13,"key":"Block Potion"},{"floor":16,"key":"GamblersBrew"},{"floor":28,"key":"AttackPotion"}],"is_trial":false,"path_per_floor":["M","M","?","M","M","E","M","R","T","?","E","$","M","M","R","B",null,"M","M","?","$","M","R","?","?","T","$","M","$","R","M","R","B"],"character_chosen":"IRONCLAD","items_purchased":["Shrug It Off","Membership Card","Power Through"],"campfire_rested":1,"item_purchase_floors":[12,27,27],"current_hp_per_floor":[55,60,60,63,41,30,36,36,36,36,22,22,28,25,25,16,60,53,42,42,42,34,34,34,34,34,34,23,23,23,28,50,10,10],"gold":76,"neow_bonus":"TRANSFORM_CARD","is_daily":false,"chose_seed":false,"campfire_upgraded":4,"win_rate":0.0,"timestamp":1610588616,"path_taken":["M","M","?","M","?","E","M","R","T","?","E","$","?","M","R","BOSS","M","?","?","$","?","R","?","?","T","$","?","$","R","?","R","BOSS"],"items_purchased_type":["Card","Relic","Card"],"build_version":"2020-12-22","purchased_purges":3,"victory":false,"max_hp_per_floor":[75,75,75,75,75,75,75,75,75,75,75,75,75,75,75,75,75,75,75,75,75,75,75,75,75,75,75,75,75,75,75,75,75,75],"relic_stats":{"SsserpentHead":250,"counters":[16,69],"Shuriken":[2],"Blue Candle":[0],"Black Blood":120,"obtain_stats":[{"SsserpentHead":20,"Bottled Flame":6,"HornCleat":9,"Shuriken":11,"Blue Candle":26,"Black Blood":17,"Molten Egg 2":24,"Membership Card":27,"Burning Blood":0},{"SsserpentHead":12,"Bottled Flame":5,"HornCleat":6,"Shuriken":7,"Blue Candle":13,"Black Blood":10,"Molten Egg 2":13,"Membership Card":13,"Burning Blood":0},{"SsserpentHead":48,"Bottled Flame":16,"HornCleat":17,"Shuriken":22,"Blue Candle":51,"Black Blood":41,"Molten Egg 2":51,"Membership Card":51,"Burning Blood":0}]},"card_choices":[{"not_picked":["Burning Pact","Combust"],"picked":"Headbutt","floor":1.0},{"not_picked":["Sever Soul","Anger"],"picked":"Burning Pact","floor":2.0},{"not_picked":["Iron Wave","Heavy Blade"],"picked":"Shrug It Off","floor":4.0},{"not_picked":["Anger","Headbutt","Entrench"],"picked":"SKIP","floor":5.0},{"not_picked":["Thunderclap","Inflame"],"picked":"Body Slam","floor":6},{"not_picked":["Havoc","Fire Breathing","Headbutt"],"picked":"SKIP","floor":7},{"not_picked":["Pommel Strike","Whirlwind"],"picked":"Clothesline","floor":11},{"not_picked":["Clothesline","Anger"],"picked":"Flame Barrier","floor":13},{"not_picked":["Clash","Shrug It Off"],"picked":"Wild Strike","floor":14},{"not_picked":["Feed","Limit Break"],"picked":"Offering","floor":16},{"not_picked":["Burning Pact","Perfected Strike"],"picked":"Dark Embrace","floor":18},{"not_picked":["Body Slam","Heavy Blade"],"picked":"Battle Trance+1","floor":19},{"not_picked":["Thunderclap+1","Burning Pact+1","Inflame"],"picked":"SKIP","floor":22},{"not_picked":["Bludgeon+1","Clash+1","Wild Strike+1"],"picked":"SKIP","floor":28},{"not_picked":["Body Slam+1","Sword Boomerang+1","Clash+1"],"picked":"SKIP","floor":31}],"player_experience":336887,"relics_obtained":[{"floor":6,"key":"Bottled Flame"},{"floor":9,"key":"HornCleat"},{"floor":11,"key":"Shuriken"},{"floor":26,"key":"Blue Candle"}],"event_choices":[{"damage_healed":0.0,"max_hp_gain":0.0,"max_hp_loss":0.0,"gold_gain":0.0,"event_name":"Accursed Blacksmith","player_choice":"Forge","floor":3.0,"gold_loss":0.0,"damage_taken":0.0,"cards_upgraded":["Burning Pact"]},{"damage_healed":0,"gold_gain":0,"cards_transformed":["Strike_R"],"player_choice":"Transformed","damage_taken":0,"max_hp_gain":0,"max_hp_loss":0,"event_name":"Transmorgrifier","floor":10,"gold_loss":0,"cards_obtained":["Twin Strike"]},{"damage_healed":0,"gold_gain":0,"player_choice":"Trade","damage_taken":0,"relics_obtained":["SsserpentHead"],"max_hp_gain":0,"max_hp_loss":0,"event_name":"FaceTrader","floor":20,"gold_loss":0},{"damage_healed":0,"gold_gain":0,"player_choice":"Obtained Relic","damage_taken":0,"relics_obtained":["Molten Egg 2"],"max_hp_gain":0,"max_hp_loss":0,"event_name":"Addict","floor":24,"gold_loss":85},{"damage_healed":0,"gold_gain":0,"player_choice":"1 cards matched","damage_taken":0,"max_hp_gain":0,"max_hp_loss":0,"event_name":"Match and Keep!","floor":25,"gold_loss":0,"cards_obtained":["Corruption"]}],"is_beta":false,"boss_relics":[{"not_picked":["Philosopher\u0027s Stone","Runic Cube"],"picked":"Black Blood"}],"items_purged_floors":[12,21,29],"is_endless":false,"potions_floor_spawned":[1,11,13,16,18,28],"killed_by":"Automaton","ascension_level":18}}