{"host":"7po9pgh86bqe2blc","time":1610640774,"event":{"mods":["BaseMod","Colored Map","Colored Powertips","Hermit","Hubris","Koishi","Minty Spire (QoL Compilation)","StSLib","The Cursed","The Disciple","The Hierophant","The Runesmith"],"gold_per_floor":[109,109,109,129,54,54,93,116,116,116,191,238,238,274,274,349,349,282,297,302,326,340,384,384,400,426,128,121,145,145,168,168,298,298,364,382,382,391,415,436,449,177,177,212,232,182,182,201,201,201],"floor_reached":51,"playtime":5645,"items_purged":["hierophant:Strike_Hierophant","hierophant:Defend_Hierophant","hierophant:Defend_Hierophant","hierophant:Strike_Hierophant+1"],"score":889,"play_id":"679edad7-0934-45e1-837b-5126dc9d9f80","local_time":"20210114171254","is_ascension_mode":true,"campfire_choices":[{"data":"hierophant:ChurchCoffers","floor":6.0,"key":"SMITH"},{"data":"hierophant:Punish","floor":10.0,"key":"SMITH"},{"data":"hierophant:Zeal","floor":13.0,"key":"SMITH"},{"floor":15.0,"key":"REST"},{"data":"hierophant:HammerAndAnvil","floor":24.0,"key":"SMITH"},{"data":"hierophant:ArchangelShield","floor":30.0,"key":"SMITH"},{"data":"hierophant:Patience","floor":32.0,"key":"SMITH"},{"data":"hierophant:Glossolalia","floor":47.0,"key":"SMITH"},{"data":"hierophant:Anathema","floor":49.0,"key":"SMITH"}],"circlet_count":0,"master_deck":["hierophant:Strike_Hierophant+1","hierophant:Punish+1","hierophant:Defend_Hierophant+1","hierophant:ChurchCoffers+1","hierophant:Zeal+1","hierophant:Shelter","hierophant:ArchangelShield+1","hierophant:HammerAndAnvil+1","hierophant:Shelter","hierophant:Embezzle+1","hierophant:Patience+1","hierophant:Encroach+1","hierophant:Anathema+1","hierophant:MirrorShield+1","hierophant:Glossolalia+1"],"relics":["hierophant:PropheticMaskRelic","Golden Idol","hubris:Icosahedron","hubris:MedicalManual","Pear","Whetstone","MealTicket","Runic Pyramid","Smiling Mask","War Paint","CeramicFish","Bottled Lightning","Matryoshka","Strange Spoon","hubris:ToyBattleship","Torii","hubris:GlazedTorus"],"acts_visited":["Exordium","TheCity","TheBeyond"],"potions_floor_usage":[],"damage_taken":[{"damage":1.0,"enemies":"Jaw Worm","floor":1.0,"turns":4.0},{"damage":0.0,"enemies":"2 Louse","floor":4.0,"turns":1.0},{"damage":49.0,"enemies":"Lagavulin","floor":7.0,"turns":9.0},{"damage":0.0,"enemies":"Small Slimes","floor":8.0,"turns":2.0},{"damage":16.0,"enemies":"Gremlin Nob","floor":14.0,"turns":3.0},{"damage":11.0,"enemies":"The Guardian","floor":16.0,"turns":11.0},{"damage":15.0,"enemies":"2 Thieves","floor":18.0,"turns":4.0},{"damage":11.0,"enemies":"Chosen","floor":19.0,"turns":6.0},{"damage":7.0,"enemies":"Centurion and Healer","floor":20.0,"turns":3.0},{"damage":0.0,"enemies":"Sentry and Sphere","floor":21.0,"turns":1.0},{"damage":0.0,"enemies":"Cultist and Chosen","floor":22.0,"turns":3.0},{"damage":2.0,"enemies":"Book of Stabbing","floor":23.0,"turns":7.0},{"damage":0.0,"enemies":"Gremlin Leader","floor":25.0,"turns":4.0},{"damage":0.0,"enemies":"Chosen and Byrds","floor":28.0,"turns":5.0},{"damage":14.0,"enemies":"Slavers","floor":29.0,"turns":4.0},{"damage":0.0,"enemies":"Snake Plant","floor":31.0,"turns":2.0},{"damage":34.0,"enemies":"Champ","floor":33.0,"turns":18.0},{"damage":5.0,"enemies":"Orb Walker","floor":35.0,"turns":4.0},{"damage":0.0,"enemies":"3 Shapes","floor":36.0,"turns":4.0},{"damage":7.0,"enemies":"Writhing Mass","floor":39.0,"turns":3.0},{"damage":0.0,"enemies":"Sphere and 2 Shapes","floor":40.0,"turns":3.0},{"damage":9.0,"enemies":"Spire Growth","floor":41.0,"turns":4.0},{"damage":0.0,"enemies":"Giant Head","floor":44.0,"turns":5.0},{"damage":1.0,"enemies":"Jaw Worm Horde","floor":45.0,"turns":2.0},{"damage":0.0,"enemies":"Writhing Mass","floor":48.0,"turns":3.0},{"damage":23,"enemies":"Time Eater","floor":50,"turns":7}],"seed_played":"-112112929624930212","potions_obtained":[{"floor":4.0,"key":"Regen Potion"},{"floor":8.0,"key":"BlessingOfTheForge"},{"floor":19.0,"key":"Ancient Potion"},{"floor":22.0,"key":"EntropicBrew"},{"floor":29.0,"key":"LiquidBronze"},{"floor":31.0,"key":"Dexterity Potion"},{"floor":35.0,"key":"SkillPotion"},{"floor":44.0,"key":"SteroidPotion"}],"is_trial":false,"path_per_floor":["M","?","?","M","$","R","E","M","T","R","?","T","R","E","R","B",null,"M","M","M","M","M","E","R","E","T","$","M","E","R","M","R","B",null,"M","M","?","?","M","M","M","$","T","E","M","$","R","M","R","B",null],"character_chosen":"HIEROPHANT","items_purchased":["Bottled Lightning","Strange Spoon","hierophant:Glossolalia"],"campfire_rested":1,"item_purchase_floors":[27,42,42],"current_hp_per_floor":[74,56,56,56,56,56,22,22,32,32,21,21,21,5,30,19,85,70,59,52,52,52,50,50,50,50,65,65,51,51,51,51,17,85,80,80,80,80,73,73,64,79,79,79,78,85,85,85,85,62],"gold":201,"neow_bonus":"REMOVE_CARD","is_daily":false,"chose_seed":false,"campfire_upgraded":8,"win_rate":0.0,"timestamp":1610640774,"path_taken":["M","?","?","M","$","R","E","M","T","R","?","?","R","E","R","BOSS","M","?","M","M","M","E","R","E","T","$","?","E","R","M","R","BOSS","M","M","?","?","M","?","M","$","T","E","M","$","R","M","R","BOSS"],"items_purchased_type":["Relic","Relic","Card"],"build_version":"2020-12-13","purchased_purges":4,"victory":true,"max_hp_per_floor":[75,75,75,75,75,75,75,75,85,85,85,85,85,85,85,85,85,85,85,85,85,85,85,85,85,85,85,85,85,85,85,85,85,85,85,85,85,85,85,85,85,85,85,85,85,85,85,85,85,85],"card_choices":[{"not_picked":["hierophant:Purify","hierophant:FaithHealing"],"picked":"hierophant:Zeal","floor":1.0},{"not_picked":["hierophant:DisplayOfPower","hierophant:Shelter","hierophant:AuricShield"],"picked":"SKIP","floor":4.0},{"not_picked":["hierophant:DeathKnell","hierophant:Refuge"],"picked":"hierophant:Shelter","floor":7.0},{"not_picked":["hierophant:Zeal","hierophant:CoinFling","hierophant:ThreeLashes"],"picked":"SKIP","floor":8.0},{"not_picked":["hierophant:Upheaval","hierophant:CoinFling"],"picked":"hierophant:ArchangelShield","floor":14.0},{"not_picked":["hierophant:Doubloon","hierophant:OrnateBuckler"],"picked":"hierophant:HammerAndAnvil","floor":18.0},{"not_picked":["hierophant:FlamingChariot+1","hierophant:MorningPrayer","hierophant:Alms"],"picked":"SKIP","floor":19.0},{"not_picked":["hierophant:PassingBell+1","hierophant:DisplayOfPower"],"picked":"hierophant:Shelter","floor":20.0},{"not_picked":["hierophant:Zeal","hierophant:MorningPrayer+1"],"picked":"hierophant:Embezzle","floor":21.0},{"not_picked":["hierophant:Bribe","hierophant:RepressedViolence","hierophant:ThreeLashes"],"picked":"SKIP","floor":22.0},{"not_picked":["hierophant:Cornucopia","hierophant:Dazzle","hierophant:PassingBell"],"picked":"SKIP","floor":23.0},{"not_picked":["hierophant:FaithHealing","hierophant:HolyVerse"],"picked":"hierophant:Patience","floor":25.0},{"not_picked":["hierophant:FaithHealing","hierophant:Zeal","hierophant:Charity"],"picked":"SKIP","floor":28.0},{"not_picked":["hierophant:OrnateBuckler","hierophant:Chorus+1","hierophant:Doomsaying"],"picked":"SKIP","floor":29.0},{"not_picked":["hierophant:Purify","hierophant:AuricShield"],"picked":"hierophant:Encroach","floor":31.0},{"not_picked":["hierophant:Zeal","hierophant:SealAway","hierophant:Doomsaying"],"picked":"SKIP","floor":35.0},{"not_picked":["hierophant:Batter","hierophant:Shelter+1","hierophant:Doubloon+1"],"picked":"SKIP","floor":36.0},{"not_picked":["hierophant:Remorse","hierophant:Flagellation"],"picked":"hierophant:MirrorShield+1","floor":39.0},{"not_picked":["hierophant:Charity+1","hierophant:ConvertCurrency","hierophant:PristineSoul"],"picked":"SKIP","floor":40.0},{"not_picked":["hierophant:Bribe","hierophant:SolarFlare+1","hierophant:Rebuild+1"],"picked":"SKIP","floor":41.0},{"not_picked":["hierophant:PristineSoul+1","hierophant:Bribe","hierophant:Invocation"],"picked":"SKIP","floor":44.0},{"not_picked":["hierophant:Purify","hierophant:Chorus","hierophant:AuricShield+1"],"picked":"SKIP","floor":45.0},{"not_picked":["hierophant:RustyCrate+1","hierophant:OrnateBuckler+1","hierophant:DisplayOfPower+1"],"picked":"SKIP","floor":48.0}],"player_experience":375243,"relics_obtained":[{"floor":7.0,"key":"hubris:MedicalManual"},{"floor":9.0,"key":"Pear"},{"floor":12.0,"key":"Whetstone"},{"floor":14.0,"key":"MealTicket"},{"floor":23.0,"key":"Smiling Mask"},{"floor":25.0,"key":"War Paint"},{"floor":26.0,"key":"CeramicFish"},{"floor":29.0,"key":"Matryoshka"},{"floor":43.0,"key":"hubris:ToyBattleship"},{"floor":43.0,"key":"Torii"},{"floor":44.0,"key":"hubris:GlazedTorus"}],"event_choices":[{"damage_healed":0.0,"max_hp_gain":0.0,"max_hp_loss":0.0,"gold_gain":0.0,"event_name":"Golden Idol","player_choice":"Take Damage","floor":2.0,"gold_loss":0.0,"damage_taken":18.0,"relics_obtained":["Golden Idol"]},{"damage_healed":0.0,"max_hp_gain":0.0,"max_hp_loss":0.0,"gold_gain":75.0,"event_name":"World of Goop","player_choice":"Gather Gold","floor":11.0,"gold_loss":0.0,"damage_taken":11.0},{"damage_healed":0.0,"max_hp_gain":0.0,"max_hp_loss":0.0,"gold_gain":0.0,"cards_transformed":["hierophant:Defend_Hierophant"],"event_name":"Transmorgrifier","player_choice":"Transformed","floor":38.0,"gold_loss":0.0,"damage_taken":0.0,"cards_obtained":["hierophant:Anathema"]}],"is_beta":false,"boss_relics":[{"not_picked":["hubris:Backtick","Empty Cage"],"picked":"Runic Pyramid"},{"not_picked":["Runic Dome","Velvet Choker","hubris:CrackedHourglass"]}],"items_purged_floors":[5,27,42,46],"is_endless":false,"potions_floor_spawned":[4,8,19,22,29,31,35,41,44,48],"ascension_level":1}}