{"host":"kh6fvhxn285ncg0o","time":1610608384,"event":{"mods":["Act Like it!","BaseMod","Colored Map","Friendly Minions","Keyboard Shortcuts","Minty Spire (QoL Compilation)","Quick Restart","Relic Stats","StSLib","SuperFastMode"],"gold_per_floor":[12,12,12,29,48,48,67,97,97,126,141,159,171,198,198,272,272,292,217,217,132,144,156,156],"floor_reached":23,"language":"KOR","playtime":567,"items_purged":["Strike_R"],"score":522,"play_id":"3a506094-25b6-4dd4-98b5-295d94be4d96","local_time":"20210114161304","is_ascension_mode":true,"campfire_choices":[{"data":"Apotheosis","floor":6.0,"key":"SMITH"},{"data":"Inflame","floor":15.0,"key":"SMITH"}],"circlet_count":0,"master_deck":["AscendersBane","Defend_R","Defend_R","Defend_R","Defend_R","Bash","Apotheosis+1","Pommel Strike","Burning Pact","Shrug It Off","Inflame+1","Flame Barrier","Fiend Fire","Rage","Immolate","Shrug It Off+1","Juggernaut+1","Heavy Blade+1"],"relics":["Burning Blood","Bag of Marbles","Shuriken","Meat on the Bone","Toxic Egg 2","Astrolabe","MawBank"],"acts_visited":["Exordium","TheCity"],"potions_floor_usage":[23],"damage_taken":[{"damage":4.0,"enemies":"Jaw Worm","floor":1.0,"turns":4.0},{"damage":4.0,"enemies":"2 Louse","floor":4.0,"turns":3.0},{"damage":3.0,"enemies":"Cultist","floor":5.0,"turns":4.0},{"damage":9.0,"enemies":"Exordium Wildlife","floor":7.0,"turns":4.0},{"damage":33.0,"enemies":"3 Sentries","floor":8.0,"turns":11.0},{"damage":20.0,"enemies":"Gremlin Nob","floor":10.0,"turns":4.0},{"damage":1.0,"enemies":"3 Louse","floor":11.0,"turns":4.0},{"damage":3.0,"enemies":"Red Slaver","floor":12.0,"turns":4.0},{"damage":11.0,"enemies":"Looter","floor":13.0,"turns":2.0},{"damage":10.0,"enemies":"3 Sentries","floor":14.0,"turns":5.0},{"damage":0.0,"enemies":"The Guardian","floor":16.0,"turns":13.0},{"damage":22.0,"enemies":"2 Thieves","floor":18.0,"turns":3.0},{"damage":34,"enemies":"Gremlin Leader","floor":23,"turns":6}],"seed_played":"2227886900482617949","potions_obtained":[{"floor":3.0,"key":"BlessingOfTheForge"},{"floor":3.0,"key":"Ancient Potion"},{"floor":4.0,"key":"FearPotion"},{"floor":7.0,"key":"SkillPotion"},{"floor":10.0,"key":"Ancient Potion"},{"floor":12.0,"key":"Energy Potion"},{"floor":13.0,"key":"SteroidPotion"},{"floor":18.0,"key":"PowerPotion"}],"is_trial":false,"path_per_floor":["M","?","?","M","M","R","M","E","T","E","M","M","M","E","R","B",null,"M","$","?","?","$","E"],"character_chosen":"IRONCLAD","items_purchased":[],"campfire_rested":0,"item_purchase_floors":[],"current_hp_per_floor":[70,70,70,72,75,75,72,45,45,31,48,51,46,54,54,60,71,55,55,34,34,34,0,0],"gold":156,"neow_bonus":"RANDOM_COLORLESS_2","is_daily":false,"chose_seed":false,"campfire_upgraded":2,"win_rate":0.0,"timestamp":1610608384,"path_taken":["M","?","?","M","M","R","M","E","T","E","M","?","M","E","R","BOSS","M","$","?","?","$","E"],"items_purchased_type":[],"build_version":"2020-12-22","purchased_purges":1,"victory":false,"max_hp_per_floor":[75,75,75,75,75,75,75,75,75,75,75,75,75,75,75,75,75,75,75,80,80,80,80,80],"relic_stats":{"counters":[13,67],"Shuriken":[1],"Astrolabe":["Shrug It Off","Juggernaut","Heavy Blade"],"MawBank":24,"obtain_stats":[{"Shuriken":9,"Astrolabe":17,"Bag of Marbles":8,"Toxic Egg 2":14,"MawBank":21,"Burning Blood":0,"Meat on the Bone":10},{"Shuriken":5,"Astrolabe":11,"Bag of Marbles":5,"Toxic Egg 2":10,"MawBank":12,"Burning Blood":0,"Meat on the Bone":6},{"Shuriken":26,"Astrolabe":58,"Bag of Marbles":26,"Toxic Egg 2":45,"MawBank":61,"Burning Blood":0,"Meat on the Bone":30}],"Burning Blood":72,"Meat on the Bone":24},"card_choices":[{"not_picked":["Chrysalis","Mayhem"],"picked":"Apotheosis","floor":0.0},{"not_picked":["Combust","Entrench"],"picked":"Pommel Strike","floor":1.0},{"not_picked":["Havoc","Iron Wave"],"picked":"Burning Pact","floor":4.0},{"not_picked":["Infernal Blade","True Grit"],"picked":"Shrug It Off","floor":5.0},{"not_picked":["Dropkick","Clothesline"],"picked":"Inflame","floor":7.0},{"not_picked":["Perfected Strike","Anger"],"picked":"Flame Barrier","floor":8.0},{"not_picked":["Thunderclap","Inflame"],"picked":"Fiend Fire","floor":10.0},{"not_picked":["Armaments","Entrench"],"picked":"Rage","floor":11.0},{"not_picked":["Thunderclap","Hemokinesis","Pummel"],"picked":"SKIP","floor":12.0},{"not_picked":["Rage","Clash","Metallicize"],"picked":"SKIP","floor":13.0},{"not_picked":["Perfected Strike","Flame Barrier+1","Whirlwind"],"picked":"SKIP","floor":14.0},{"not_picked":["Barricade","Juggernaut"],"picked":"Immolate","floor":16.0},{"not_picked":["Anger","True Grit+1","Shrug It Off+1"],"picked":"SKIP","floor":18.0}],"player_experience":3442729,"relics_obtained":[{"floor":8.0,"key":"Bag of Marbles"},{"floor":9.0,"key":"Shuriken"},{"floor":10.0,"key":"Meat on the Bone"},{"floor":14.0,"key":"Toxic Egg 2"}],"event_choices":[{"cards_removed":["Strike_R"],"damage_healed":0.0,"max_hp_gain":0.0,"max_hp_loss":0.0,"gold_gain":0.0,"event_name":"Living Wall","player_choice":"Forget","floor":2.0,"gold_loss":0.0,"damage_taken":0.0},{"damage_healed":0.0,"max_hp_gain":0.0,"max_hp_loss":0.0,"gold_gain":0.0,"event_name":"Lab","player_choice":"Got Potions","floor":3.0,"gold_loss":0.0,"damage_taken":0.0},{"damage_healed":0.0,"max_hp_gain":5.0,"max_hp_loss":0.0,"gold_gain":0.0,"event_name":"Forgotten Altar","player_choice":"Shed Blood","floor":20.0,"gold_loss":0.0,"damage_taken":26.0},{"damage_healed":0.0,"max_hp_gain":0.0,"max_hp_loss":0.0,"gold_gain":0.0,"event_name":"Addict","player_choice":"Obtained Relic","floor":21.0,"gold_loss":85.0,"damage_taken":0.0,"relics_obtained":["MawBank"]}],"is_beta":false,"boss_relics":[{"not_picked":["Black Blood","Tiny House"],"picked":"Astrolabe"}],"items_purged_floors":[19],"is_endless":false,"potions_floor_spawned":[4,7,10,12,13,18],"killed_by":"Gremlin Leader","ascension_level":20}}