{"host":"mi9s3oixpfie23oh","time":1610612800,"event":{"mods":["AchievementEnabler","BaseMod","DeckTracker","Minty Spire (QoL Compilation)","Permanent Neow","Quick Restart","StSLib"],"gold_per_floor":[111,111,129,143,163,189,189,205,255,287,307,307,307,326,326,422,422,437,455,15,31,31,31,42,42,42,67,67,86,101,27,27,27,27],"floor_reached":33,"language":"ENG","playtime":1795,"items_purged":[],"score":351,"play_id":"f2156e4e-108a-4ae5-9d9a-b8ac7c928ea3","local_time":"20210114102640","is_ascension_mode":true,"campfire_choices":[{"data":"Bludgeon","floor":7.0,"key":"SMITH"},{"data":"Thunderclap","floor":12.0,"key":"SMITH"},{"data":"Shockwave","floor":15.0,"key":"SMITH"},{"data":"Body Slam","floor":23.0,"key":"SMITH"},{"data":"Pommel Strike","floor":25.0,"key":"SMITH"},{"data":"Inflame","floor":32.0,"key":"SMITH"}],"circlet_count":0,"master_deck":["Strike_R+1","Strike_R+1","Defend_R+1","Defend_R+1","Defend_R+1","Defend_R+1","Bash","Cleave","Shockwave+1","Shrug It Off","Bludgeon+1","Thunderclap+1","Headbutt","Iron Wave","Body Slam+1","Impervious","Inflame+1","Infernal Blade+1","Pommel Strike+1","Anger","Shrug It Off"],"relics":["Burning Blood","Potion Belt","Anchor","Nunchaku","Bottled Flame","Empty Cage","Shuriken","Lee\u0027s Waffle","Pantograph","PreservedInsect"],"acts_visited":[],"potions_floor_usage":[33,33],"damage_taken":[{"damage":6.0,"enemies":"2 Louse","floor":1.0,"turns":4.0},{"damage":2.0,"enemies":"Jaw Worm","floor":3.0,"turns":4.0},{"damage":3.0,"enemies":"Small Slimes","floor":4.0,"turns":3.0},{"damage":7.0,"enemies":"Gremlin Gang","floor":5.0,"turns":4.0},{"damage":19.0,"enemies":"3 Sentries","floor":6.0,"turns":6.0},{"damage":7.0,"enemies":"Large Slime","floor":8.0,"turns":5.0},{"damage":20.0,"enemies":"Gremlin Nob","floor":10.0,"turns":4.0},{"damage":1.0,"enemies":"Looter","floor":11.0,"turns":3.0},{"damage":0.0,"enemies":"Exordium Wildlife","floor":14.0,"turns":1.0},{"damage":33.0,"enemies":"Hexaghost","floor":16.0,"turns":9.0},{"damage":0.0,"enemies":"Chosen","floor":18.0,"turns":4.0},{"damage":11.0,"enemies":"Spheric Guardian","floor":19.0,"turns":4.0},{"damage":13.0,"enemies":"Snecko","floor":21.0,"turns":4.0},{"damage":4.0,"enemies":"Chosen and Byrds","floor":24.0,"turns":4.0},{"damage":14.0,"enemies":"Slavers","floor":27.0,"turns":4.0},{"damage":2.0,"enemies":"Snake Plant","floor":29.0,"turns":3.0},{"damage":4.0,"enemies":"Centurion and Healer","floor":30.0,"turns":3.0},{"damage":94,"enemies":"Automaton","floor":33,"turns":10}],"seed_played":"-4452178533995178537","potions_obtained":[{"floor":1.0,"key":"SpeedPotion"},{"floor":4.0,"key":"Fire Potion"},{"floor":6.0,"key":"Weak Potion"},{"floor":10.0,"key":"SteroidPotion"},{"floor":16.0,"key":"GamblersBrew"},{"floor":18.0,"key":"BlessingOfTheForge"},{"floor":24.0,"key":"SkillPotion"},{"floor":29.0,"key":"EssenceOfSteel"}],"is_trial":false,"path_per_floor":["M","?","M","M","M","E","R","M","T","E","M","R","?","M","R","B",null,"M","M","$","M","?","R","M","R","T","E","?","M","M","$","R","B"],"character_chosen":"IRONCLAD","items_purchased":["Shuriken","Lee\u0027s Waffle","Pommel Strike","Shrug It Off","SpeedPotion"],"campfire_rested":0,"item_purchase_floors":[20,20,20,31,31],"current_hp_per_floor":[80,64,68,71,70,57,57,56,56,42,47,47,47,53,53,26,67,73,68,87,80,80,80,82,82,82,74,66,70,72,72,72,0,0],"gold":27,"neow_bonus":"RANDOM_COMMON_RELIC","is_daily":false,"chose_seed":false,"campfire_upgraded":6,"win_rate":0.0,"timestamp":1610612800,"path_taken":["M","?","M","M","M","E","R","M","T","E","M","R","?","M","R","BOSS","M","M","$","M","?","R","M","R","T","E","?","?","M","$","R","BOSS"],"items_purchased_type":["Relic","Relic","Card","Card","Potion"],"build_version":"2020-12-22","purchased_purges":0,"victory":false,"max_hp_per_floor":[80,80,80,80,80,80,80,80,80,80,80,80,80,80,80,80,80,80,80,87,87,87,87,87,87,87,87,87,87,87,87,87,87,87],"card_choices":[{"not_picked":["Sentinel","Burning Pact"],"picked":"Cleave","floor":1.0},{"not_picked":["Iron Wave","Metallicize"],"picked":"Shockwave","floor":3.0},{"not_picked":["Flame Barrier","Perfected Strike"],"picked":"Shrug It Off","floor":4.0},{"not_picked":["Heavy Blade","Body Slam","Flame Barrier"],"picked":"SKIP","floor":5.0},{"not_picked":["Iron Wave","Flex"],"picked":"Bludgeon","floor":6.0},{"not_picked":["Whirlwind","True Grit"],"picked":"Thunderclap","floor":8.0},{"not_picked":["Shockwave","Heavy Blade"],"picked":"Headbutt","floor":10.0},{"not_picked":["Warcry","Thunderclap"],"picked":"Iron Wave","floor":11.0},{"not_picked":["Sword Boomerang","Headbutt","Second Wind"],"picked":"SKIP","floor":14.0},{"not_picked":["Demon Form","Exhume"],"picked":"Impervious","floor":16.0},{"not_picked":["Body Slam","True Grit"],"picked":"Inflame","floor":18.0},{"not_picked":["Uppercut+1","Headbutt+1"],"picked":"Infernal Blade+1","floor":19.0},{"not_picked":["Clash","Sword Boomerang","Perfected Strike"],"picked":"SKIP","floor":21.0},{"not_picked":["Body Slam","Seeing Red","Iron Wave"],"picked":"SKIP","floor":24.0},{"not_picked":["Disarm","Heavy Blade+1","Evolve+1"],"picked":"SKIP","floor":27.0},{"not_picked":["Feel No Pain+1","Perfected Strike"],"picked":"Anger","floor":29.0},{"not_picked":["Power Through","True Grit","Bludgeon"],"picked":"SKIP","floor":30.0}],"player_experience":312083,"relics_obtained":[{"floor":6.0,"key":"Anchor"},{"floor":9.0,"key":"Nunchaku"},{"floor":10.0,"key":"Bottled Flame"},{"floor":26.0,"key":"Pantograph"},{"floor":27.0,"key":"PreservedInsect"}],"event_choices":[{"damage_healed":0.0,"max_hp_gain":0.0,"max_hp_loss":0.0,"gold_gain":0.0,"event_name":"Shining Light","player_choice":"Entered Light","floor":2.0,"gold_loss":0.0,"damage_taken":16.0,"cards_upgraded":["Strike_R","Defend_R"]},{"damage_healed":0.0,"max_hp_gain":0.0,"max_hp_loss":0.0,"gold_gain":0.0,"cards_transformed":["Strike_R"],"event_name":"Living Wall","player_choice":"Change","floor":13.0,"gold_loss":0.0,"damage_taken":0.0,"cards_obtained":["Body Slam"]},{"damage_healed":0.0,"max_hp_gain":0.0,"max_hp_loss":0.0,"gold_gain":0.0,"event_name":"Back to Basics","player_choice":"Simplicity","floor":22.0,"gold_loss":0.0,"damage_taken":0.0,"cards_upgraded":["Strike_R","Defend_R","Defend_R","Defend_R"]},{"damage_healed":0.0,"max_hp_gain":0.0,"max_hp_loss":0.0,"gold_gain":0.0,"event_name":"Wheel of Change","player_choice":"Damaged","floor":28.0,"gold_loss":0.0,"damage_taken":8.0}],"is_beta":false,"boss_relics":[{"not_picked":["Philosopher\u0027s Stone","Pandora\u0027s Box"],"picked":"Empty Cage"}],"items_purged_floors":[],"is_endless":false,"potions_floor_spawned":[1,4,6,10,16,18,24,29],"killed_by":"Automaton","ascension_level":5}}