{"host":"FirstDane","time":1610594475,"event":{"mods":["BaseMod","Bestiary","Highlight Path","Minty Spire (QoL Compilation)","Relic Stats","Slay the Relics Exporter"],"gold_per_floor":[113,113,125,200,200,231,231,254,254,269,63,76,76,94,94,188,188,212,487,506,87,87,87],"floor_reached":22,"language":"ENG","playtime":863,"items_purged":["Strike_B","Regret"],"score":422,"play_id":"249f36f2-e6d0-4edb-848e-f06815530255","local_time":"20210113212115","is_ascension_mode":true,"campfire_choices":[{"data":"Defragment","floor":7,"key":"SMITH"},{"data":"Static Discharge","floor":15,"key":"SMITH"}],"circlet_count":0,"master_deck":["AscendersBane","Strike_B","Strike_B","Defend_B","Defend_B","Defend_B","Defend_B","Zap","Dualcast","Defragment+1","Cold Snap","Static Discharge+1","Barrage","Ball Lightning","Core Surge","Leap","Echo Form","White Noise","Electrodynamics+1","Auto Shields+1","Loop+1","Sunder","Coolheaded"],"relics":["Cracked Core","NeowsBlessing","Golden Idol","StoneCalendar","Singing Bowl","Frozen Egg 2","Fusion Hammer","Chemical X"],"acts_visited":["Exordium","TheCity"],"potions_floor_usage":[14,18,22],"damage_taken":[{"damage":0,"enemies":"2 Louse","floor":1,"turns":1},{"damage":0,"enemies":"Cultist","floor":3,"turns":1},{"damage":0,"enemies":"Lagavulin","floor":6,"turns":1},{"damage":2,"enemies":"Jaw Worm","floor":8,"turns":4},{"damage":10,"enemies":"Blue Slaver","floor":10,"turns":3},{"damage":6,"enemies":"Looter","floor":12,"turns":3},{"damage":1,"enemies":"Lots of Slimes","floor":14,"turns":3},{"damage":29,"enemies":"Hexaghost","floor":16,"turns":5},{"damage":24,"enemies":"2 Thieves","floor":18,"turns":3},{"damage":16,"enemies":"Spheric Guardian","floor":20,"turns":4},{"damage":13,"enemies":"Snake Plant","floor":22,"turns":3}],"seed_played":"954462296267976956","potions_obtained":[{"floor":6,"key":"Fire Potion"},{"floor":10,"key":"SteroidPotion"},{"floor":14,"key":"FearPotion"},{"floor":16,"key":"BlessingOfTheForge"},{"floor":20,"key":"EssenceOfSteel"}],"is_trial":false,"path_per_floor":["M","?","M","?","?","E","R","M","T","M","$","M","T","M","R","B",null,"M","?","M","$","M"],"character_chosen":"DEFECT","items_purchased":["Core Surge","Leap","Sunder","Chemical X","SpeedPotion","Coolheaded"],"campfire_rested":0,"item_purchase_floors":[11,11,21,21,21,21],"current_hp_per_floor":[64,64,64,53,53,53,53,51,51,41,41,35,35,34,34,5,49,25,25,9,9,0,0],"gold":87,"neow_bonus":"THREE_ENEMY_KILL","is_daily":false,"chose_seed":false,"campfire_upgraded":2,"win_rate":0.0,"timestamp":1610594475,"path_taken":["M","?","?","?","?","E","R","M","T","M","$","M","?","M","R","BOSS","M","?","M","$","?"],"items_purchased_type":["Card","Card","Card","Relic","Potion","Card"],"build_version":"2020-12-18","purchased_purges":2,"victory":false,"max_hp_per_floor":[71,71,71,71,64,64,64,64,64,64,64,64,64,64,64,64,64,64,64,64,64,64,64],"relic_stats":{"Singing Bowl":0,"counters":[11,31],"Golden Idol":49,"StoneCalendar":[0],"Chemical X":[1],"obtain_stats":[{"NeowsBlessing":0,"Singing Bowl":9,"Golden Idol":5,"StoneCalendar":6,"Fusion Hammer":17,"Chemical X":21,"Frozen Egg 2":13,"Cracked Core":0},{"NeowsBlessing":0,"Singing Bowl":4,"Golden Idol":2,"StoneCalendar":3,"Fusion Hammer":8,"Chemical X":10,"Frozen Egg 2":6,"Cracked Core":0},{"NeowsBlessing":0,"Singing Bowl":7,"Golden Idol":2,"StoneCalendar":3,"Fusion Hammer":21,"Chemical X":28,"Frozen Egg 2":13,"Cracked Core":0}]},"card_choices":[{"not_picked":["Sweeping Beam","Cold Snap"],"picked":"Defragment","floor":1},{"not_picked":["Beam Cell","Rip and Tear"],"picked":"Cold Snap","floor":3},{"not_picked":["Beam Cell","Coolheaded"],"picked":"Static Discharge","floor":6},{"not_picked":["BootSequence","Rebound"],"picked":"Barrage","floor":8},{"not_picked":["Gash","Reprogram"],"picked":"Ball Lightning","floor":10},{"not_picked":["Beam Cell","Blizzard"],"picked":"Echo Form","floor":12},{"not_picked":["Coolheaded","Ball Lightning"],"picked":"White Noise","floor":14},{"not_picked":["Buffer+1","Multi-Cast"],"picked":"Electrodynamics+1","floor":16},{"not_picked":["Beam Cell","Turbo"],"picked":"Auto Shields+1","floor":18},{"not_picked":["Ball Lightning","Hologram"],"picked":"Loop+1","floor":20}],"player_experience":3910575,"relics_obtained":[{"floor":6,"key":"StoneCalendar"},{"floor":9,"key":"Singing Bowl"},{"floor":13,"key":"Frozen Egg 2"}],"event_choices":[{"cards_removed":["Strike_B"],"damage_healed":0,"gold_gain":0,"player_choice":"Offered Basic","damage_taken":0,"max_hp_gain":0,"max_hp_loss":0,"event_name":"Bonfire Elementals","floor":2,"gold_loss":0},{"damage_healed":0,"gold_gain":75,"player_choice":"Gather Gold","damage_taken":11,"max_hp_gain":0,"max_hp_loss":0,"event_name":"World of Goop","floor":4,"gold_loss":0},{"damage_healed":0,"gold_gain":0,"player_choice":"Lose Max HP","damage_taken":0,"relics_obtained":["Golden Idol"],"max_hp_gain":0,"max_hp_loss":7,"event_name":"Golden Idol","floor":5,"gold_loss":0},{"damage_healed":0,"gold_gain":275,"player_choice":"Desecrate","damage_taken":0,"max_hp_gain":0,"max_hp_loss":0,"event_name":"Golden Shrine","floor":19,"gold_loss":0,"cards_obtained":["Regret"]}],"is_beta":true,"boss_relics":[{"not_picked":["SlaversCollar","Coffee Dripper"],"picked":"Fusion Hammer"}],"items_purged_floors":[11,21],"is_endless":false,"potions_floor_spawned":[6,10,14,16,20],"killed_by":"Snake Plant","ascension_level":20}}