{"host":"obplhmlw33xb91v8","time":1610625789,"event":{"mods":["BaseMod","Curses Come First","Evolution","Minty Spire (QoL Compilation)","Quick Restart","Relic Stats","Spicy Shops","StSLib","Uncapped","Waifu the Spire","slay the spire mod where everything is the same but ironclad has a cowboy hat"],"gold_per_floor":[110,1,1,11,67,67,142,157,157,192,192,212,212,212,212,308,308,324,324,342,67,67,67,101,101,128,144,155,155,155,155],"floor_reached":30,"language":"ENG","playtime":867,"items_purged":[],"score":283,"play_id":"4c761e4f-6f11-41f4-aab2-abf36148378a","local_time":"20210114070309","is_ascension_mode":true,"campfire_choices":[{"data":"Fire Breathing","floor":6,"key":"SMITH"},{"data":"Thunderclap","floor":11,"key":"SMITH"},{"data":"Shrug It Off","floor":13,"key":"SMITH"},{"data":"Pommel Strike","floor":15,"key":"SMITH"},{"data":"Metallicize","floor":23,"key":"SMITH"},{"data":"Bash","floor":25,"key":"SMITH"}],"circlet_count":0,"master_deck":["Pommel Strike+1","Pommel Strike","Pommel Strike+1","Defend_R","Defend_R+1","Defend_R","Bash+1","Fire Breathing+1","Shrug It Off+1","Thunderclap+1","Double Tap+1","Limit Break","Metallicize+1","Spot Weakness"],"relics":["EVO:Axolotl","Boot","Eternal Feather","Empty Cage","PreservedInsect","Self Forming Clay","War Paint","Omamori","Nloth\u0027s Gift"],"acts_visited":["Exordium","TheCity"],"potions_floor_usage":[16,24,24,24],"damage_taken":[{"damage":0,"enemies":"2 Louse","floor":1,"turns":2},{"damage":0,"enemies":"Small Slimes","floor":4,"turns":2},{"damage":2,"enemies":"Jaw Worm","floor":8,"turns":2},{"damage":16,"enemies":"Gremlin Nob","floor":10,"turns":3},{"damage":4,"enemies":"Large Slime","floor":12,"turns":3},{"damage":53,"enemies":"Hexaghost","floor":16,"turns":8},{"damage":13,"enemies":"Shell Parasite","floor":18,"turns":4},{"damage":7,"enemies":"Chosen","floor":20,"turns":5},{"damage":63,"enemies":"Gremlin Leader","floor":24,"turns":7},{"damage":16,"enemies":"3 Cultists","floor":27,"turns":6},{"damage":15,"enemies":"Snake Plant","floor":28,"turns":3},{"damage":11,"enemies":"Sentry and Sphere","floor":30,"turns":3}],"seed_played":"-5605012777004883927","potions_obtained":[{"floor":1,"key":"Regen Potion"},{"floor":12,"key":"PowerPotion"},{"floor":16,"key":"Regen Potion"},{"floor":20,"key":"Energy Potion"}],"is_trial":false,"path_per_floor":["M","$","?","M","?","R","?","M","T","E","R","M","R","?","R","B",null,"M","?","M","$","?","R","E","R","T","M","M","?","M"],"character_chosen":"IRONCLAD","items_purchased":["Fire Breathing","PreservedInsect","Self Forming Clay"],"campfire_rested":0,"item_purchase_floors":[2,21,21],"current_hp_per_floor":[80,80,64,64,64,64,53,51,51,35,41,37,43,69,75,22,80,67,67,60,60,60,66,28,34,34,18,3,3,0,0],"gold":155,"neow_bonus":"BOSS_RELIC","is_daily":false,"chose_seed":false,"campfire_upgraded":6,"win_rate":0.0,"timestamp":1610625789,"path_taken":["M","$","?","M","?","R","?","M","T","E","R","M","R","?","R","BOSS","M","?","M","$","?","R","E","R","T","M","M","?","?"],"items_purchased_type":["Card","Relic","Relic"],"build_version":"2020-12-22","purchased_purges":0,"victory":false,"max_hp_per_floor":[80,80,80,80,80,80,80,80,80,80,80,80,80,80,80,80,80,80,80,80,80,80,80,80,80,80,80,80,80,80,80],"relic_stats":{"counters":[12,48],"Self Forming Clay":[33],"Eternal Feather":30,"PreservedInsect":46,"Nloth\u0027s Gift":0,"War Paint":["Defend_R","Double Tap"],"Boot":[5],"obtain_stats":[{"Self Forming Clay":21,"Eternal Feather":10,"PreservedInsect":21,"Coffee Dripper":0,"Omamori":26,"Nloth\u0027s Gift":29,"EVO:Axolotl":0,"War Paint":24,"Boot":9,"Empty Cage":17,"Burning Blood":0},{"Self Forming Clay":8,"Eternal Feather":4,"PreservedInsect":8,"Coffee Dripper":0,"Omamori":9,"Nloth\u0027s Gift":11,"EVO:Axolotl":0,"War Paint":9,"Boot":3,"Empty Cage":6,"Burning Blood":0},{"Self Forming Clay":29,"Eternal Feather":9,"PreservedInsect":29,"Coffee Dripper":0,"Omamori":36,"Nloth\u0027s Gift":45,"EVO:Axolotl":0,"War Paint":36,"Boot":6,"Empty Cage":20,"Burning Blood":0}]},"card_choices":[{"not_picked":["Second Wind","Body Slam","Wild Strike"],"picked":"SKIP","floor":1},{"not_picked":["Pommel Strike","Heavy Blade","Headbutt"],"picked":"SKIP","floor":4},{"not_picked":["Havoc","Ghostly Armor"],"picked":"Shrug It Off","floor":8},{"not_picked":["Heavy Blade","Warcry"],"picked":"Thunderclap","floor":10},{"not_picked":["Body Slam","Cleave"],"picked":"Double Tap","floor":12},{"not_picked":["Berserk","Corruption"],"picked":"Limit Break","floor":16},{"not_picked":["Sword Boomerang","Burning Pact"],"picked":"Metallicize","floor":18},{"not_picked":["Heavy Blade+1","Ghostly Armor+1","Fire Breathing"],"picked":"SKIP","floor":20},{"not_picked":["Fiend Fire","Sword Boomerang+1","Combust+1"],"picked":"SKIP","floor":24},{"not_picked":["Perfected Strike+1","Dark Embrace"],"picked":"Spot Weakness","floor":27},{"not_picked":["Wild Strike+1","Reckless Charge","Headbutt"],"picked":"SKIP","floor":28}],"player_experience":176251,"relics_obtained":[{"floor":9,"key":"Boot"},{"floor":10,"key":"Eternal Feather"},{"floor":24,"key":"War Paint"},{"floor":26,"key":"Omamori"}],"event_choices":[{"damage_healed":0,"gold_gain":0,"player_choice":"Entered Light","damage_taken":16,"max_hp_gain":0,"max_hp_loss":0,"event_name":"Shining Light","floor":3,"gold_loss":0,"cards_upgraded":["Strike_R","Pommel Strike"]},{"damage_healed":0,"gold_gain":56,"player_choice":"Gained Gold","damage_taken":0,"max_hp_gain":0,"max_hp_loss":0,"event_name":"Golden Wing","floor":5,"gold_loss":0},{"damage_healed":0,"gold_gain":75,"player_choice":"Gather Gold","damage_taken":11,"max_hp_gain":0,"max_hp_loss":0,"event_name":"World of Goop","floor":7,"gold_loss":0},{"damage_healed":26,"gold_gain":0,"player_choice":"Banana","damage_taken":0,"max_hp_gain":0,"max_hp_loss":0,"event_name":"Big Fish","floor":14,"gold_loss":0},{"cards_removed":["Pommel Strike"],"damage_healed":0,"gold_gain":0,"player_choice":"Elegance","damage_taken":0,"max_hp_gain":0,"max_hp_loss":0,"event_name":"Back to Basics","floor":19,"gold_loss":0},{"damage_healed":0,"gold_gain":0,"player_choice":"Traded Relic","damage_taken":0,"relics_obtained":["Nloth\u0027s Gift"],"max_hp_gain":0,"max_hp_loss":0,"event_name":"N\u0027loth","floor":29,"relics_lost":["Coffee Dripper"],"gold_loss":0}],"is_beta":false,"boss_relics":[{"not_picked":["Cursed Key","Runic Dome"],"picked":"Empty Cage"}],"items_purged_floors":[],"is_endless":false,"potions_floor_spawned":[1,12,16,20],"killed_by":"Sentry and Sphere","ascension_level":3}}