{"host":"yzi164syo8zv6plh","time":1610634628,"event":{"mods":["Arknights The Spire","BaseMod","Minty Spire (QoL Compilation)","StSLib"],"gold_per_floor":[115,115,290,290,365,393,411,411,411,422,454,454,454,473,473,473,473],"floor_reached":16,"language":"ZHS","playtime":407,"items_purged":[],"score":133,"play_id":"a2e5b4a2-084b-4eaa-b96d-d4cdbc4c8c8c","local_time":"20210114223028","is_ascension_mode":false,"campfire_choices":[{"data":"ats:Beaten Up","floor":8.0,"key":"SMITH"},{"data":"ats:Armor Crushing Shot","floor":12.0,"key":"SMITH"},{"data":"ats:Consecutive Shot Auto","floor":15.0,"key":"SMITH"}],"circlet_count":0,"master_deck":["ats:Strike C","ats:Strike G","ats:Strike S","ats:Armor Crushing Shot+1","ats:Defend","ats:Defend","ats:Defend","ats:Defend","ats:Emotion Absorption","ats:Beaten Up+1","Doubt","Regret","ats:Chain Hook","ats:Neurotoxin","ats:Flexible Camouflage","ats:Consecutive Shot Auto+1","ats:Shell Defense"],"relics":["ats:Sanity","NeowsBlessing","Letter Opener","ats:Originium","Blood Vial","StoneCalendar","Question Card"],"acts_visited":["Exordium"],"potions_floor_usage":[16],"damage_taken":[{"damage":0.0,"enemies":"2 Louse","floor":1.0,"turns":1.0},{"damage":0.0,"enemies":"Lagavulin","floor":6.0,"turns":2.0},{"damage":0.0,"enemies":"Cultist","floor":7.0,"turns":1.0},{"damage":7.0,"enemies":"Small Slimes","floor":10.0,"turns":4.0},{"damage":41.0,"enemies":"Gremlin Nob","floor":11.0,"turns":5.0},{"damage":1.0,"enemies":"3 Louse","floor":14.0,"turns":4.0},{"damage":18,"enemies":"Hexaghost","floor":16,"turns":7}],"seed_played":"8216214461385878008","potions_obtained":[{"floor":1.0,"key":"ats:Emergency Sanity Potion"},{"floor":6.0,"key":"DuplicationPotion"},{"floor":10.0,"key":"Weak Potion"}],"is_trial":false,"path_per_floor":["M","?","?","?","?","E","M","R","T","M","E","R","T","M","R","B"],"character_chosen":"DOCTOR_CLASS","items_purchased":[],"campfire_rested":0,"item_purchase_floors":[],"current_hp_per_floor":[72,65,65,65,54,54,56,56,56,51,12,12,12,13,13,0,0],"gold":473,"neow_bonus":"THREE_ENEMY_KILL","is_daily":false,"chose_seed":false,"campfire_upgraded":3,"win_rate":0.0,"timestamp":1610634628,"path_taken":["M","?","?","?","?","E","M","R","T","M","E","R","?","?","R","BOSS"],"items_purchased_type":[],"build_version":"2020-12-22","purchased_purges":0,"victory":false,"max_hp_per_floor":[72,72,72,72,72,72,72,72,72,72,72,72,72,72,72,72,72],"card_choices":[{"not_picked":["ats:Consecutive Shot Auto","ats:Ignite"],"picked":"ats:Beaten Up","floor":1.0},{"not_picked":["ats:Cat Scratch","ats:Nebulous Foxfire"],"picked":"ats:Chain Hook","floor":6.0},{"not_picked":["ats:Explosion Area Strengthen","ats:Guardian Obelisk"],"picked":"ats:Neurotoxin","floor":7.0},{"not_picked":["ats:Consecutive Shot Auto","ats:Shadow Raid"],"picked":"ats:Flexible Camouflage","floor":10.0},{"not_picked":["ats:Beaten Up","ats:Shadow Assault"],"picked":"ats:Consecutive Shot Auto","floor":11.0},{"not_picked":["ats:Explosion Area Strengthen","ats:Soul Absorption","ats:Consecutive Shot Auto"],"picked":"ats:Shell Defense","floor":14.0}],"player_experience":269771,"relics_obtained":[{"floor":6.0,"key":"ats:Originium"},{"floor":6.0,"key":"Blood Vial"},{"floor":11.0,"key":"ats:Originium"},{"floor":11.0,"key":"StoneCalendar"},{"floor":13.0,"key":"Question Card"}],"event_choices":[{"cards_removed":["ats:Strike V"],"damage_healed":0.0,"max_hp_gain":0.0,"max_hp_loss":0.0,"gold_gain":0.0,"event_name":"Golden Wing","player_choice":"Card Removal","floor":2.0,"gold_loss":0.0,"damage_taken":7.0},{"damage_healed":0.0,"max_hp_gain":0.0,"max_hp_loss":0.0,"gold_gain":175.0,"event_name":"Liars Game","player_choice":"AGREE","floor":3.0,"gold_loss":0.0,"damage_taken":0.0,"cards_obtained":["Doubt"]},{"damage_healed":0.0,"max_hp_gain":0.0,"max_hp_loss":0.0,"gold_gain":0.0,"event_name":"Big Fish","player_choice":"Box","floor":4.0,"gold_loss":0.0,"damage_taken":0.0,"relics_obtained":["Letter Opener"],"cards_obtained":["Regret"]},{"damage_healed":0.0,"max_hp_gain":0.0,"max_hp_loss":0.0,"gold_gain":75.0,"event_name":"World of Goop","player_choice":"Gather Gold","floor":5.0,"gold_loss":0.0,"damage_taken":11.0}],"is_beta":false,"boss_relics":[],"items_purged_floors":[],"is_endless":false,"potions_floor_spawned":[1,6,10],"killed_by":"Hexaghost","ascension_level":0}}