{"host":"1u4zr9vl8my47i07","time":1610585377,"event":{"mods":["AchievementEnabler","BaseMod","Highlight Path","Keyboard Shortcuts","Minty Spire (QoL Compilation)","Relic Stats","StSLib","SuperFastMode","Uncapped","Waifu the Spire","everything is the same but u backflip on backflip"],"gold_per_floor":[109,123,140,140,34,64,83,83,106,140,191,216,232,232,232,309,309,323,323,2,2,18,18,48,60,138,155,105,124,124,124],"floor_reached":30,"language":"KOR","playtime":1163,"items_purged":[],"score":513,"play_id":"89630f0b-7d2e-4979-bf13-771a0271f4c3","local_time":"20210114094937","is_ascension_mode":true,"campfire_choices":[{"data":"Perfected Strike","floor":8.0,"key":"SMITH"},{"data":"Intimidate","floor":15.0,"key":"SMITH"},{"data":"Shockwave","floor":23,"key":"SMITH"}],"circlet_count":0,"master_deck":["AscendersBane","Strike_R","Strike_R","Strike_R","Strike_R","Strike_R","Defend_R","Defend_R","Defend_R","Defend_R","Wild Strike","Perfected Strike+1","Shrug It Off","Combust","Second Wind","Feel No Pain","Intimidate+1","Twin Strike","Headbutt","Ghostly Armor","Barricade","Thunderclap","Wild Strike","Shockwave+1","Berserk+1","Pommel Strike","Rage+1","Battle Trance","Wild Strike","Shrug It Off+1","Shrug It Off","Armaments+1","Pommel Strike"],"relics":["Burning Blood","NeowsBlessing","Strawberry","Tiny Chest","PreservedInsect","Prayer Wheel","Coffee Dripper","Frozen Egg 2","HornCleat","Question Card","Kunai"],"acts_visited":["Exordium","TheCity"],"potions_floor_usage":[29,30],"damage_taken":[{"damage":0.0,"enemies":"Cultist","floor":1.0,"turns":1.0},{"damage":0.0,"enemies":"Jaw Worm","floor":2.0,"turns":1.0},{"damage":0.0,"enemies":"Small Slimes","floor":3.0,"turns":1.0},{"damage":34.0,"enemies":"3 Sentries","floor":6.0,"turns":7.0},{"damage":4.0,"enemies":"Looter","floor":7.0,"turns":3.0},{"damage":29.0,"enemies":"Gremlin Nob","floor":10.0,"turns":4.0},{"damage":19.0,"enemies":"3 Sentries","floor":12.0,"turns":6.0},{"damage":6.0,"enemies":"Blue Slaver","floor":13.0,"turns":2.0},{"damage":49.0,"enemies":"Slime Boss","floor":16.0,"turns":9.0},{"damage":26.0,"enemies":"Spheric Guardian","floor":18.0,"turns":4.0},{"damage":18.0,"enemies":"Shell Parasite","floor":22.0,"turns":3.0},{"damage":34,"enemies":"Book of Stabbing","floor":24,"turns":4},{"damage":41,"enemies":"Chosen and Byrds","floor":25,"turns":6},{"damage":0,"enemies":"Snake Plant","floor":27,"turns":3},{"damage":23,"enemies":"Centurion and Healer","floor":29,"turns":6},{"damage":10,"enemies":"Cultist and Chosen","floor":30,"turns":5}],"seed_played":"7582376049682494623","potions_obtained":[{"floor":6.0,"key":"SneckoOil"},{"floor":10.0,"key":"SmokeBomb"},{"floor":18.0,"key":"SteroidPotion"},{"floor":22,"key":"SteroidPotion"},{"floor":27,"key":"Regen Potion"},{"floor":29,"key":"Fire Potion"}],"is_trial":false,"path_per_floor":["M","M","M","?","$","E","M","R","T","E","?","E","M","?","R","B",null,"M","?","$","T","M","R","E","M","T","M","$","M","M"],"character_chosen":"IRONCLAD","items_purchased":["EntropicBrew","Frozen Egg 2","Shockwave","Shrug It Off"],"campfire_rested":0,"item_purchase_floors":[5,20,20,28],"current_hp_per_floor":[74,75,75,75,75,54,56,56,56,33,33,20,20,47,47,20,67,47,47,47,47,35,35,19,14,14,20,20,8,0,0],"gold":124,"neow_bonus":"THREE_ENEMY_KILL","is_daily":false,"chose_seed":false,"campfire_upgraded":3,"win_rate":0.0,"timestamp":1610585377,"path_taken":["M","?","M","?","$","E","?","R","T","E","?","E","M","?","R","BOSS","M","?","$","?","M","R","E","?","T","?","$","M","M"],"items_purchased_type":["Potion","Relic","Card","Card"],"build_version":"2020-12-22","purchased_purges":0,"victory":false,"max_hp_per_floor":[75,75,75,75,75,82,82,82,82,82,82,82,82,82,82,82,82,82,82,82,82,82,82,82,82,82,82,82,82,82,82],"relic_stats":{"counters":[16,65],"Tiny Chest":1,"Prayer Wheel":7,"PreservedInsect":76,"Kunai":[4],"Question Card":6,"obtain_stats":[{"HornCleat":21,"NeowsBlessing":0,"Strawberry":6,"Tiny Chest":9,"Prayer Wheel":12,"PreservedInsect":10,"Coffee Dripper":17,"Kunai":26,"Frozen Egg 2":20,"Question Card":24,"Burning Blood":0},{"HornCleat":10,"NeowsBlessing":0,"Strawberry":4,"Tiny Chest":5,"Prayer Wheel":7,"PreservedInsect":6,"Coffee Dripper":9,"Kunai":13,"Frozen Egg 2":10,"Question Card":12,"Burning Blood":0},{"HornCleat":38,"NeowsBlessing":0,"Strawberry":10,"Tiny Chest":13,"Prayer Wheel":23,"PreservedInsect":17,"Coffee Dripper":34,"Kunai":51,"Frozen Egg 2":38,"Question Card":45,"Burning Blood":0}],"Burning Blood":79},"card_choices":[{"not_picked":["Cleave","Pommel Strike"],"picked":"Wild Strike","floor":1.0},{"not_picked":["Sever Soul","Clash"],"picked":"Perfected Strike","floor":2.0},{"not_picked":["Rupture","True Grit"],"picked":"Shrug It Off","floor":3.0},{"not_picked":["Thunderclap","Flex"],"picked":"Second Wind","floor":6.0},{"not_picked":["True Grit","Flex"],"picked":"Feel No Pain","floor":7.0},{"not_picked":["Havoc","Cleave"],"picked":"Intimidate","floor":10.0},{"not_picked":["Headbutt","Reckless Charge"],"picked":"Twin Strike","floor":12.0},{"not_picked":["Seeing Red","Armaments"],"picked":"Headbutt","floor":13.0},{"not_picked":["Brutality","Rage"],"picked":"Ghostly Armor","floor":13.0},{"not_picked":["Bludgeon","Berserk"],"picked":"Barricade","floor":16.0},{"not_picked":["Cleave","Flex"],"picked":"Thunderclap","floor":18.0},{"not_picked":["Body Slam","Clash"],"picked":"Wild Strike","floor":18.0},{"not_picked":["Rage+1","Ghostly Armor"],"picked":"Berserk+1","floor":22},{"not_picked":["Body Slam","Warcry"],"picked":"Pommel Strike","floor":22},{"not_picked":["Second Wind","Heavy Blade","Searing Blow+1"],"picked":"SKIP","floor":24},{"not_picked":["Anger","Thunderclap","Armaments"],"picked":"Rage+1","floor":25},{"not_picked":["Warcry+1","Iron Wave","Clothesline"],"picked":"Battle Trance","floor":25},{"not_picked":["Warcry","Second Wind+1","Clash"],"picked":"Wild Strike","floor":27},{"not_picked":["Power Through","Flex","Fiend Fire"],"picked":"Shrug It Off+1","floor":27},{"not_picked":["Cleave+1","Combust+1","Spot Weakness"],"picked":"Armaments+1","floor":29},{"not_picked":["Body Slam","Feel No Pain+1","Second Wind+1"],"picked":"Pommel Strike","floor":29}],"player_experience":334381,"relics_obtained":[{"floor":6.0,"key":"Strawberry"},{"floor":9.0,"key":"Tiny Chest"},{"floor":10.0,"key":"PreservedInsect"},{"floor":12.0,"key":"Prayer Wheel"},{"floor":21.0,"key":"HornCleat"},{"floor":24,"key":"Question Card"},{"floor":26,"key":"Kunai"}],"event_choices":[{"damage_healed":0.0,"max_hp_gain":0.0,"max_hp_loss":0.0,"gold_gain":0.0,"cards_transformed":["Bash"],"event_name":"Transmorgrifier","player_choice":"Transformed","floor":4.0,"gold_loss":0.0,"damage_taken":0.0,"cards_obtained":["Combust"]},{"damage_healed":0.0,"max_hp_gain":0.0,"max_hp_loss":0.0,"gold_gain":51.0,"event_name":"Golden Wing","player_choice":"Gained Gold","floor":11.0,"gold_loss":0.0,"damage_taken":0.0},{"damage_healed":27.0,"max_hp_gain":0.0,"max_hp_loss":0.0,"gold_gain":0.0,"event_name":"Big Fish","player_choice":"Banana","floor":14.0,"gold_loss":0.0,"damage_taken":0.0},{"damage_healed":0.0,"max_hp_gain":0.0,"max_hp_loss":0.0,"gold_gain":0.0,"event_name":"Vampires","player_choice":"Ignored","floor":19.0,"gold_loss":0.0,"damage_taken":0.0}],"is_beta":false,"boss_relics":[{"not_picked":["Ectoplasm","Runic Pyramid"],"picked":"Coffee Dripper"}],"items_purged_floors":[],"is_endless":false,"potions_floor_spawned":[6,7,10,12,13,18,22,27,29],"killed_by":"Cultist and Chosen","ascension_level":18}}