{"host":"ibonnlq6s1c814xj","time":1610607686,"event":{"mods":["BaseMod","BetterRewards","Good Game Mod","Minty Spire (QoL Compilation)","Shop Mod","【功能Mod】聪明的最终Boss"],"gold_per_floor":[113,132,307,307,53,53,87,108,184,184,197,197,222,247,247,373,373,393,414,414,329,204,204,248,248,274,274,85,108,108,123,123,246,246,262,285,305,305,305],"floor_reached":38,"language":"ZHS","playtime":1506,"items_purged":["Crippling Poison","Doubt","Unload","Glass Knife"],"score":376,"play_id":"1649518f-4868-443f-9488-72dca4c6cb67","local_time":"20210114150126","is_ascension_mode":false,"campfire_choices":[{"data":"Noxious Fumes","floor":6,"key":"SMITH"},{"floor":12,"key":"REST"},{"floor":15,"key":"REST"},{"data":"Noxious Fumes","floor":23,"key":"SMITH"},{"data":"Tools of the Trade","floor":27,"key":"SMITH"},{"data":"Noxious Fumes","floor":30,"key":"SMITH"},{"floor":32,"key":"REST"}],"circlet_count":0,"master_deck":["Survivor","Noxious Fumes+1","Deadly Poison+1","Noxious Fumes+1","Deadly Poison+1","Distraction+1","Tools of the Trade+1","Distraction+1","Deflect+1","Masterful Stab","Slice","Corpse Explosion+1","Dodge and Roll+1","Masterful Stab","Escape Plan+1","Crippling Poison+1","Noxious Fumes+1","Well Laid Plans","Deadly Poison+1","Parasite"],"relics":["Ring of the Snake","REME:ComplimentaryCards","Toxic Egg 2","Question Card","MerchantsRug","Golden Idol","DollysMirror","Nunchaku","Letter Opener","Matryoshka","Pandora\u0027s Box","Centennial Puzzle","Red Mask","Blue Candle","MealTicket","Potion Belt","Empty Cage"],"acts_visited":["Exordium","TheCity","TheBeyond"],"potions_floor_usage":[33,33,33],"damage_taken":[{"damage":2,"enemies":"Small Slimes","floor":1,"turns":4},{"damage":4,"enemies":"Cultist","floor":2,"turns":4},{"damage":14,"enemies":"Gremlin Nob","floor":7,"turns":4},{"damage":5,"enemies":"2 Louse","floor":8,"turns":3},{"damage":2,"enemies":"Looter","floor":11,"turns":2},{"damage":5,"enemies":"Large Slime","floor":13,"turns":4},{"damage":13,"enemies":"Lots of Slimes","floor":14,"turns":3},{"damage":13,"enemies":"Hexaghost","floor":16,"turns":8},{"damage":0,"enemies":"2 Thieves","floor":18,"turns":1},{"damage":11,"enemies":"3 Byrds","floor":19,"turns":3},{"damage":9,"enemies":"Masked Bandits","floor":24,"turns":3},{"damage":11,"enemies":"Snake Plant","floor":29,"turns":3},{"damage":13,"enemies":"Sentry and Sphere","floor":31,"turns":3},{"damage":12,"enemies":"Collector","floor":33,"turns":5},{"damage":32,"enemies":"3 Darklings","floor":35,"turns":3},{"damage":15,"enemies":"Orb Walker","floor":36,"turns":3},{"damage":12,"enemies":"Writhing Mass","floor":37,"turns":4},{"damage":10,"enemies":"2 Orb Walkers","floor":38,"turns":1}],"seed_played":"3538830140091781001","potions_obtained":[{"floor":2,"key":"PowerPotion"},{"floor":7,"key":"SkillPotion"},{"floor":14,"key":"Poison Potion"},{"floor":19,"key":"Swift Potion"},{"floor":29,"key":"LiquidMemories"},{"floor":33,"key":"Poison Potion"},{"floor":36,"key":"Ancient Potion"},{"floor":37,"key":"SteroidPotion"}],"is_trial":false,"path_per_floor":["M","M","?","?","$","R","E","M","T","?","M","R","M","M","R","B",null,"M","M","?","?","$","R","?","?","T","R","$","M","R","M","R","B",null,"M","M","M","?"],"character_chosen":"THE_SILENT","items_purchased":["Noxious Fumes","Toxic Egg 2","Question Card","MerchantsRug","DollysMirror","Well Laid Plans"],"campfire_rested":3,"item_purchase_floors":[0,0,0,0,5,28],"current_hp_per_floor":[36,32,32,32,32,32,18,13,13,13,11,30,25,12,31,18,65,65,54,54,54,54,54,45,45,45,45,60,49,49,36,55,43,65,33,18,6,0,0],"gold":305,"neow_bonus":"","is_daily":false,"chose_seed":false,"campfire_upgraded":4,"win_rate":0.0,"timestamp":1610607686,"path_taken":["M","M","?","?","$","R","E","M","T","?","?","R","M","M","R","BOSS","M","M","?","?","$","R","?","?","T","R","?","?","R","M","R","BOSS","M","M","M","?"],"items_purchased_type":["Card","Relic","Relic","Relic","Relic","Card"],"build_version":"2020-12-22","purchased_purges":4,"victory":false,"max_hp_per_floor":[70,70,70,65,65,65,65,65,65,65,65,65,65,65,65,65,65,65,65,65,65,65,65,65,65,65,65,65,65,65,65,65,65,65,65,65,65,65,65],"card_choices":[{"not_picked":["Flying Knee","Blur+1","Bane","Dagger Spray"],"picked":"SKIP","floor":1},{"not_picked":["Blade Dance+1","Cloak And Dagger+1","Poisoned Stab"],"picked":"Deadly Poison+1","floor":2},{"not_picked":["Riddle With Holes","Flechettes","Dodge and Roll+1"],"picked":"Deadly Poison+1","floor":7},{"not_picked":["Backflip+1","Unload","Distraction+1"],"picked":"Terror+1","floor":8},{"not_picked":["Bane","Blur+1","Cloak And Dagger+1"],"picked":"Distraction+1","floor":11},{"not_picked":["Sucker Punch","Masterful Stab","Choke","Cloak And Dagger+1"],"picked":"SKIP","floor":13},{"not_picked":["Skewer","Blade Dance+1","A Thousand Cuts","Backflip+1"],"picked":"SKIP","floor":14},{"not_picked":["Masterful Stab","Leg Sweep+1","Deflect+1"],"picked":"Escape Plan+1","floor":18},{"not_picked":["Distraction+1","Backflip+1","Acrobatics+1"],"picked":"Crippling Poison+1","floor":19},{"not_picked":["Reflex+1","Heel Hook","Deflect+1"],"picked":"Deadly Poison+1","floor":29},{"not_picked":["Dash","Caltrops+1","Noxious Fumes+1","PiercingWail+1"],"picked":"SKIP","floor":31},{"not_picked":["Bane+1","Flechettes","Outmaneuver+1","Sucker Punch+1"],"picked":"SKIP","floor":35},{"not_picked":["Sucker Punch","Prepared+1","Dagger Throw+1","Dodge and Roll+1"],"picked":"SKIP","floor":36},{"not_picked":["Prepared+1","Quick Slash","Poisoned Stab+1","Eviscerate+1"],"picked":"SKIP","floor":37}],"player_experience":197351,"relics_obtained":[{"floor":7,"key":"Nunchaku"},{"floor":9,"key":"Letter Opener"},{"floor":24,"key":"Red Mask"},{"floor":26,"key":"MealTicket"},{"floor":26,"key":"Potion Belt"}],"event_choices":[{"damage_healed":0,"gold_gain":175,"player_choice":"AGREE","damage_taken":0,"max_hp_gain":0,"max_hp_loss":0,"event_name":"Liars Game","floor":3,"gold_loss":0,"cards_obtained":["Doubt"]},{"damage_healed":0,"gold_gain":0,"player_choice":"Lose Max HP","damage_taken":0,"relics_obtained":["Golden Idol"],"max_hp_gain":0,"max_hp_loss":5,"event_name":"Golden Idol","floor":4,"gold_loss":0},{"damage_healed":0,"gold_gain":0,"player_choice":"Gave Potion","damage_taken":0,"relics_obtained":["Matryoshka"],"max_hp_gain":0,"max_hp_loss":0,"event_name":"WeMeetAgain","floor":10,"gold_loss":0},{"damage_healed":0,"gold_gain":0,"player_choice":"Obtained Relic","damage_taken":0,"relics_obtained":["Centennial Puzzle"],"max_hp_gain":0,"max_hp_loss":0,"event_name":"Addict","floor":21,"gold_loss":85},{"damage_healed":0,"gold_gain":0,"player_choice":"Fought Bandits","damage_taken":0,"max_hp_gain":0,"max_hp_loss":0,"event_name":"Masked Bandits","floor":24,"gold_loss":0},{"damage_healed":0,"gold_gain":0,"player_choice":"Opened","damage_taken":0,"relics_obtained":["Blue Candle"],"max_hp_gain":0,"max_hp_loss":0,"event_name":"The Mausoleum","floor":25,"gold_loss":0},{"damage_healed":0,"gold_gain":0,"player_choice":"Fight","damage_taken":0,"max_hp_gain":0,"max_hp_loss":0,"event_name":"Mysterious Sphere","floor":38,"gold_loss":0}],"is_beta":false,"boss_relics":[{"not_picked":["Astrolabe","Tiny House"],"picked":"Pandora\u0027s Box"},{"not_picked":["SacredBark","Snecko Eye"],"picked":"Empty Cage"}],"items_purged_floors":[0,5,22,28],"is_endless":false,"potions_floor_spawned":[2,7,14,19,29,33,36,37],"killed_by":"2 Orb Walkers","ascension_level":0}}