{"host":"mai03x2ekbjy4059","time":1610595487,"event":{"mods":["2.2 Compatiblity","BaseMod","DeckTracker","Highlight Path","Keyboard Shortcuts","Minty Spire (QoL Compilation)","Permanent Neow","Quick Restart","SuperFastMode","everything is the same but u backflip on backflip"],"gold_per_floor":[17,17,36,50,61,61,11,41,64,64,83,99,116,127,127,204,204,224,239,239,252,252,252],"floor_reached":22,"language":"KOR","playtime":808,"items_purged":[],"score":401,"play_id":"0a97d406-435e-4462-9f5e-71a4849ee0ee","local_time":"20210114123807","is_ascension_mode":true,"campfire_choices":[{"data":"Prostrate","floor":6.0,"key":"SMITH"},{"data":"Prostrate","floor":10.0,"key":"SMITH"},{"data":"Prostrate","floor":15.0,"key":"SMITH"}],"circlet_count":0,"master_deck":["AscendersBane","Strike_P","Strike_P","Defend_P","Defend_P","Defend_P","Vigilance","EmptyBody","Devotion+1","Prostrate+1","Prostrate+1","Prostrate+1","FlurryOfBlows","Brilliance","Pray+1","Evaluate"],"relics":["PureWater","Boot","Art of War","Empty Cage"],"acts_visited":["Exordium","TheCity"],"potions_floor_usage":[19],"damage_taken":[{"damage":7.0,"enemies":"Jaw Worm","floor":1.0,"turns":4.0},{"damage":0.0,"enemies":"Cultist","floor":3.0,"turns":4.0},{"damage":3.0,"enemies":"Small Slimes","floor":4.0,"turns":5.0},{"damage":6.0,"enemies":"Exordium Thugs","floor":5.0,"turns":5.0},{"damage":7.0,"enemies":"Lagavulin","floor":8.0,"turns":6.0},{"damage":4.0,"enemies":"Looter","floor":11.0,"turns":5.0},{"damage":0.0,"enemies":"Gremlin Gang","floor":12.0,"turns":5.0},{"damage":15.0,"enemies":"3 Louse","floor":13.0,"turns":4.0},{"damage":7.0,"enemies":"Lots of Slimes","floor":14.0,"turns":5.0},{"damage":6.0,"enemies":"The Guardian","floor":16.0,"turns":12.0},{"damage":12.0,"enemies":"Chosen","floor":18.0,"turns":5.0},{"damage":7,"enemies":"3 Byrds","floor":19,"turns":6},{"damage":23,"enemies":"Shelled Parasite and Fungi","floor":21,"turns":4},{"damage":13,"enemies":"Centurion and Healer","floor":22,"turns":1}],"seed_played":"2557556007202704063","potions_obtained":[{"floor":3.0,"key":"SteroidPotion"},{"floor":4.0,"key":"Swift Potion"},{"floor":16.0,"key":"Fire Potion"},{"floor":21,"key":"EssenceOfSteel"}],"is_trial":false,"path_per_floor":["M","?","M","M","M","R","$","E","T","R","M","M","M","M","R","B",null,"M","M","?","M","M"],"character_chosen":"WATCHER","items_purchased":["Prostrate"],"campfire_rested":0,"item_purchase_floors":[7],"current_hp_per_floor":[54,54,54,51,45,45,45,38,38,38,34,34,19,12,12,6,53,41,34,34,11,0,0],"gold":252,"neow_bonus":"TRANSFORM_TWO_CARDS","is_daily":false,"chose_seed":false,"campfire_upgraded":3,"win_rate":0.0,"timestamp":1610595487,"path_taken":["M","?","M","M","?","R","?","E","T","R","M","M","?","M","R","BOSS","M","M","?","M","M"],"items_purchased_type":["Card"],"build_version":"2020-12-22","purchased_purges":0,"victory":false,"max_hp_per_floor":[68,68,68,68,68,68,68,68,68,68,68,68,68,68,68,68,68,68,68,68,68,68,68],"card_choices":[{"not_picked":["SashWhip","JustLucky"],"picked":"Prostrate","floor":1.0},{"not_picked":["LikeWater","Halt","WindmillStrike"],"picked":"SKIP","floor":3.0},{"not_picked":["Vengeance","JustLucky","InnerPeace"],"picked":"SKIP","floor":4.0},{"not_picked":["Protect","Crescendo","FlurryOfBlows"],"picked":"SKIP","floor":5.0},{"not_picked":["WaveOfTheHand","Vengeance","CutThroughFate"],"picked":"SKIP","floor":8.0},{"not_picked":["Ragnarok","Swivel","Study"],"picked":"SKIP","floor":11.0},{"not_picked":["CutThroughFate","ClearTheMind","Perseverance"],"picked":"SKIP","floor":12.0},{"not_picked":["CutThroughFate","ClearTheMind","Perseverance"],"picked":"SKIP","floor":12.0},{"not_picked":["EmptyBody","JustLucky"],"picked":"Prostrate","floor":13.0},{"not_picked":["Evaluate","ThirdEye"],"picked":"FlurryOfBlows","floor":14.0},{"not_picked":["SpiritShield","Wish"],"picked":"Brilliance","floor":16.0},{"not_picked":["ForeignInfluence","Tantrum","EmptyFist"],"picked":"SKIP","floor":18},{"not_picked":["Protect","SashWhip"],"picked":"Pray","floor":19},{"not_picked":["MasterReality","SignatureMove"],"picked":"Evaluate","floor":21}],"player_experience":982819,"relics_obtained":[{"floor":8.0,"key":"Boot"},{"floor":9.0,"key":"Art of War"}],"event_choices":[{"damage_healed":0.0,"max_hp_gain":0.0,"max_hp_loss":0.0,"gold_gain":0.0,"event_name":"Upgrade Shrine","player_choice":"Upgraded","floor":2.0,"gold_loss":0.0,"damage_taken":0.0,"cards_upgraded":["Devotion"]},{"damage_healed":0,"gold_gain":0,"player_choice":"Forge","damage_taken":0,"max_hp_gain":0,"max_hp_loss":0,"event_name":"Accursed Blacksmith","floor":20,"gold_loss":0,"cards_upgraded":["Pray"]}],"is_beta":false,"boss_relics":[{"not_picked":["Ectoplasm","Cursed Key"],"picked":"Empty Cage"}],"items_purged_floors":[],"is_endless":false,"potions_floor_spawned":[3,4,16,21],"killed_by":"Centurion and Healer","ascension_level":17}}