{"host":"bbdwwpc15nggbv3k","time":1610654104,"event":{"mods":["AchievementEnabler","Aspiration","BaseMod","BetterRewards","Colored Map","Colored Powertips","Conspire","Hermit","Hubris","Minty Spire (QoL Compilation)","StSLib","The Jungle"],"gold_per_floor":[112,112,136,12,12,12,52,52,79,120,133,176,190,230,230,350,350,364,364,204,204,218,251,251,284,284,284,318,63,101,126,126,257,257,280,343,343,343,343,343,379,394,394,294,338,352,37,37,37,37],"floor_reached":51,"language":"ENG","playtime":1608,"items_purged":["Normality","Shame"],"score":1398,"play_id":"7e5b4c73-d8ee-4853-836d-44f84f5e8d39","local_time":"20210114195504","is_ascension_mode":true,"campfire_choices":[{"floor":6,"key":"REST"},{"floor":15,"key":"REST"},{"floor":32,"key":"REST"},{"data":"Seeing Red","floor":40,"key":"SMITH"},{"data":"Seeing Red","floor":49,"key":"SMITH"}],"circlet_count":0,"master_deck":["Strike_R","Strike_R","Strike_R","Strike_R","Strike_R","Defend_R","Defend_R","Defend_R","Defend_R","Bash","Inflame","Seeing Red+1","Pommel Strike","Thunderclap","Spot Weakness","Warcry","Pommel Strike+1","Seeing Red+1","Whirlwind+1","Twin Strike+1","Whirlwind+1","Reaper+1","CurseOfTheBell","Seeing Red+1","Flex+1","Inflame","Heavy Blade+1","Thunderclap+1","Inflame","Sword Boomerang+1","Offering+1","Heavy Blade+1","Madness+1","Madness+1","Madness+1","Flex+1","Flex+1","Enlightenment+1","Limit Break+1","Dropkick+1","Bash+1"],"relics":["Burning Blood","Nunchaku","Potion Belt","hubris:EmptyBottle","Membership Card","Juzu Bracelet","Dream Catcher","Golden Idol","Bag of Preparation","Molten Egg 2","Boot","Anchor","hubris:MysteriousPyramids","hubris:TinFlute","Toxic Egg 2","Calling Bell","hubris:OldNail","conspire:BottledYoYo","hubris:CuriousFeather","Oddly Smooth Stone","hubris:ToyBattleship","theJungle:PaperFaux","White Beast Statue","Mercury Hourglass","Lantern","FossilizedHelix","Ginger","Philosopher\u0027s Stone","conspire:Boomerang","Spirit Poop","Pen Nib","Letter Opener","Bird Faced Urn","Lee\u0027s Waffle","Ornamental Fan"],"acts_visited":["Exordium","Exordium","TheBeyond"],"potions_floor_usage":[10,10,10,12,16,16,16,16,16,16,16,16,23,23,23,23,28,28,28,30,30,30,30,33,33,33,33,33,33,33,41,41,42,42,50,50,50,50,50],"damage_taken":[{"damage":1,"enemies":"Cultist","floor":1,"turns":3},{"damage":6,"enemies":"2 Louse","floor":3,"turns":2},{"damage":66,"enemies":"Gremlin Nob","floor":7,"turns":5},{"damage":0,"enemies":"Lagavulin","floor":10,"turns":2},{"damage":0,"enemies":"Small Slimes","floor":11,"turns":2},{"damage":0,"enemies":"Gremlin Nob","floor":12,"turns":1},{"damage":8,"enemies":"Red Slaver","floor":13,"turns":3},{"damage":0,"enemies":"3 Sentries","floor":14,"turns":2},{"damage":25,"enemies":"Hexaghost","floor":16,"turns":4},{"damage":3,"enemies":"theJungle:MUSHROOMGANG","floor":18,"turns":4},{"damage":13,"enemies":"theJungle:Flameango_and_Byrd","floor":22,"turns":3},{"damage":13,"enemies":"theJungle:MamaSnecko","floor":23,"turns":4},{"damage":25,"enemies":"conspire:MimicChest","floor":25,"turns":5},{"damage":4,"enemies":"theJungle:2_Phrogs","floor":28,"turns":5},{"damage":10,"enemies":"theJungle:Cassacara","floor":30,"turns":3},{"damage":15,"enemies":"theJungle:2_Flameangoes","floor":31,"turns":3},{"damage":11,"enemies":"theJungle:FunGuy","floor":33,"turns":4},{"damage":6,"enemies":"3 Shapes","floor":35,"turns":1},{"damage":12,"enemies":"Mind Bloom Boss Battle","floor":36,"turns":5},{"damage":0,"enemies":"Reptomancer","floor":41,"turns":1},{"damage":0,"enemies":"3 Darklings","floor":42,"turns":2},{"damage":0,"enemies":"Giant Head","floor":45,"turns":3},{"damage":10,"enemies":"Writhing Mass","floor":46,"turns":2},{"damage":0,"enemies":"Time Eater","floor":50,"turns":1}],"seed_played":"-4658694038208589287","potions_obtained":[{"floor":8,"key":"AttackPotion"},{"floor":8,"key":"Fire Potion"},{"floor":8,"key":"EssenceOfSteel"},{"floor":10,"key":"Strength Potion"},{"floor":12,"key":"DuplicationPotion"},{"floor":16,"key":"Fruit Juice"},{"floor":25,"key":"Explosive Potion"},{"floor":28,"key":"EssenceOfSteel"},{"floor":30,"key":"DuplicationPotion"},{"floor":31,"key":"ColorlessPotion"},{"floor":33,"key":"EssenceOfSteel"},{"floor":35,"key":"ColorlessPotion"},{"floor":36,"key":"DistilledChaos"},{"floor":41,"key":"SpeedPotion"},{"floor":42,"key":"Block Potion"},{"floor":45,"key":"BlessingOfTheForge"}],"is_trial":false,"path_per_floor":["M","?","M","$","?","R","E","?","T","E","M","E","M","E","R","B",null,"M","?","$","?","M","E","?","?","T","?","E","$","E","M","R","B",null,"M","?","?","?","?","R","E","M","T","NS","E","M","$","?","R","B",null],"character_chosen":"IRONCLAD","items_purchased":["Inflame","Seeing Red","Pommel Strike","Thunderclap","Nunchaku","Potion Belt","hubris:EmptyBottle","Membership Card","Juzu Bracelet","Dream Catcher","Bag of Preparation","FairyPotion","Flex+1","Inflame","SteroidPotion","PowerPotion","Explosive Potion","FossilizedHelix","PowerPotion","Swift Potion","Enlightenment+1","Lee\u0027s Waffle","Ornamental Fan","AttackPotion","Regen Potion"],"campfire_rested":3,"item_purchase_floors":[0,0,0,0,0,0,0,0,0,0,4,4,20,20,20,20,20,29,29,29,47,47,47,47,47],"current_hp_per_floor":[43,43,43,43,43,67,7,7,7,13,19,25,23,29,53,44,90,90,90,90,90,83,76,76,57,57,66,68,68,64,55,82,77,90,90,84,84,84,73,73,90,90,90,90,90,86,97,97,97,97],"gold":37,"neow_bonus":"","is_daily":false,"chose_seed":false,"campfire_upgraded":2,"win_rate":0.0,"timestamp":1610654104,"path_taken":["M","?","M","$","?","R","E","?","T","E","M","E","M","E","R","BOSS","M","?","?","?","M","E","?","?","T","?","E","$","E","M","R","BOSS","M","?","?","?","?","R","E","M","T","NS","E","M","$","?","R","BOSS"],"items_purchased_type":["Card","Card","Card","Card","Relic","Relic","Relic","Relic","Relic","Relic","Relic","Potion","Card","Card","Potion","Potion","Potion","Relic","Potion","Potion","Card","Relic","Relic","Potion","Potion"],"build_version":"2020-12-22","purchased_purges":2,"victory":true,"max_hp_per_floor":[80,80,80,80,80,80,80,80,80,80,80,80,80,80,80,90,90,90,90,90,90,90,90,90,90,90,90,90,90,90,90,90,90,90,90,90,90,90,90,90,90,90,90,90,90,90,97,97,97,97],"card_choices":[{"not_picked":["hubris:CleavingFinish","Headbutt"],"picked":"Spot Weakness","floor":1},{"not_picked":["Battle Trance","True Grit"],"picked":"Warcry","floor":3},{"not_picked":["Havoc","Bloodletting"],"picked":"Pommel Strike+1","floor":6},{"not_picked":["Perfected Strike+1","Anger+1","Second Wind"],"picked":"SKIP","floor":7},{"not_picked":["Uppercut+1","Anger+1"],"picked":"Seeing Red","floor":10},{"not_picked":["conspire:Charge+1","Dropkick+1","Wild Strike+1"],"picked":"SKIP","floor":11},{"not_picked":["Flex","Clothesline+1"],"picked":"Whirlwind+1","floor":12},{"not_picked":["Body Slam+1","Thunderclap+1"],"picked":"Twin Strike+1","floor":13},{"not_picked":["hubris:ReadiedAction+1","Metallicize"],"picked":"Armaments+1","floor":14},{"not_picked":["Body Slam+1","Power Through+1"],"picked":"Whirlwind+1","floor":15},{"not_picked":["Feed+1","Brutality"],"picked":"Reaper+1","floor":16},{"not_picked":["Bloodletting+1","Carnage+1"],"picked":"Seeing Red+1","floor":18},{"not_picked":["Uppercut+1","Entrench+1"],"picked":"Heavy Blade+1","floor":22},{"not_picked":["Warcry+1","Perfected Strike+1","Headbutt+1"],"picked":"SKIP","floor":23},{"not_picked":["Wild Strike+1","Carnage+1"],"picked":"Thunderclap+1","floor":25},{"not_picked":["Whirlwind+1","Combust","Juggernaut"],"picked":"SKIP","floor":28},{"not_picked":["Disarm+1","Shrug It Off+1"],"picked":"Inflame","floor":30},{"not_picked":["Wild Strike+1","Seeing Red+1"],"picked":"Sword Boomerang+1","floor":31},{"not_picked":["Whirlwind+1","Anger+1"],"picked":"Intimidate+1","floor":32},{"not_picked":["Barricade","Bludgeon+1"],"picked":"Offering+1","floor":33},{"not_picked":["Iron Wave+1","Rage+1","Pommel Strike+1"],"picked":"SKIP","floor":35},{"not_picked":["True Grit+1","Dropkick+1"],"picked":"Heavy Blade+1","floor":36},{"not_picked":["Discovery+1","Chrysalis+1"],"picked":"Madness+1","floor":38},{"not_picked":["Feel No Pain+1","Wild Strike+1","Clothesline+1"],"picked":"SKIP","floor":41},{"not_picked":["Battle Trance+1","conspire:ExplosiveBarrier+1","Iron Wave+1"],"picked":"SKIP","floor":42},{"not_picked":["Carnage+1","Feel No Pain+1"],"picked":"Flex+1","floor":45},{"not_picked":["Headbutt+1","Wild Strike+1"],"picked":"Flex+1","floor":46}],"player_experience":9963,"relics_obtained":[{"floor":7,"key":"Boot"},{"floor":9,"key":"Anchor"},{"floor":10,"key":"hubris:MysteriousPyramids"},{"floor":12,"key":"hubris:TinFlute"},{"floor":14,"key":"Toxic Egg 2"},{"floor":17,"key":"hubris:OldNail"},{"floor":17,"key":"conspire:BottledYoYo"},{"floor":17,"key":"hubris:CuriousFeather"},{"floor":21,"key":"Oddly Smooth Stone"},{"floor":23,"key":"hubris:ToyBattleship"},{"floor":25,"key":"White Beast Statue"},{"floor":26,"key":"Mercury Hourglass"},{"floor":28,"key":"Lantern"},{"floor":30,"key":"Ginger"},{"floor":36,"key":"conspire:Boomerang"},{"floor":41,"key":"Pen Nib"},{"floor":43,"key":"Letter Opener"},{"floor":45,"key":"Bird Faced Urn"}],"event_choices":[{"damage_healed":0,"gold_gain":0,"player_choice":"Take Wound","damage_taken":0,"relics_obtained":["Golden Idol"],"max_hp_gain":0,"max_hp_loss":0,"event_name":"Golden Idol","floor":2,"gold_loss":0,"cards_obtained":["Injury"]},{"damage_healed":0,"gold_gain":0,"player_choice":"Got Potions","damage_taken":0,"max_hp_gain":0,"max_hp_loss":0,"event_name":"Lab","floor":8,"gold_loss":0},{"damage_healed":0,"gold_gain":0,"cards_transformed":["Injury"],"player_choice":"Transformed","damage_taken":0,"max_hp_gain":0,"max_hp_loss":0,"event_name":"Transmorgrifier","floor":19,"gold_loss":0,"cards_obtained":["Normality"]},{"damage_healed":0,"gold_gain":0,"player_choice":"Relic","damage_taken":0,"max_hp_gain":0,"max_hp_loss":0,"event_name":"Wheel of Change","floor":21,"gold_loss":0},{"damage_healed":0,"gold_gain":0,"player_choice":"Fight","damage_taken":0,"max_hp_gain":0,"max_hp_loss":0,"event_name":"MindBloom","floor":36,"gold_loss":0},{"cards_removed":["Injury"],"damage_healed":0,"gold_gain":0,"player_choice":"Offered Curse","damage_taken":0,"relics_obtained":["Spirit Poop"],"max_hp_gain":0,"max_hp_loss":0,"event_name":"Bonfire Elementals","floor":37,"gold_loss":0},{"damage_healed":0,"gold_gain":0,"player_choice":"Memory 1","damage_taken":0,"max_hp_gain":0,"max_hp_loss":0,"event_name":"SensoryStone","floor":38,"gold_loss":0},{"damage_healed":0,"gold_gain":0,"player_choice":"Embrace Madness","damage_taken":11,"max_hp_gain":0,"max_hp_loss":0,"event_name":"Winding Halls","floor":39,"gold_loss":0,"cards_obtained":["Madness","Madness"]},{"damage_healed":0,"gold_gain":0,"player_choice":"3 cards matched","damage_taken":0,"max_hp_gain":0,"max_hp_loss":0,"event_name":"Match and Keep!","floor":48,"gold_loss":0,"cards_obtained":["Limit Break","Dropkick","Bash"]}],"is_beta":false,"boss_relics":[{"not_picked":["Runic Cube","hubris:ScarierMask"],"picked":"Calling Bell"},{"not_picked":["Runic Pyramid","Black Star"],"picked":"Philosopher\u0027s Stone"}],"items_purged_floors":[20,29],"is_endless":false,"potions_floor_spawned":[3,10,12,16,25,28,30,31,33,35,36,41,42,45,46],"ascension_level":2}}