{"host":"u7lm8z2rvb4dg2oo","time":1610652718,"event":{"mods":["AchievementEnabler","BaseMod","Bestiary","Block Reminder","Colored Map","Colored Powertips","Curses Come First","DeckTracker","Googly Eyes","Highlight Path","Minty Spire (QoL Compilation)","Quick Restart","StSLib"],"gold_per_floor":[116,35,48,64,64,64,94,94,120,120,148,148,160,187,187,291,291,301,35,52,52,68,68,86,119,119,119,148,148,148,163,163,262,262,274,287,287,287,306,306,337,337,363,396,23,23,50,70,70,70],"floor_reached":51,"language":"ENG","playtime":4959,"items_purged":["Strike_G","Well Laid Plans+1"],"score":1064,"play_id":"85e27c72-848b-47e8-94e1-d56e22db79c3","local_time":"20210114143158","is_ascension_mode":true,"campfire_choices":[{"data":"Footwork","floor":6.0,"key":"SMITH"},{"data":"Well Laid Plans","floor":10.0,"key":"SMITH"},{"data":"Catalyst","floor":12.0,"key":"SMITH"},{"data":"Venomology","floor":15.0,"key":"SMITH"},{"data":"Adrenaline","floor":23.0,"key":"SMITH"},{"floor":27.0,"key":"REST"},{"data":"Bouncing Flask","floor":29.0,"key":"SMITH"},{"floor":32.0,"key":"REST"},{"data":"Footwork","floor":40.0,"key":"SMITH"},{"data":"Footwork","floor":42,"key":"SMITH"},{"data":"Blade Dance","floor":46,"key":"SMITH"},{"floor":49,"key":"REST"}],"circlet_count":0,"master_deck":["Strike_G","Strike_G","Strike_G","Defend_G","Defend_G","Defend_G","Defend_G","Defend_G","Survivor","Neutralize","Caltrops","Catalyst+1","Footwork+1","Backstab","Bouncing Flask+1","Venomology+1","Adrenaline+1","Backflip+1","Footwork+1","Concentrate+1","Bane","Dodge and Roll","Dash","Footwork+1","Bullet Time","CurseOfTheBell","Deadly Poison","Prepared","Discovery","Phantasmal Killer","Cloak And Dagger","Finisher","Blade Dance+1","Terror","Deadly Poison+1","Noxious Fumes"],"relics":["Ring of the Snake","NeowsBlessing","Pen Nib","Potion Belt","Odd Mushroom","Ancient Tea Set","Runic Pyramid","Nunchaku","Enchiridion","Dead Branch","Ninja Scroll","CaptainsWheel","Calling Bell","Toy Ornithopter","White Beast Statue","TungstenRod","Bottled Lightning","Snake Skull","Paper Crane","PreservedInsect","Dream Catcher"],"acts_visited":["Exordium","TheCity","TheBeyond"],"potions_floor_usage":[44,50,50,50,50],"damage_taken":[{"damage":0.0,"enemies":"Cultist","floor":1.0,"turns":1.0},{"damage":0.0,"enemies":"Small Slimes","floor":3.0,"turns":1.0},{"damage":0.0,"enemies":"Jaw Worm","floor":4.0,"turns":1.0},{"damage":4.0,"enemies":"Lagavulin","floor":7.0,"turns":12.0},{"damage":13.0,"enemies":"The Mushroom Lair","floor":11.0,"turns":7.0},{"damage":0.0,"enemies":"2 Fungi Beasts","floor":13.0,"turns":2.0},{"damage":13.0,"enemies":"3 Sentries","floor":14.0,"turns":8.0},{"damage":33.0,"enemies":"Hexaghost","floor":16.0,"turns":9.0},{"damage":10.0,"enemies":"3 Byrds","floor":18.0,"turns":5.0},{"damage":0.0,"enemies":"Shell Parasite","floor":20.0,"turns":4.0},{"damage":4.0,"enemies":"Snake Plant","floor":22.0,"turns":4.0},{"damage":0.0,"enemies":"Chosen and Byrds","floor":24.0,"turns":4.0},{"damage":23.0,"enemies":"Gremlin Leader","floor":25.0,"turns":7.0},{"damage":0.0,"enemies":"Book of Stabbing","floor":28.0,"turns":4.0},{"damage":0.0,"enemies":"Snecko","floor":31.0,"turns":2.0},{"damage":25.0,"enemies":"Champ","floor":33.0,"turns":9.0},{"damage":7.0,"enemies":"3 Shapes","floor":35.0,"turns":5.0},{"damage":0.0,"enemies":"3 Darklings","floor":36.0,"turns":4.0},{"damage":0.0,"enemies":"Transient","floor":39.0,"turns":5.0},{"damage":17.0,"enemies":"Giant Head","floor":41.0,"turns":7.0},{"damage":15,"enemies":"Nemesis","floor":44,"turns":3},{"damage":0,"enemies":"Reptomancer","floor":47,"turns":1},{"damage":4,"enemies":"Jaw Worm Horde","floor":48,"turns":3},{"damage":64,"enemies":"Awakened One","floor":50,"turns":9}],"seed_played":"7885650150422968704","potions_obtained":[{"floor":1.0,"key":"Regen Potion"},{"floor":3.0,"key":"Explosive Potion"},{"floor":4.0,"key":"SkillPotion"},{"floor":11.0,"key":"Explosive Potion"},{"floor":18.0,"key":"Weak Potion"},{"floor":20.0,"key":"Explosive Potion"},{"floor":22.0,"key":"Swift Potion"},{"floor":28.0,"key":"SteroidPotion"},{"floor":31.0,"key":"BlessingOfTheForge"},{"floor":35.0,"key":"Fire Potion"},{"floor":36.0,"key":"Swift Potion"},{"floor":39.0,"key":"LiquidBronze"},{"floor":41,"key":"Ancient Potion"},{"floor":44,"key":"LiquidBronze"},{"floor":47,"key":"CultistPotion"}],"is_trial":false,"path_per_floor":["M","$","M","M","?","R","E","?","T","R","?","R","M","E","R","B",null,"M","$","M","?","M","R","M","E","T","R","E","R","?","M","R","B",null,"M","M","?","?","M","R","E","R","T","E","$","R","E","M","R","B",null],"character_chosen":"THE_SILENT","items_purchased":["Well Laid Plans","Footwork","Nunchaku","Finisher","PreservedInsect","Blade Dance"],"campfire_rested":3,"item_purchase_floors":[2,19,19,45,45,45],"current_hp_per_floor":[70,70,70,70,70,70,66,71,71,71,73,73,73,60,60,27,63,53,53,53,37,33,33,33,10,10,32,32,32,18,18,42,17,64,57,67,67,67,72,72,63,63,63,53,53,53,53,49,73,29],"gold":70,"neow_bonus":"THREE_ENEMY_KILL","is_daily":false,"chose_seed":false,"campfire_upgraded":9,"win_rate":0.0,"timestamp":1610652718,"path_taken":["M","?","M","?","?","R","E","?","T","R","?","R","M","E","R","BOSS","M","$","M","?","M","R","M","E","T","R","E","R","?","M","R","BOSS","M","M","?","?","M","R","E","R","T","E","$","R","E","M","R","BOSS"],"items_purchased_type":["Card","Card","Relic","Card","Relic","Card"],"build_version":"2020-12-22","purchased_purges":2,"victory":true,"max_hp_per_floor":[70,70,70,70,70,70,70,75,75,75,75,75,75,75,75,75,75,75,75,75,75,75,75,75,75,75,75,75,75,80,80,80,80,80,80,80,80,80,80,80,80,80,80,80,80,80,80,80,80,80],"card_choices":[{"not_picked":["Concentrate","Backflip"],"picked":"Caltrops","floor":1.0},{"not_picked":["Caltrops","Underhanded Strike"],"picked":"Catalyst","floor":3.0},{"not_picked":["Caltrops","Deflect"],"picked":"Footwork","floor":4.0},{"not_picked":["Flechettes","Flying Knee","Tools of the Trade"],"picked":"SKIP","floor":7.0},{"not_picked":["Dodge and Roll","Sucker Punch"],"picked":"Bouncing Flask","floor":11.0},{"not_picked":["Calculated Gamble","Prepared","Accuracy"],"picked":"SKIP","floor":13.0},{"not_picked":["Caltrops","Skewer"],"picked":"Venomology","floor":14.0},{"not_picked":["Storm of Steel","Unload"],"picked":"Adrenaline","floor":16.0},{"not_picked":["PiercingWail","Poisoned Stab"],"picked":"Backflip+1","floor":18.0},{"not_picked":["Reflex","Flying Knee","Slice"],"picked":"SKIP","floor":20.0},{"not_picked":["Cloak And Dagger","Expertise"],"picked":"Concentrate+1","floor":22.0},{"not_picked":["Accuracy","Poisoned Stab"],"picked":"Bane","floor":24.0},{"not_picked":["All Out Attack","Setup"],"picked":"Dodge and Roll","floor":25.0},{"not_picked":["Storm of Steel","Heel Hook+1"],"picked":"Dash","floor":28.0},{"not_picked":["Underhanded Strike","Reflex+1"],"picked":"Footwork","floor":31.0},{"not_picked":["Envenom","Corpse Explosion"],"picked":"Bullet Time","floor":33.0},{"not_picked":["Poisoned Stab+1","Caltrops"],"picked":"Deadly Poison","floor":35.0},{"not_picked":["Finisher+1","Acrobatics"],"picked":"Prepared","floor":36.0},{"not_picked":["Good Instincts","Madness"],"picked":"Discovery","floor":37.0},{"not_picked":["Terror","Blade Dance"],"picked":"Phantasmal Killer","floor":39.0},{"not_picked":["Dagger Spray","All Out Attack","Escape Plan"],"picked":"SKIP","floor":41},{"not_picked":["Blur","Backstab"],"picked":"Cloak And Dagger","floor":44},{"not_picked":["Setup","Outmaneuver+1"],"picked":"Terror","floor":47},{"not_picked":["Backstab+1","Slice"],"picked":"Deadly Poison+1","floor":48},{"not_picked":["Outmaneuver+1","Blur"],"picked":"Noxious Fumes","floor":49}],"player_experience":987572,"relics_obtained":[{"floor":7.0,"key":"Pen Nib"},{"floor":9.0,"key":"Potion Belt"},{"floor":11.0,"key":"Odd Mushroom"},{"floor":14.0,"key":"Ancient Tea Set"},{"floor":21.0,"key":"Enchiridion"},{"floor":25.0,"key":"Dead Branch"},{"floor":26.0,"key":"Ninja Scroll"},{"floor":28.0,"key":"CaptainsWheel"},{"floor":34.0,"key":"Toy Ornithopter"},{"floor":34.0,"key":"White Beast Statue"},{"floor":34.0,"key":"TungstenRod"},{"floor":41,"key":"Bottled Lightning"},{"floor":43,"key":"Snake Skull"},{"floor":44,"key":"Paper Crane"},{"floor":47,"key":"Dream Catcher"}],"event_choices":[{"damage_healed":0.0,"max_hp_gain":0.0,"max_hp_loss":0.0,"gold_gain":0.0,"cards_transformed":["Strike_G"],"event_name":"Living Wall","player_choice":"Change","floor":5.0,"gold_loss":0.0,"damage_taken":0.0,"cards_obtained":["Backstab"]},{"damage_healed":0.0,"max_hp_gain":5.0,"max_hp_loss":0.0,"gold_gain":0.0,"event_name":"Big Fish","player_choice":"Donut","floor":8.0,"gold_loss":0.0,"damage_taken":0.0},{"damage_healed":0.0,"max_hp_gain":0.0,"max_hp_loss":0.0,"gold_gain":0.0,"event_name":"Mushrooms","player_choice":"Fought Mushrooms","floor":11.0,"gold_loss":0.0,"damage_taken":0.0},{"damage_healed":0.0,"max_hp_gain":0.0,"max_hp_loss":0.0,"gold_gain":0.0,"event_name":"Cursed Tome","player_choice":"Obtained Book","floor":21.0,"gold_loss":0.0,"damage_taken":16.0},{"damage_healed":0.0,"max_hp_gain":5.0,"max_hp_loss":0.0,"gold_gain":0.0,"event_name":"Forgotten Altar","player_choice":"Shed Blood","floor":30.0,"gold_loss":0.0,"damage_taken":19.0},{"damage_healed":0.0,"max_hp_gain":0.0,"max_hp_loss":0.0,"gold_gain":0.0,"event_name":"SensoryStone","player_choice":"Memory 1","floor":37.0,"gold_loss":0.0,"damage_taken":0.0},{"damage_healed":0.0,"max_hp_gain":0.0,"max_hp_loss":0.0,"gold_gain":0.0,"event_name":"SecretPortal","player_choice":"Ignored","floor":38.0,"gold_loss":0.0,"damage_taken":0.0}],"is_beta":false,"boss_relics":[{"not_picked":["Sozu","Coffee Dripper"],"picked":"Runic Pyramid"},{"not_picked":["Astrolabe","Busted Crown"],"picked":"Calling Bell"}],"items_purged_floors":[19,45],"is_endless":false,"potions_floor_spawned":[1,3,4,11,18,20,22,28,31,35,36,39,41,44,47,48],"ascension_level":5}}