{"host":"opg65mucj6ra7dr1","time":1610624081,"event":{"mods":["BaseMod","DeckTracker","Keyboard Shortcuts","Minty Spire (QoL Compilation)","Permanent Neow","Quick Restart","everything is the same but u backflip on backflip"],"gold_per_floor":[113,93,111,44,57,57,82,82,82,82,114,133,133,133,133,234,234,252,68,167,187,287,287,319,338,338,338,363,363,375,375,375,375,375],"floor_reached":33,"language":"KOR","playtime":881,"items_purged":["Strike_G"],"score":426,"play_id":"5ad10c95-b076-40de-be2c-c37b2dd6bf98","local_time":"20210114203441","is_ascension_mode":true,"campfire_choices":[{"data":"Dash","floor":6.0,"key":"SMITH"},{"data":"Noxious Fumes","floor":8.0,"key":"SMITH"},{"data":"Dagger Spray","floor":10.0,"key":"SMITH"},{"data":"Predator","floor":15.0,"key":"SMITH"},{"data":"Footwork","floor":23,"key":"SMITH"},{"floor":27,"key":"REST"},{"floor":32,"key":"REST"}],"circlet_count":0,"master_deck":["Strike_G","Strike_G","Strike_G","Defend_G","Defend_G","Defend_G","Defend_G","Defend_G","Survivor","Neutralize","Dash+1","Blur","Noxious Fumes+1","Dagger Spray+1","Bouncing Flask","PiercingWail","Predator+1","Die Die Die","Footwork+1","Bouncing Flask","Deadly Poison","Blur+1","Corpse Explosion","Calculated Gamble"],"relics":["Ring of the Snake","Juzu Bracelet","Ninja Scroll","Bronze Scales","Centennial Puzzle","Black Star","Omamori","Matryoshka","Oddly Smooth Stone","Molten Egg 2","Calipers","Bag of Preparation","HornCleat"],"acts_visited":["Exordium","TheCity"],"potions_floor_usage":[16,16,16,24,28,30,33],"damage_taken":[{"damage":1.0,"enemies":"Cultist","floor":1.0,"turns":4.0},{"damage":2.0,"enemies":"2 Louse","floor":3.0,"turns":3.0},{"damage":0.0,"enemies":"Jaw Worm","floor":5.0,"turns":4.0},{"damage":10.0,"enemies":"3 Sentries","floor":7.0,"turns":9.0},{"damage":11.0,"enemies":"Gremlin Nob","floor":11.0,"turns":4.0},{"damage":1.0,"enemies":"Blue Slaver","floor":12.0,"turns":3.0},{"damage":0,"enemies":"Slime Boss","floor":16,"turns":4},{"damage":13,"enemies":"Spheric Guardian","floor":18,"turns":4},{"damage":5,"enemies":"Chosen","floor":21,"turns":4},{"damage":22,"enemies":"Slavers","floor":24,"turns":7},{"damage":9,"enemies":"Snecko","floor":25,"turns":4},{"damage":24,"enemies":"Gremlin Leader","floor":28,"turns":6},{"damage":9,"enemies":"Centurion and Healer","floor":30,"turns":7},{"damage":6,"enemies":"Champ","floor":33,"turns":14}],"seed_played":"-3321671644625526613","potions_obtained":[{"floor":1.0,"key":"PowerPotion"},{"floor":2.0,"key":"GamblersBrew"},{"floor":5.0,"key":"FearPotion"},{"floor":11.0,"key":"FearPotion"},{"floor":12.0,"key":"DistilledChaos"},{"floor":21,"key":"GhostInAJar"},{"floor":25,"key":"SkillPotion"},{"floor":28,"key":"Block Potion"},{"floor":30,"key":"GamblersBrew"}],"is_trial":false,"path_per_floor":["M","?","M","$","M","R","E","R","T","R","E","M","?","?","R","B",null,"M","$","?","M","?","R","E","M","T","R","E","?","M","?","R","B"],"character_chosen":"THE_SILENT","items_purchased":["Noxious Fumes","Footwork","Bouncing Flask"],"campfire_rested":2,"item_purchase_floors":[4,19,19],"current_hp_per_floor":[69,69,67,67,67,67,57,57,57,57,46,45,45,45,45,45,64,51,51,51,46,46,46,24,15,15,36,12,12,3,3,24,18,18],"gold":375,"neow_bonus":"RANDOM_COMMON_RELIC","is_daily":false,"chose_seed":false,"campfire_upgraded":5,"win_rate":0.0,"timestamp":1610624081,"path_taken":["M","?","M","?","M","R","E","R","T","R","E","M","?","?","R","BOSS","M","$","?","M","?","R","E","M","T","R","E","?","M","?","R","BOSS"],"items_purchased_type":["Card","Card","Card"],"build_version":"2020-12-22","purchased_purges":1,"victory":false,"max_hp_per_floor":[70,70,70,70,70,70,70,70,70,70,70,70,70,70,70,70,70,70,70,70,70,70,70,70,70,70,70,70,70,70,70,70,70,70],"card_choices":[{"not_picked":["Distraction","Slice"],"picked":"Dash","floor":1.0},{"not_picked":["Masterful Stab","Sucker Punch"],"picked":"Blur","floor":3.0},{"not_picked":["Setup","Dagger Throw"],"picked":"Dagger Spray","floor":5.0},{"not_picked":["Backstab","Outmaneuver","Terror"],"picked":"SKIP","floor":7.0},{"not_picked":["Blade Dance","Dodge and Roll"],"picked":"Bouncing Flask","floor":11.0},{"not_picked":["Deflect","Underhanded Strike"],"picked":"PiercingWail","floor":12.0},{"not_picked":["Malaise","Envenom"],"picked":"Die Die Die","floor":16},{"not_picked":["Slice+1","PiercingWail","Backstab"],"picked":"SKIP","floor":18},{"not_picked":["Infinite Blades","Dagger Throw"],"picked":"Deadly Poison","floor":21},{"not_picked":["Setup","Bouncing Flask"],"picked":"Blur+1","floor":24},{"not_picked":["Flying Knee","Prepared+1","Slice+1"],"picked":"SKIP","floor":25},{"not_picked":["Acrobatics","Cloak And Dagger"],"picked":"Corpse Explosion","floor":28},{"not_picked":["PiercingWail","Terror"],"picked":"Calculated Gamble","floor":30}],"player_experience":111052,"relics_obtained":[{"floor":7.0,"key":"Ninja Scroll"},{"floor":9.0,"key":"Bronze Scales"},{"floor":11.0,"key":"Centennial Puzzle"},{"floor":24,"key":"Omamori"},{"floor":24,"key":"Matryoshka"},{"floor":26,"key":"Oddly Smooth Stone"},{"floor":26,"key":"Molten Egg 2"},{"floor":28,"key":"Calipers"},{"floor":28,"key":"Bag of Preparation"}],"event_choices":[{"damage_healed":0.0,"max_hp_gain":0.0,"max_hp_loss":0.0,"gold_gain":0.0,"event_name":"The Woman in Blue","player_choice":"Bought 1 Potion","floor":2.0,"gold_loss":0.0,"damage_taken":0.0},{"damage_healed":0.0,"max_hp_gain":0.0,"max_hp_loss":0.0,"gold_gain":0.0,"event_name":"Liars Game","player_choice":"Ignored","floor":13.0,"gold_loss":0.0,"damage_taken":0.0},{"damage_healed":0.0,"max_hp_gain":0.0,"max_hp_loss":0.0,"gold_gain":0.0,"cards_transformed":["Strike_G"],"event_name":"Transmorgrifier","player_choice":"Transformed","floor":14.0,"gold_loss":0.0,"damage_taken":0.0,"cards_obtained":["Predator"]},{"damage_healed":0,"gold_gain":99,"player_choice":"Stole From Cult","damage_taken":0,"max_hp_gain":0,"max_hp_loss":0,"event_name":"Nest","floor":20,"gold_loss":0},{"damage_healed":0,"gold_gain":100,"player_choice":"Pray","damage_taken":0,"max_hp_gain":0,"max_hp_loss":0,"event_name":"Golden Shrine","floor":22,"gold_loss":0},{"damage_healed":0,"gold_gain":0,"player_choice":"Ignored","damage_taken":0,"max_hp_gain":0,"max_hp_loss":0,"event_name":"Vampires","floor":29,"gold_loss":0},{"damage_healed":0,"gold_gain":0,"player_choice":"Opened","damage_taken":0,"relics_obtained":["HornCleat"],"max_hp_gain":0,"max_hp_loss":0,"event_name":"The Mausoleum","floor":31,"gold_loss":0,"cards_obtained":["Writhe"]}],"is_beta":false,"boss_relics":[{"not_picked":["HoveringKite","Astrolabe"],"picked":"Black Star"}],"items_purged_floors":[19],"is_endless":false,"potions_floor_spawned":[1,5,11,12,21,25,28,30],"killed_by":"Champ","ascension_level":5}}