{"host":"jf9sa0j18a3cnoxw","time":1610604567,"event":{"mods":["Act Like it!","Bartender","BaseMod","Minty Spire (QoL Compilation)","Relic Stats","Replay The Spire","StSLib","The Bug Knight","The Saiyan"],"gold_per_floor":[87,87,64,64,81,108,124,124,124,124,139,139,90,105,105,105,105],"floor_reached":16,"language":"ENG","playtime":884,"items_purged":[],"score":125,"play_id":"3ac0bd8b-0d19-43e9-8572-69c68b987778","local_time":"20210114010927","is_ascension_mode":false,"campfire_choices":[{"floor":8,"key":"DIG"},{"data":"Saiyan:AugmentedBlast","floor":15,"key":"SMITH"}],"circlet_count":0,"master_deck":["Saiyan:SAIYA_Strike","Saiyan:SAIYA_Strike","Saiyan:SAIYA_Strike+1","Saiyan:SAIYA_Strike","Saiyan:SAIYA_Defend","Saiyan:SAIYA_Defend","Saiyan:SAIYA_Defend","Saiyan:EnergyBlast","Saiyan:KaioKen","Saiyan:RuthlessBlow","Saiyan:PlotArmor","Saiyan:TurtleShell","Saiyan:ThirstForFight","Saiyan:DoubleMasenko+1","Saiyan:KiStrike","Saiyan:BurningSoul","Saiyan:ExtremeSpeed","Saiyan:FingerParry","Saiyan:AugmentedBlast+1"],"relics":["SaiyanSoul","SaiyanHeart","NeowsBlessing","Replay:Multitool","Replay:Baseball","Du-Vu Doll"],"acts_visited":["Exordium"],"potions_floor_usage":[16,16],"damage_taken":[{"damage":0,"enemies":"2 Louse","floor":1,"turns":1},{"damage":0,"enemies":"Cultist","floor":5,"turns":1},{"damage":0,"enemies":"3 Sentries","floor":6,"turns":1},{"damage":0,"enemies":"Jaw Worm","floor":7,"turns":3},{"damage":4,"enemies":"Blue Slaver","floor":11,"turns":3},{"damage":0,"enemies":"3 Louse","floor":14,"turns":2},{"damage":49,"enemies":"Slime Boss","floor":16,"turns":11}],"seed_played":"7954363007138396309","potions_obtained":[{"floor":1,"key":"Languid Potion"},{"floor":7,"key":"Reflective Coating"},{"floor":11,"key":"Swift Potion"},{"floor":14,"key":"PowerPotion"}],"is_trial":false,"path_per_floor":["M","?","$","?","M","E","M","R","T","?","M","R","$","M","R","B"],"character_chosen":"SAIYAJIN","items_purchased":["Saiyan:TurtleShell","Saiyan:FingerParry"],"campfire_rested":0,"item_purchase_floors":[3,13],"current_hp_per_floor":[60,60,60,60,60,60,60,60,60,60,58,46,46,47,47,0,0],"gold":105,"neow_bonus":"THREE_ENEMY_KILL","is_daily":false,"chose_seed":false,"campfire_upgraded":1,"win_rate":0.0,"timestamp":1610604567,"path_taken":["M","?","$","?","M","E","?","R","T","?","?","R","$","M","R","BOSS"],"items_purchased_type":["Card","Card"],"build_version":"2020-12-22","purchased_purges":0,"victory":false,"max_hp_per_floor":[60,60,60,60,60,60,60,60,60,60,62,62,62,63,63,64,64],"relic_stats":{"counters":[7,22],"obtain_stats":[{"Du-Vu Doll":9,"Replay:Baseball":8,"NeowsBlessing":0,"SaiyanSoul":0,"SaiyanHeart":0,"Replay:Multitool":6},{"Du-Vu Doll":4,"Replay:Baseball":4,"NeowsBlessing":0,"SaiyanSoul":0,"SaiyanHeart":0,"Replay:Multitool":3},{"Du-Vu Doll":6,"Replay:Baseball":6,"NeowsBlessing":0,"SaiyanSoul":0,"SaiyanHeart":0,"Replay:Multitool":3}]},"card_choices":[{"not_picked":["Saiyan:Teleport","Saiyan:Quickening"],"picked":"Saiyan:PlotArmor","floor":1},{"not_picked":["Saiyan:Afterimage","Saiyan:Honing"],"picked":"Saiyan:DoubleMasenko","floor":5},{"not_picked":["Saiyan:Overexert","Saiyan:TransfigurationBeam"],"picked":"Saiyan:KiStrike","floor":6},{"not_picked":["Saiyan:Scouter","Saiyan:AugmentedBlast"],"picked":"Saiyan:BurningSoul","floor":7},{"not_picked":["Saiyan:Afterimage","Saiyan:KameHameHa"],"picked":"Saiyan:ExtremeSpeed","floor":11},{"not_picked":["Saiyan:TurtleShell","Saiyan:Scouter"],"picked":"Saiyan:AugmentedBlast","floor":14}],"player_experience":118876,"relics_obtained":[{"floor":6,"key":"Replay:Multitool"},{"floor":8,"key":"Replay:Baseball"},{"floor":9,"key":"Du-Vu Doll"}],"event_choices":[{"damage_healed":0,"gold_gain":0,"player_choice":"Leave","damage_taken":0,"max_hp_gain":0,"max_hp_loss":0,"event_name":"The Cleric","floor":2,"gold_loss":0},{"damage_healed":0,"gold_gain":0,"cards_transformed":["Saiyan:SAIYA_Defend"],"player_choice":"Transformed","damage_taken":0,"max_hp_gain":0,"max_hp_loss":0,"event_name":"Transmorgrifier","floor":4,"gold_loss":0,"cards_obtained":["Saiyan:ThirstForFight"]},{"damage_healed":0,"gold_gain":0,"player_choice":"Bought 0 Potions","damage_taken":0,"max_hp_gain":0,"max_hp_loss":0,"event_name":"The Woman in Blue","floor":10,"gold_loss":0},{"damage_healed":0,"gold_gain":0,"player_choice":"Entered Light","damage_taken":12,"max_hp_gain":0,"max_hp_loss":0,"event_name":"Shining Light","floor":12,"gold_loss":0,"cards_upgraded":["Saiyan:DoubleMasenko","Saiyan:SAIYA_Strike"]}],"is_beta":false,"boss_relics":[],"items_purged_floors":[],"is_endless":false,"potions_floor_spawned":[1,7,11,14],"killed_by":"Slime Boss","ascension_level":0}}