{"host":"utcbn1j9ebmpc40m","time":1610664253,"event":{"mods":["BaseMod","Better Altar","Better Match","GifTheSpireLib","Minty Spire (QoL Compilation)","Poor People Problems","StSLib","SuperFastMode","The IronCluck","The Servant 0.9.4"],"gold_per_floor":[110,128,128,128,138,166,166,186,186,211,18,30,30,49,49,149,149,160,174,174,27,46,72,52,80,80,97,113,113,113,126,126,222,222,240,240,240,255,105,134,134,134,159,173,173,185,205,205,205],"floor_reached":48,"language":"ENG","playtime":980,"items_purged":["Strike_R"],"score":846,"play_id":"58f3cc45-e76f-468d-98e6-5ce44c5d7a88","local_time":"20210114174413","is_ascension_mode":true,"campfire_choices":[{"floor":7,"key":"REST"},{"data":"Inflame","floor":13,"key":"SMITH"},{"floor":15,"key":"REST"},{"floor":30,"key":"REST"},{"floor":32,"key":"REST"},{"floor":41,"key":"REST"},{"data":"Rage","floor":45,"key":"SMITH"}],"circlet_count":0,"master_deck":["AscendersBane","Strike_R","Strike_R+1","Strike_R","Strike_R","Defend_R+1","Bash","Flame Barrier+1","Uppercut","Blood for Blood","Shrug It Off+1","Inflame+1","Heavy Blade","Infernal Blade","Demon Form","Twin Strike+1","True Grit","Power Through","Shockwave+1","Havoc+1","Reaper","Corruption","CurseOfTheBell","Armaments+1","Evolve","Cleave+1","Rage+1","Dark Embrace","Entrench+1","Fire Breathing","Feel No Pain","Heavy Blade+1","Flex+1"],"relics":["Empty Cage","Bronze Scales","HornCleat","FossilizedHelix","Pen Nib","Mark of Pain","Enchiridion","Thread and Needle","Orichalcum","Mercury Hourglass","Calling Bell","War Paint","Paper Frog","Peace Pipe","Prayer Wheel","Red Skull"],"acts_visited":["Exordium","TheCity","TheBeyond","TheBeyond"],"potions_floor_usage":[10,16,16,22,25,25,33,33,33,40],"damage_taken":[{"damage":11,"enemies":"2 Louse","floor":1,"turns":3},{"damage":1,"enemies":"Cultist","floor":2,"turns":4},{"damage":3,"enemies":"Small Slimes","floor":5,"turns":3},{"damage":24,"enemies":"Gremlin Nob","floor":6,"turns":4},{"damage":11,"enemies":"Looter","floor":8,"turns":2},{"damage":24,"enemies":"Lagavulin","floor":10,"turns":6},{"damage":0,"enemies":"Lots of Slimes","floor":12,"turns":3},{"damage":0,"enemies":"2 Fungi Beasts","floor":14,"turns":3},{"damage":4,"enemies":"Hexaghost","floor":16,"turns":7},{"damage":30,"enemies":"2 Thieves","floor":18,"turns":4},{"damage":0,"enemies":"Shell Parasite","floor":19,"turns":2},{"damage":8,"enemies":"Snake Plant","floor":22,"turns":3},{"damage":12,"enemies":"Gremlin Leader","floor":23,"turns":4},{"damage":0,"enemies":"Book of Stabbing","floor":25,"turns":4},{"damage":0,"enemies":"Sentry and Sphere","floor":27,"turns":5},{"damage":0,"enemies":"Centurion and Healer","floor":28,"turns":7},{"damage":0,"enemies":"Snecko","floor":31,"turns":4},{"damage":32,"enemies":"Collector","floor":33,"turns":7},{"damage":8,"enemies":"3 Shapes","floor":35,"turns":4},{"damage":0,"enemies":"3 Darklings","floor":38,"turns":8},{"damage":25,"enemies":"Nemesis","floor":40,"turns":7},{"damage":8,"enemies":"Maw","floor":44,"turns":6},{"damage":22,"enemies":"4 Shapes","floor":46,"turns":4},{"damage":0,"enemies":"Sphere and 2 Shapes","floor":47,"turns":4},{"damage":56,"enemies":"Reptomancer","floor":48,"turns":2}],"seed_played":"4439979309313921096","potions_obtained":[{"floor":1,"key":"Dexterity Potion"},{"floor":2,"key":"ElixirPotion"},{"floor":6,"key":"CultistPotion"},{"floor":10,"key":"BloodPotion"},{"floor":19,"key":"DistilledChaos"},{"floor":23,"key":"DistilledChaos"},{"floor":24,"key":"Block Potion"},{"floor":25,"key":"Explosive Potion"},{"floor":28,"key":"Weak Potion"},{"floor":33,"key":"LiquidBronze"},{"floor":35,"key":"Regen Potion"},{"floor":40,"key":"Energy Potion"}],"is_trial":false,"path_per_floor":["M","M","?","?","M","E","R","M","T","E","$","M","R","M","R","B",null,"M","M","?","$","M","E","?","E","T","M","M","?","R","M","R","B",null,"M","?","$","M","$","E","R","?","T","M","R","M","M","E"],"character_chosen":"IRONCLAD","items_purchased":["Pen Nib","Inflame","Power Through","Rage","Dark Embrace"],"campfire_rested":5,"item_purchase_floors":[11,11,21,39,39],"current_hp_per_floor":[61,60,44,80,77,53,77,66,66,42,42,42,42,42,66,76,79,49,49,33,33,25,13,13,13,13,13,13,39,63,63,80,54,79,71,71,71,80,80,55,79,79,79,72,72,50,50,0,0],"gold":205,"neow_bonus":"BOSS_RELIC","is_daily":false,"chose_seed":false,"campfire_upgraded":2,"win_rate":0.0,"timestamp":1610664253,"path_taken":["M","M","?","?","M","E","R","M","T","E","$","?","R","M","R","BOSS","M","M","?","$","M","E","?","E","T","?","M","?","R","M","R","BOSS","M","?","$","?","$","E","R","?","T","M","R","M","M","E"],"items_purchased_type":["Relic","Card","Card","Card","Card"],"build_version":"2020-12-22","purchased_purges":1,"victory":false,"max_hp_per_floor":[80,80,80,80,80,80,80,80,80,80,80,80,80,80,80,80,80,80,80,80,80,80,80,80,80,80,80,80,80,80,80,80,80,80,80,80,80,80,80,80,80,80,80,80,80,80,80,80,80],"card_choices":[{"not_picked":["Dropkick","Heavy Blade"],"picked":"Flame Barrier","floor":1},{"not_picked":["True Grit","Shockwave"],"picked":"Uppercut","floor":2},{"not_picked":["Perfected Strike","Uppercut"],"picked":"Clash","floor":5},{"not_picked":["Searing Blow","Intimidate"],"picked":"Blood for Blood","floor":6},{"not_picked":["Feel No Pain","Shockwave"],"picked":"Shrug It Off","floor":8},{"not_picked":["Battle Trance","Iron Wave","Metallicize"],"picked":"SKIP","floor":10},{"not_picked":["Wild Strike","Flex"],"picked":"Heavy Blade","floor":12},{"not_picked":["Shrug It Off","Reckless Charge"],"picked":"Infernal Blade","floor":14},{"not_picked":["Brutality","Berserk"],"picked":"Demon Form","floor":16},{"not_picked":["Heavy Blade","Cleave"],"picked":"Twin Strike+1","floor":18},{"not_picked":["Iron Wave+1","Clash"],"picked":"True Grit","floor":19},{"not_picked":["Sever Soul","Havoc"],"picked":"Shockwave+1","floor":22},{"not_picked":["Power Through","Anger+1","Clash"],"picked":"SKIP","floor":23},{"not_picked":["Heavy Blade","Infernal Blade"],"picked":"Havoc+1","floor":25},{"not_picked":["Clash","Thunderclap+1","Dark Embrace"],"picked":"SKIP","floor":27},{"not_picked":["Cleave+1","Anger+1"],"picked":"Reaper","floor":28},{"not_picked":["Clothesline+1","Anger","Heavy Blade"],"picked":"SKIP","floor":31},{"not_picked":["Feed","Demon Form"],"picked":"Corruption","floor":33},{"not_picked":["Perfected Strike","Dual Wield"],"picked":"Armaments+1","floor":35},{"not_picked":["Iron Wave","Shockwave+1"],"picked":"Cleave+1","floor":38},{"not_picked":["Brutality","Flex+1"],"picked":"Entrench+1","floor":40},{"not_picked":["Anger","Rampage+1"],"picked":"Fire Breathing","floor":44},{"not_picked":["Shrug It Off","Reckless Charge+1","Inflame"],"picked":"SKIP","floor":44},{"not_picked":["Thunderclap+1","Havoc+1"],"picked":"Feel No Pain","floor":46},{"not_picked":["Cleave+1","Evolve+1"],"picked":"Heavy Blade+1","floor":46},{"not_picked":["Heavy Blade+1","True Grit"],"picked":"Flex+1","floor":47},{"not_picked":["Cleave+1","Clash+1","Iron Wave"],"picked":"SKIP","floor":47}],"player_experience":485111,"relics_obtained":[{"floor":6,"key":"Bronze Scales"},{"floor":9,"key":"HornCleat"},{"floor":10,"key":"FossilizedHelix"},{"floor":20,"key":"Enchiridion"},{"floor":23,"key":"Thread and Needle"},{"floor":25,"key":"Orichalcum"},{"floor":26,"key":"Mercury Hourglass"},{"floor":34,"key":"War Paint"},{"floor":34,"key":"Paper Frog"},{"floor":34,"key":"Peace Pipe"},{"floor":40,"key":"Prayer Wheel"},{"floor":43,"key":"Red Skull"}],"event_choices":[{"damage_healed":0,"gold_gain":0,"player_choice":"Entered Light","damage_taken":16,"max_hp_gain":0,"max_hp_loss":0,"event_name":"Shining Light","floor":3,"gold_loss":0,"cards_upgraded":["Strike_R","Flame Barrier"]},{"damage_healed":36,"gold_gain":0,"player_choice":"Full Heal","damage_taken":0,"max_hp_gain":0,"max_hp_loss":0,"event_name":"Wheel of Change","floor":4,"gold_loss":0},{"damage_healed":0,"gold_gain":0,"player_choice":"Obtained Book","damage_taken":16,"max_hp_gain":0,"max_hp_loss":0,"event_name":"Cursed Tome","floor":20,"gold_loss":0},{"damage_healed":0,"gold_gain":0,"player_choice":"Bought 1 Potion","damage_taken":0,"max_hp_gain":0,"max_hp_loss":0,"event_name":"The Woman in Blue","floor":24,"gold_loss":0},{"damage_healed":26,"gold_gain":0,"player_choice":"Heal","damage_taken":0,"max_hp_gain":0,"max_hp_loss":0,"event_name":"The Library","floor":29,"gold_loss":0},{"damage_healed":0,"gold_gain":0,"cards_transformed":["Clash"],"player_choice":"Transformed","damage_taken":0,"max_hp_gain":0,"max_hp_loss":0,"event_name":"Transmorgrifier","floor":36,"gold_loss":0,"cards_obtained":["Evolve"]},{"cards_removed":["Defend_R"],"damage_healed":0,"gold_gain":0,"player_choice":"Removed Skill","damage_taken":0,"max_hp_gain":0,"max_hp_loss":0,"event_name":"Falling","floor":42,"gold_loss":0}],"is_beta":false,"boss_relics":[{"not_picked":["Runic Dome","Ectoplasm"],"picked":"Mark of Pain"},{"not_picked":["Runic Cube","Philosopher\u0027s Stone"],"picked":"Calling Bell"}],"items_purged_floors":[21],"is_endless":false,"potions_floor_spawned":[1,2,6,10,19,23,25,28,33,35,40],"killed_by":"Reptomancer","ascension_level":10}}