{"host":"g2yp6paluzgljz05","time":1610630841,"event":{"mods":["BaseMod","Bestiary","Colored Powertips","DeckTracker","Highlight Path","Minty Spire (QoL Compilation)","Quick Restart"],"gold_per_floor":[116,128,128,17,17,17,55,67,105,130,92,118,143,173,185,327,339,291,303,265,281,281,281,281,281],"floor_reached":24,"language":"ENG","playtime":1143,"items_purged":["Strike_B","Dualcast"],"score":213,"play_id":"bf5429a2-d936-44d4-a553-02b39182bb7f","local_time":"20210115002721","is_ascension_mode":true,"campfire_choices":[{"data":"Defragment","floor":6,"key":"SMITH"},{"floor":8,"key":"REST"},{"floor":15,"key":"REST"},{"data":"Buffer","floor":23,"key":"SMITH"}],"circlet_count":0,"master_deck":["Defend_B","Defend_B","Zap","White Noise","Defragment+1","FTL","White Noise","Storm","Coolheaded","Creative AI","Buffer+1","Chaos+1"],"relics":["Cracked Core","Bloody Idol","MawBank","Smiling Mask","Inserter"],"acts_visited":["Exordium","TheCity"],"potions_floor_usage":[16,24],"damage_taken":[{"damage":11,"enemies":"Jaw Worm","floor":1,"turns":4},{"damage":0,"enemies":"2 Louse","floor":2,"turns":4},{"damage":14,"enemies":"Gremlin Nob","floor":7,"turns":4},{"damage":0,"enemies":"Cultist","floor":10,"turns":4},{"damage":0,"enemies":"Large Slime","floor":12,"turns":4},{"damage":11,"enemies":"Looter","floor":13,"turns":2},{"damage":9,"enemies":"Red Slaver","floor":14,"turns":3},{"damage":9,"enemies":"Slime Boss","floor":16,"turns":9},{"damage":37,"enemies":"2 Thieves","floor":18,"turns":4},{"damage":8,"enemies":"3 Byrds","floor":21,"turns":3},{"damage":35,"enemies":"Slavers","floor":24,"turns":3}],"seed_played":"-2191551978137739091","potions_obtained":[{"floor":10,"key":"Block Potion"},{"floor":12,"key":"LiquidMemories"},{"floor":13,"key":"FearPotion"},{"floor":16,"key":"BlessingOfTheForge"}],"is_trial":false,"path_per_floor":["M","M","?","$","?","R","E","R","T","M","?","M","M","M","R","B",null,"M","?","$","M","?","R","E"],"character_chosen":"DEFECT","items_purchased":["FTL"],"campfire_rested":2,"item_purchase_floors":[4],"current_hp_per_floor":[43,43,36,36,36,36,22,42,42,42,42,42,31,22,42,33,69,32,32,37,34,34,34,0,0],"gold":281,"neow_bonus":"REMOVE_TWO","is_daily":false,"chose_seed":false,"campfire_upgraded":2,"win_rate":0.0,"timestamp":1610630841,"path_taken":["M","M","?","$","?","R","E","R","T","M","?","?","M","M","R","BOSS","M","?","$","M","?","R","E"],"items_purchased_type":["Card"],"build_version":"2020-12-22","purchased_purges":2,"victory":false,"max_hp_per_floor":[75,75,75,75,69,69,69,69,69,69,69,69,69,69,69,69,69,69,69,69,69,69,69,69,69],"card_choices":[{"not_picked":["Sweeping Beam","Turbo"],"picked":"White Noise","floor":1},{"not_picked":["Streamline","Steam"],"picked":"Defragment","floor":2},{"not_picked":["Turbo","Go for the Eyes"],"picked":"White Noise","floor":7},{"not_picked":["Barrage","Capacitor"],"picked":"Storm","floor":10},{"not_picked":["Compile Driver","Gash"],"picked":"Coolheaded","floor":12},{"not_picked":["Steam","Go for the Eyes"],"picked":"Creative AI","floor":13},{"not_picked":["Fusion","Hologram","Undo"],"picked":"SKIP","floor":14},{"not_picked":["Fission","Rainbow"],"picked":"Buffer","floor":16},{"not_picked":["Redo","Streamline","Lockon"],"picked":"SKIP","floor":18},{"not_picked":["Aggregate","Melter"],"picked":"Chaos+1","floor":21}],"player_experience":184746,"relics_obtained":[{"floor":7,"key":"MawBank"},{"floor":9,"key":"Smiling Mask"}],"event_choices":[{"cards_removed":["Strike_B"],"damage_healed":0,"gold_gain":0,"player_choice":"Card Removal","damage_taken":7,"max_hp_gain":0,"max_hp_loss":0,"event_name":"Golden Wing","floor":3,"gold_loss":0},{"damage_healed":0,"gold_gain":0,"player_choice":"Lose Max HP","damage_taken":0,"relics_obtained":["Golden Idol"],"max_hp_gain":0,"max_hp_loss":6,"event_name":"Golden Idol","floor":5,"gold_loss":0},{"cards_removed":["Defend_B"],"damage_healed":0,"gold_gain":0,"player_choice":"Card Removal","damage_taken":0,"max_hp_gain":0,"max_hp_loss":0,"event_name":"The Cleric","floor":11,"gold_loss":50},{"damage_healed":0,"gold_gain":0,"player_choice":"Gave Idol","damage_taken":0,"relics_obtained":["Bloody Idol"],"max_hp_gain":0,"max_hp_loss":0,"event_name":"Forgotten Altar","floor":19,"relics_lost":["Golden Idol"],"gold_loss":0},{"cards_removed":["Defend_B"],"damage_healed":0,"gold_gain":0,"player_choice":"Elegance","damage_taken":0,"max_hp_gain":0,"max_hp_loss":0,"event_name":"Back to Basics","floor":22,"gold_loss":0}],"is_beta":false,"boss_relics":[{"not_picked":["Black Star","SacredBark"],"picked":"Inserter"}],"items_purged_floors":[4,20],"is_endless":false,"potions_floor_spawned":[10,12,13,16],"killed_by":"Slavers","ascension_level":2}}