{"host":"6jtzbi9kl8x9w6dt","time":1610665371,"event":{"mods":["Act Like it!","Aspiration","BaseMod","BetterRewards","Colored Powertips","Defuse TimeMaze Blight","Downfall","Friendly Minions","Halation","Hallownest","Hermit","Hubris","Marisa????????","Mimic Mod","Minty Spire (QoL Compilation)","Prisma Mod","READ ME - Guardian Mod","StSLib","SuperFastMode","Td1madao Mod","The Animator","The Bladedancer","The Construct","The Cursed","The Disciple","The Hierophant","The Mystic","The Necromancer","The Senshi","The Servant 0.9.4"],"gold_per_floor":[99,114,169,181,206,228,265,296,325,337,360,522,534,538,569,581,581],"floor_reached":16,"language":"ENG","playtime":938,"items_purged":[],"score":121,"play_id":"09f63dad-c869-46b3-8fac-6b4bdc682174","local_time":"20210114150251","is_ascension_mode":false,"campfire_choices":[{"data":"sneckomod:SnekBite","floor":1,"key":"SMITH"},{"floor":10,"key":"RECALL"}],"circlet_count":0,"master_deck":["sneckomod:Strike","sneckomod:Strike","sneckomod:Strike","sneckomod:Defend","sneckomod:Defend","sneckomod:Defend","sneckomod:TailWhip","sneckomod:SnekBite+1","sneckomod:Unknown","sneckomod:Unknown","sneckomod:UnknownClassMYSTIC_PURPLE","sneckomod:Unknown0Cost","sneckomod:Nope","sneckomod:RainOfDice","sneckomod:SoulExchange","sneckomod:UnknownVulnerable","sneckomod:UnknownVulnerable","Slimebound:Icky","sneckomod:UnknownClassCOLOR_ILLYA_PINK","sneckomod:UnknownClassHEXA_GHOST_PURPLE"],"relics":["sneckomod:SneckoSoul","MawBank","Bag of Marbles","hubris:Icosahedron"],"acts_visited":["Exordium"],"potions_floor_usage":[8,8,14,16],"damage_taken":[{"damage":9,"enemies":"Small Slimes","floor":2,"turns":4},{"damage":51,"enemies":"3 Sentries","floor":3,"turns":12},{"damage":0,"enemies":"2 Louse","floor":5,"turns":3},{"damage":0,"enemies":"Cultist","floor":6,"turns":3},{"damage":0,"enemies":"3 Louse","floor":8,"turns":2},{"damage":5,"enemies":"Blue Slaver","floor":9,"turns":6},{"damage":11,"enemies":"Exordium Wildlife","floor":11,"turns":2},{"damage":27,"enemies":"Exordium Thugs","floor":14,"turns":6},{"damage":1,"enemies":"2 Fungi Beasts","floor":15,"turns":3},{"damage":5,"enemies":"downfall:Silent","floor":16,"turns":1}],"seed_played":"-7575204152934968697","potions_obtained":[{"floor":3,"key":"AttackPotion"},{"floor":5,"key":"Block Potion"},{"floor":8,"key":"Block Potion"},{"floor":15,"key":"DistilledChaos"}],"is_trial":false,"path_per_floor":["R","M","?","?","M","M","T","M","M","R","M","?","?","M","M","B"],"character_chosen":"THE_SNECKO","items_purchased":[],"campfire_rested":0,"item_purchase_floors":[],"current_hp_per_floor":[99,91,41,42,42,42,42,42,38,38,28,28,28,2,2,0,0],"gold":581,"neow_bonus":"TEN_PERCENT_HP_BONUS","is_daily":false,"chose_seed":false,"campfire_upgraded":1,"win_rate":0.0,"timestamp":1610665371,"path_taken":["R","M","?","?","M","M","T","?","M","R","M","?","?","M","M","BOSS"],"items_purchased_type":[],"build_version":"2020-12-22","purchased_purges":0,"victory":false,"max_hp_per_floor":[99,100,101,102,102,102,102,102,103,103,104,104,104,105,106,106,106],"card_choices":[{"not_picked":["sneckomod:WideSting","sneckomod:UnknownClassPURPLE"],"picked":"sneckomod:UnknownClassMYSTIC_PURPLE","floor":2},{"not_picked":["sneckomod:UnknownCommonSkill","sneckomod:SoulRoll"],"picked":"sneckomod:UnknownClassMYSTIC_PURPLE","floor":3},{"not_picked":["sneckomod:UnknownVulnerable","sneckomod:QuickBite"],"picked":"sneckomod:Nope","floor":5},{"not_picked":["sneckomod:SoulRoll","sneckomod:UnknownWeak"],"picked":"sneckomod:RainOfDice","floor":6},{"not_picked":["sneckomod:PureSnecko","sneckomod:SoulDraw"],"picked":"sneckomod:SoulExchange","floor":8},{"not_picked":["sneckomod:SoulDraw","sneckomod:UnknownWeak"],"picked":"sneckomod:UnknownVulnerable","floor":9},{"not_picked":["sneckomod:QuickMove","sneckomod:SoulCleanse"],"picked":"sneckomod:UnknownVulnerable","floor":11},{"not_picked":["sneckomod:DiceCrush","sneckomod:IronFang"],"picked":"sneckomod:UnknownClassCOLOR_ILLYA_PINK","floor":14},{"not_picked":["sneckomod:Nope","sneckomod:UnknownBlock"],"picked":"sneckomod:UnknownClassHEXA_GHOST_PURPLE","floor":15}],"player_experience":74461,"relics_obtained":[{"floor":3,"key":"MawBank"},{"floor":7,"key":"Bag of Marbles"}],"event_choices":[{"damage_healed":0,"gold_gain":0,"cards_transformed":["sneckomod:UnknownClassMYSTIC_PURPLE"],"player_choice":"Transformed","damage_taken":0,"max_hp_gain":0,"max_hp_loss":0,"event_name":"Transmorgrifier","floor":4,"gold_loss":0,"cards_obtained":["sneckomod:Unknown0Cost"]}],"is_beta":false,"boss_relics":[],"items_purged_floors":[],"is_endless":false,"potions_floor_spawned":[3,5,8,15],"killed_by":"downfall:Silent","ascension_level":0}}