{"host":"sf9jac3ppl7h88gj","time":1610641652,"event":{"mods":["AchievementEnabler","Ascension Unlocker","BaseMod","Colored Map","Custom Start","Force Act Four","Minty Spire (QoL Compilation)","Replay The Spire","StSLib"],"gold_per_floor":[432,221,242,256,271,271,142,174,174,174,202,214,243,256,256,338,338,351,369,387,406,423,439,456,477,477,508,558,574,574,586,586,663,663,673,693,703,57,57,85,105,119,119,119,137,154,168,201,201,201,201,201,201,67,94,94],"floor_reached":57,"language":"ENG","playtime":37956,"items_purged":[],"score":3061,"play_id":"22b07db0-2395-4e05-8cbb-0d2792ea0494","local_time":"20210114112732","is_ascension_mode":true,"campfire_choices":[{"floor":6,"key":"RECALL"},{"data":"Double Energy","floor":10,"key":"SMITH"},{"data":"Panic Button","floor":10,"key":"SMITH"},{"floor":15,"key":"REST"},{"data":"Rainbow","floor":30,"key":"SMITH"},{"data":"Amplify","floor":30,"key":"SMITH"},{"floor":32,"key":"REST"},{"floor":44,"key":"DIG"},{"floor":49,"key":"DIG"},{"floor":53,"key":"DIG"}],"circlet_count":0,"master_deck":["ReplayTheSpireMod:Private Reserves+1","ReplayTheSpireMod:Private Reserves+1","ReplayTheSpireMod:Private Reserves+1","ReplayTheSpireMod:Private Reserves+1","ReplayTheSpireMod:Private Reserves+1","Creative AI+1","Electrodynamics+1","Buffer+1","Buffer+1","Storm+1","Self Repair+1","Self Repair+1","Heatsinks+1","Capacitor+1","Capacitor+1","Capacitor+1","Fusion+1","Darkness+1","Skim+1","Skim+1","Double Energy+1","Double Energy+1","Double Energy+1","Double Energy+1","Double Energy+1","Genetic Algorithm+1","Genetic Algorithm+1","White Noise+1","White Noise+1","White Noise+1","Redo+1","Tempest+1","Chill+1","Leap+1","Leap+1","Leap+1","Leap+1","Panic Button+1","Dualcast+1","Dualcast+1","Zap+1","Zap+1","Zap+1","Meteor Strike+1","Thunder Strike+1","Doom and Gloom+1","Melter+1","Blizzard+1","Cold Snap+1","Compile Driver+1","Ball Lightning+1","Barrage+1","Double Energy+1","Panic Button+1","Amplify+1","Rainbow+1","Leap+1"],"relics":["Cracked Core","The Courier","Replay:Wax Seal","Blue Doll","Symbiotic Virus","Solar Panel","Smiling Mask","Runic Capacitor","Raider\u0027s Mask","Potion Belt","Old Coin","Omamori","Nuclear Battery","Membership Card","MealTicket","MawBank","Lizard Tail","Inserter","Iron Core","Cables","Emotion Chip","Geode","FrozenCore","DataDisk","CeramicFish","Replay:Arrowhead","ReplayTheSpireMod:Lightbulb","Magic Flower","Mango","ReplayTheSpireMod:Shallot","Replay:Baseball","War Paint","Snecko Eye","HornCleat","Onion Ring","Abe\u0027s Treasure","Shovel","Pear","Art of War","PreservedInsect","FossilizedHelix","Vajra","Mummified Hand","Regal Pillow","InkBottle","Bag of Marbles","Happy Flower","Replay:Rubber Ducky","Kunai","ClockworkSouvenir","Anchor"],"acts_visited":["Exordium","TheCity","TheBeyond","TheEnding"],"potions_floor_usage":[16,16,16,21,22,22,31,37,46,46,50,50,51,56,56,56,56],"damage_taken":[{"damage":0,"enemies":"Cultist","floor":1,"turns":2},{"damage":0,"enemies":"Jaw Worm","floor":3,"turns":1},{"damage":0,"enemies":"2 Louse","floor":4,"turns":1},{"damage":0,"enemies":"Exordium Thugs","floor":5,"turns":3},{"damage":0,"enemies":"Gremlin Nob","floor":8,"turns":2},{"damage":2,"enemies":"Replay:BlueRogue","floor":11,"turns":2},{"damage":0,"enemies":"3 Louse","floor":12,"turns":2},{"damage":0,"enemies":"Gremlin Nob","floor":13,"turns":2},{"damage":0,"enemies":"Exordium Wildlife","floor":14,"turns":1},{"damage":0,"enemies":"The Guardian","floor":16,"turns":2},{"damage":0,"enemies":"3 Byrds","floor":18,"turns":2},{"damage":4,"enemies":"Chosen","floor":19,"turns":2},{"damage":0,"enemies":"Snecko","floor":20,"turns":2},{"damage":11,"enemies":"Centurion and Healer","floor":21,"turns":2},{"damage":0,"enemies":"Sentry and Sphere","floor":22,"turns":2},{"damage":12,"enemies":"Shelled Parasite and Fungi","floor":23,"turns":2},{"damage":3,"enemies":"Snake Plant","floor":24,"turns":2},{"damage":0,"enemies":"Chosen and Byrds","floor":25,"turns":2},{"damage":0,"enemies":"Gremlin Leader","floor":27,"turns":5},{"damage":0,"enemies":"3 Cultists","floor":29,"turns":2},{"damage":14,"enemies":"Centurion and Healer","floor":31,"turns":3},{"damage":0,"enemies":"Champ","floor":33,"turns":8},{"damage":0,"enemies":"3 Darklings","floor":35,"turns":3},{"damage":0,"enemies":"3 Shapes","floor":36,"turns":2},{"damage":0,"enemies":"Writhing Mass","floor":37,"turns":2},{"damage":0,"enemies":"Nemesis","floor":40,"turns":3},{"damage":0,"enemies":"Spire Growth","floor":41,"turns":2},{"damage":0,"enemies":"Sphere and 2 Shapes","floor":42,"turns":2},{"damage":0,"enemies":"Maw","floor":45,"turns":3},{"damage":0,"enemies":"Transient","floor":46,"turns":3},{"damage":1,"enemies":"4 Shapes","floor":47,"turns":3},{"damage":0,"enemies":"R_Hoarder","floor":48,"turns":3},{"damage":0,"enemies":"Donu and Deca","floor":50,"turns":3},{"damage":0,"enemies":"Replay:Hell Engine","floor":51,"turns":6},{"damage":19,"enemies":"Shield and Spear","floor":55,"turns":3},{"damage":12,"enemies":"The Heart","floor":56,"turns":6}],"seed_played":"7006377633331555468","potions_obtained":[{"floor":3,"key":"BlessingOfTheForge"},{"floor":5,"key":"ColorlessPotion"},{"floor":12,"key":"LiquidBronze"},{"floor":16,"key":"FocusPotion"},{"floor":18,"key":"Explosive Potion"},{"floor":20,"key":"FocusPotion"},{"floor":21,"key":"Reflective Coating"},{"floor":23,"key":"Milkshake"},{"floor":29,"key":"LiquidBronze"},{"floor":35,"key":"ColorlessPotion"},{"floor":41,"key":"AttackPotion"},{"floor":47,"key":"Death Potion"},{"floor":48,"key":"FocusPotion"}],"is_trial":true,"path_per_floor":["M","$","M","M","M","R","$","E","T","R","E","M","E","M","R","B",null,"M","M","M","M","M","M","M","M","T","E","?","M","R","M","R","B",null,"M","M","M","$","?","E","M","M","T","R","M","M","M","E","R","B","B",null,"R","$","E","B",null],"character_chosen":"DEFECT","items_purchased":["ReplayTheSpireMod:Lightbulb","Magic Flower","FocusPotion","Mango","Shovel","Pear","Art of War","PreservedInsect","FossilizedHelix","Vajra","Mummified Hand","ClockworkSouvenir","Weak Potion","Weak Potion","Weak Potion"],"campfire_rested":2,"item_purchase_floors":[2,2,2,7,38,38,38,38,38,38,38,54,54,54,54],"current_hp_per_floor":[71,71,71,71,71,71,85,85,85,85,85,85,85,85,85,85,85,85,85,85,83,85,82,79,85,85,85,85,85,85,85,85,85,85,85,85,85,95,95,95,95,95,95,95,95,95,95,95,95,95,95,95,95,95,95,95],"gold":94,"neow_bonus":"","is_daily":false,"chose_seed":false,"campfire_upgraded":4,"win_rate":0.0,"timestamp":1610641652,"path_taken":["M","$","M","M","M","R","$","E","T","R","E","M","E","M","R","BOSS","M","M","M","?","M","M","M","M","T","E","?","M","R","M","R","BOSS","M","M","M","?","?","E","M","M","T","R","M","?","M","E","R","BOSS","BOSS","R","$","E","BOSS"],"items_purchased_type":["Relic","Relic","Potion","Relic","Relic","Relic","Relic","Relic","Relic","Relic","Relic","Relic","Potion","Potion","Potion"],"build_version":"2020-12-22","purchased_purges":0,"victory":true,"max_hp_per_floor":[71,71,71,71,71,71,85,85,85,85,85,85,85,85,85,85,85,85,85,85,85,85,85,85,85,85,85,85,85,85,85,85,85,85,85,85,85,95,95,95,95,95,95,95,95,95,95,95,95,95,95,95,95,95,95,95],"card_choices":[{"not_picked":["Warcry","Chaos"],"picked":"Double Energy","floor":1},{"not_picked":["Aggregate","BasicCrystalCard"],"picked":"Panic Button","floor":3},{"not_picked":["Anger","Redo","Sweeping Beam"],"picked":"SKIP","floor":4},{"not_picked":["Leap","Compile Driver","WeaponsOverheat"],"picked":"SKIP","floor":5},{"not_picked":["ReplayTheSpireMod:System Scan","Go for the Eyes","Lockon"],"picked":"SKIP","floor":8},{"not_picked":["Offering","Stack","Consume"],"picked":"SKIP","floor":11},{"not_picked":["Coolheaded","Iron Wave","Steam"],"picked":"SKIP","floor":12},{"not_picked":["Scrape","Go for the Eyes","Undo"],"picked":"SKIP","floor":13},{"not_picked":["Gash","ReplaySort","Reinforced Body"],"picked":"SKIP","floor":14},{"not_picked":["Fission","Reboot"],"picked":"Amplify","floor":16},{"not_picked":["Compile Driver","Self Repair","BootSequence"],"picked":"SKIP","floor":18},{"not_picked":["FTL+1","Stack+1","Barrage"],"picked":"SKIP","floor":19},{"not_picked":["Barrage","Steam","Ball Lightning"],"picked":"SKIP","floor":20},{"not_picked":["Streamline","ReplayTheSpireMod:System Scan","BasicCrystalCard"],"picked":"SKIP","floor":21},{"not_picked":["Ball Lightning","Compile Driver","Barrage"],"picked":"SKIP","floor":22},{"not_picked":["Skim","Ball Lightning","Capacitor"],"picked":"SKIP","floor":23},{"not_picked":["Barrage","Double Energy","Genetic Algorithm"],"picked":"SKIP","floor":24},{"not_picked":["Defragment","Conserve Battery"],"picked":"Rainbow","floor":25},{"not_picked":["Barrage","Panic Button","ReplaySolidLightProjector"],"picked":"SKIP","floor":27},{"not_picked":["Steam","Self Repair","Chaos"],"picked":"SKIP","floor":29},{"not_picked":["Rebound","ReplayTheSpireMod:GoodbyeWorld","Compile Driver+1"],"picked":"SKIP","floor":31},{"not_picked":["Beam Cell","Leap","Auto Shields"],"picked":"SKIP","floor":35},{"not_picked":["ReplayGash","Streamline"],"picked":"Leap+1","floor":36},{"not_picked":["ReplayGash+1","Redo","Genetic Algorithm"],"picked":"SKIP","floor":37},{"not_picked":["Darkness","Rebound","ReplayTheSpireMod:Omega Cannon"],"picked":"SKIP","floor":40},{"not_picked":["Rebound+1","BasicCrystalCard","Barrage"],"picked":"SKIP","floor":41},{"not_picked":["Glacier","Redo","Hello World"],"picked":"SKIP","floor":42},{"not_picked":["Steam+1","Conserve Battery","Hologram"],"picked":"SKIP","floor":45},{"not_picked":["Stack","Turbo+1","Steam+1"],"picked":"SKIP","floor":46},{"not_picked":["Storm","Barrage","Rebound"],"picked":"SKIP","floor":47},{"not_picked":["Ball Lightning","Multi-Cast","FTL"],"picked":"SKIP","floor":48},{"not_picked":["Steam","Blizzard","Rebound+1"],"picked":"SKIP","floor":55}],"player_experience":1201300,"relics_obtained":[{"floor":8,"key":"ReplayTheSpireMod:Shallot"},{"floor":11,"key":"Replay:Baseball"},{"floor":13,"key":"War Paint"},{"floor":26,"key":"HornCleat"},{"floor":27,"key":"Onion Ring"},{"floor":40,"key":"Regal Pillow"},{"floor":43,"key":"InkBottle"},{"floor":44,"key":"Bag of Marbles"},{"floor":48,"key":"Happy Flower"},{"floor":49,"key":"Replay:Rubber Ducky"},{"floor":53,"key":"Kunai"},{"floor":55,"key":"Anchor"}],"event_choices":[{"damage_healed":0,"gold_gain":100,"player_choice":"Bet on Murderer","damage_taken":0,"max_hp_gain":0,"max_hp_loss":0,"event_name":"The Joust","floor":28,"gold_loss":50},{"damage_healed":0,"gold_gain":0,"player_choice":"Ignored","damage_taken":0,"max_hp_gain":0,"max_hp_loss":0,"event_name":"SecretPortal","floor":39,"gold_loss":0}],"is_beta":false,"boss_relics":[{"not_picked":["Snecko Heart","Replay:Bronze Core"],"picked":"Snecko Eye"},{"not_picked":["Runic Pyramid","Replay:Ancient Bell"],"picked":"Abe\u0027s Treasure"}],"items_purged_floors":[],"is_endless":false,"potions_floor_spawned":[3,5,12,14,16,18,20,21,23,29,35,41,45,47,48,55],"ascension_level":20}}