{"host":"dhlnk6yox2l1s6up","time":1610594644,"event":{"mods":["BaseMod","Colored Map","Highlight Path","Minty Spire (QoL Compilation)","Relic Stats","StSLib"],"gold_per_floor":[114,129,79,79,97,126,126,81,81,3,3,3,32,32,32,163,163,181,96,110,110,110,110,136,136,136,161,260,5,32,7,7,107,107,124,144,144,144,18,18,352,352,352,380,380,398,398,398,398,398,398,398,11,38,38],"floor_reached":56,"language":"ENG","playtime":3770,"items_purged":["Pain","Strike_B+1"],"score":1750,"play_id":"49714ee7-f437-4de4-8897-98372f33dc1b","local_time":"20210113212404","is_ascension_mode":true,"campfire_choices":[{"data":"Hologram","floor":7,"key":"SMITH"},{"data":"Hologram","floor":11,"key":"SMITH"},{"data":"All For One","floor":15,"key":"SMITH"},{"data":"Zap","floor":23,"key":"SMITH"},{"data":"Loop","floor":25,"key":"SMITH"},{"data":"Leap","floor":32,"key":"SMITH"},{"data":"Gash","floor":40,"key":"SMITH"},{"floor":42,"key":"RECALL"},{"data":"Gash","floor":45,"key":"SMITH"},{"data":"Gash","floor":47,"key":"SMITH"},{"data":"Madness","floor":49,"key":"SMITH"},{"data":"Go for the Eyes","floor":52,"key":"SMITH"}],"circlet_count":0,"master_deck":["Strike_B+1","Strike_B+1","Defend_B+1","Defend_B+1","Defend_B+1","Zap+1","Dualcast+1","Cold Snap","Gash+1","Hologram+1","Hologram+1","Go for the Eyes+1","All For One+1","Loop+1","Echo Form","White Noise+1","Go for the Eyes+1","Defragment","Coolheaded+1","Gash+1","Leap+1","Machine Learning","BootSequence+1","Gash+1","All For One","Conserve Battery+1","Dark Shackles","Madness+1","Secret Weapon","Rebound+1"],"relics":["SlaversCollar","Meat on the Bone","StrikeDummy","Nunchaku","Bloody Idol","Black Star","DataDisk","Emotion Chip","Incense Burner","Eternal Feather","Letter Opener","Art of War","Kunai","CaptainsWheel","War Paint","Coffee Dripper","Bottled Tornado","WarpedTongs","Sundial","Old Coin","Vajra","Du-Vu Doll","Toy Ornithopter","Strawberry","Cables","Bronze Scales"],"acts_visited":["Exordium","TheCity","TheBeyond","TheEnding"],"potions_floor_usage":[8,27,27,54,54],"damage_taken":[{"damage":8,"enemies":"Small Slimes","floor":1,"turns":6},{"damage":0,"enemies":"2 Louse","floor":2,"turns":4},{"damage":4,"enemies":"Jaw Worm","floor":5,"turns":4},{"damage":20,"enemies":"Lagavulin","floor":6,"turns":7},{"damage":1,"enemies":"Looter","floor":8,"turns":5},{"damage":16,"enemies":"3 Sentries","floor":13,"turns":7},{"damage":0,"enemies":"Slime Boss","floor":16,"turns":6},{"damage":32,"enemies":"3 Byrds","floor":18,"turns":7},{"damage":4,"enemies":"Shell Parasite","floor":20,"turns":7},{"damage":25,"enemies":"Book of Stabbing","floor":24,"turns":5},{"damage":25,"enemies":"Slavers","floor":27,"turns":3},{"damage":4,"enemies":"Gremlin Leader","floor":30,"turns":6},{"damage":0,"enemies":"Automaton","floor":33,"turns":8},{"damage":5,"enemies":"3 Darklings","floor":35,"turns":6},{"damage":0,"enemies":"3 Shapes","floor":36,"turns":4},{"damage":5,"enemies":"Reptomancer","floor":41,"turns":6},{"damage":3,"enemies":"Nemesis","floor":44,"turns":7},{"damage":5,"enemies":"Spire Growth","floor":46,"turns":5},{"damage":26,"enemies":"Time Eater","floor":50,"turns":13},{"damage":3,"enemies":"Shield and Spear","floor":54,"turns":6},{"damage":8,"enemies":"The Heart","floor":55,"turns":9}],"seed_played":"-7483503015248548678","potions_obtained":[{"floor":2,"key":"ColorlessPotion"},{"floor":18,"key":"EssenceOfDarkness"},{"floor":24,"key":"Weak Potion"},{"floor":36,"key":"Explosive Potion"},{"floor":44,"key":"LiquidMemories"}],"is_trial":false,"path_per_floor":["M","M","?","?","M","E","R","M","T","$","R","?","E","?","R","B",null,"M","?","M","?","?","R","E","R","T","E","?","$","E","$","R","B",null,"M","M","T","?","$","R","E","R","T","E","R","M","R","?","R","B",null,"R","$","E","B",null],"character_chosen":"DEFECT","items_purchased":["All For One","Kunai","Leap","FearPotion","Toy Ornithopter","Strawberry"],"campfire_rested":0,"item_purchase_floors":[10,29,31,39,53,53],"current_hp_per_floor":[60,60,60,53,49,29,29,40,40,40,40,40,36,36,36,36,61,41,41,37,37,37,37,29,29,29,21,26,26,39,39,51,56,66,66,69,69,69,69,69,69,69,69,69,69,69,69,59,69,43,63,69,76,76,68],"gold":38,"neow_bonus":"BOSS_RELIC","is_daily":false,"chose_seed":false,"campfire_upgraded":11,"win_rate":0.0,"timestamp":1610594644,"path_taken":["M","M","?","?","M","E","R","M","T","$","R","?","E","?","R","BOSS","M","?","M","?","?","R","E","R","T","E","?","?","E","?","R","BOSS","M","M","?","?","$","R","E","R","T","E","R","?","R","?","R","BOSS","R","$","E","BOSS"],"items_purchased_type":["Card","Relic","Card","Potion","Relic","Relic"],"build_version":"2020-12-22","purchased_purges":2,"victory":true,"max_hp_per_floor":[75,75,75,75,75,75,75,75,75,75,75,75,75,69,69,69,69,69,69,69,69,69,69,69,69,69,69,69,69,69,69,69,69,69,69,69,69,69,69,69,69,69,69,69,69,69,69,69,69,69,69,69,76,76,76],"relic_stats":{"counters":[21,130],"Eternal Feather":28,"Letter Opener":[192],"War Paint":["Dualcast","Coolheaded"],"WarpedTongs":[32],"Cables":[8,0,8,0,0],"Nunchaku":[31],"Emotion Chip":[18,2,11,5,0],"Sundial":[4],"Bloody Idol":46,"Bronze Scales":[99],"Black Star":6,"Art of War":[6],"Kunai":[56],"obtain_stats":[{"Vajra":44,"Incense Burner":24,"Bottled Tornado":37,"Old Coin":41,"Nunchaku":13,"Emotion Chip":24,"Sundial":41,"Strawberry":53,"Kunai":29,"Cracked Core":0,"Golden Idol":14,"Eternal Feather":26,"Letter Opener":27,"War Paint":30,"WarpedTongs":38,"Cables":54,"Du-Vu Doll":44,"SlaversCollar":0,"DataDisk":19,"CaptainsWheel":30,"Bloody Idol":21,"Bronze Scales":54,"Black Star":17,"Art of War":27,"Coffee Dripper":34,"StrikeDummy":9,"Toy Ornithopter":53,"Meat on the Bone":6},{"Vajra":17,"Incense Burner":10,"Bottled Tornado":15,"Old Coin":16,"Nunchaku":6,"Emotion Chip":10,"Sundial":16,"Strawberry":19,"Kunai":11,"Cracked Core":0,"Golden Idol":6,"Eternal Feather":10,"Letter Opener":11,"War Paint":12,"WarpedTongs":15,"Cables":20,"Du-Vu Doll":17,"SlaversCollar":0,"DataDisk":8,"CaptainsWheel":12,"Bloody Idol":9,"Bronze Scales":20,"Black Star":7,"Art of War":11,"Coffee Dripper":13,"StrikeDummy":5,"Toy Ornithopter":19,"Meat on the Bone":4},{"Vajra":97,"Incense Burner":58,"Bottled Tornado":84,"Old Coin":90,"Nunchaku":33,"Emotion Chip":58,"Sundial":90,"Strawberry":115,"Kunai":61,"Cracked Core":0,"Golden Idol":33,"Eternal Feather":58,"Letter Opener":61,"War Paint":66,"WarpedTongs":84,"Cables":121,"Du-Vu Doll":97,"SlaversCollar":0,"DataDisk":46,"CaptainsWheel":66,"Bloody Idol":53,"Bronze Scales":121,"Black Star":39,"Art of War":61,"Coffee Dripper":74,"StrikeDummy":26,"Toy Ornithopter":115,"Meat on the Bone":21}],"Toy Ornithopter":3,"Meat on the Bone":72},"card_choices":[{"not_picked":["Go for the Eyes","Conserve Battery"],"picked":"Cold Snap","floor":1},{"not_picked":["Rebound","Steam Power"],"picked":"Gash","floor":2},{"not_picked":["Heatsinks","Static Discharge"],"picked":"Hologram","floor":5},{"not_picked":["Consume","Defragment"],"picked":"Hologram","floor":6},{"not_picked":["Hologram","Sunder"],"picked":"Go for the Eyes","floor":8},{"not_picked":["Conserve Battery","Tempest"],"picked":"Loop","floor":13},{"not_picked":["Reboot","All For One"],"picked":"Echo Form","floor":16},{"not_picked":["Reinforced Body+1","Static Discharge+1"],"picked":"White Noise+1","floor":18},{"not_picked":["Ball Lightning","White Noise"],"picked":"Go for the Eyes","floor":20},{"not_picked":["Scrape","Tempest"],"picked":"Defragment","floor":24},{"not_picked":["Ball Lightning","Redo"],"picked":"Coolheaded","floor":27},{"not_picked":["Rebound","Echo Form"],"picked":"Gash","floor":30},{"not_picked":["Multi-Cast","Echo Form"],"picked":"Machine Learning","floor":33},{"not_picked":["Stack+1","Ball Lightning"],"picked":"BootSequence+1","floor":35},{"not_picked":["Leap+1","Barrage"],"picked":"Gash","floor":36},{"not_picked":["Buffer","Chaos+1"],"picked":"All For One","floor":41},{"not_picked":["Beam Cell","Tempest+1"],"picked":"Conserve Battery+1","floor":44},{"not_picked":["Sweeping Beam","Recycle","Loop"],"picked":"SKIP","floor":46},{"not_picked":["Thinking Ahead","Dramatic Entrance"],"picked":"Dark Shackles","floor":48},{"not_picked":["Dark Shackles","Purity"],"picked":"Madness","floor":48},{"not_picked":["Mind Blast","Magnetism"],"picked":"Secret Weapon","floor":48},{"not_picked":["Compile Driver","Sweeping Beam"],"picked":"Rebound+1","floor":54}],"player_experience":5785240,"relics_obtained":[{"floor":6,"key":"Meat on the Bone"},{"floor":9,"key":"StrikeDummy"},{"floor":13,"key":"Nunchaku"},{"floor":24,"key":"Emotion Chip"},{"floor":24,"key":"Incense Burner"},{"floor":26,"key":"Eternal Feather"},{"floor":27,"key":"Letter Opener"},{"floor":27,"key":"Art of War"},{"floor":30,"key":"CaptainsWheel"},{"floor":30,"key":"War Paint"},{"floor":37,"key":"Bottled Tornado"},{"floor":41,"key":"Sundial"},{"floor":41,"key":"Old Coin"},{"floor":44,"key":"Vajra"},{"floor":44,"key":"Du-Vu Doll"},{"floor":54,"key":"Cables"},{"floor":54,"key":"Bronze Scales"}],"event_choices":[{"cards_removed":["Strike_B"],"damage_healed":0,"gold_gain":0,"player_choice":"Card Removal","damage_taken":0,"max_hp_gain":0,"max_hp_loss":0,"event_name":"The Cleric","floor":3,"gold_loss":50},{"cards_removed":["Defend_B"],"damage_healed":0,"gold_gain":0,"player_choice":"Card Removal","damage_taken":7,"max_hp_gain":0,"max_hp_loss":0,"event_name":"Golden Wing","floor":4,"gold_loss":0},{"damage_healed":0,"gold_gain":0,"player_choice":"Grow","damage_taken":0,"max_hp_gain":0,"max_hp_loss":0,"event_name":"Living Wall","floor":12,"gold_loss":0,"cards_upgraded":["Go for the Eyes"]},{"damage_healed":0,"gold_gain":0,"player_choice":"Lose Max HP","damage_taken":0,"relics_obtained":["Golden Idol"],"max_hp_gain":0,"max_hp_loss":6,"event_name":"Golden Idol","floor":14,"gold_loss":0},{"damage_healed":0,"gold_gain":0,"player_choice":"Obtained Relic","damage_taken":0,"relics_obtained":["DataDisk"],"max_hp_gain":0,"max_hp_loss":0,"event_name":"Addict","floor":19,"gold_loss":85},{"damage_healed":0,"gold_gain":0,"player_choice":"Gave Idol","damage_taken":0,"relics_obtained":["Bloody Idol"],"max_hp_gain":0,"max_hp_loss":0,"event_name":"Forgotten Altar","floor":21,"relics_lost":["Golden Idol"],"gold_loss":0},{"damage_healed":0,"gold_gain":0,"player_choice":"Simplicity","damage_taken":0,"max_hp_gain":0,"max_hp_loss":0,"event_name":"Back to Basics","floor":22,"gold_loss":0,"cards_upgraded":["Strike_B","Strike_B","Strike_B","Defend_B","Defend_B","Defend_B"]},{"damage_healed":0,"gold_gain":99,"player_choice":"Stole From Cult","damage_taken":0,"max_hp_gain":0,"max_hp_loss":0,"event_name":"Nest","floor":28,"gold_loss":0},{"damage_healed":0,"gold_gain":0,"player_choice":"Rummage","damage_taken":0,"relics_obtained":["WarpedTongs"],"max_hp_gain":0,"max_hp_loss":0,"event_name":"Accursed Blacksmith","floor":38,"gold_loss":0,"cards_obtained":["Pain"]},{"damage_healed":0,"gold_gain":0,"player_choice":"Memory 3","damage_taken":10,"max_hp_gain":0,"max_hp_loss":0,"event_name":"SensoryStone","floor":48,"gold_loss":0}],"is_beta":false,"boss_relics":[{"not_picked":["Busted Crown","Calling Bell"],"picked":"Black Star"},{"not_picked":["Velvet Choker","Tiny House"],"picked":"Coffee Dripper"}],"items_purged_floors":[39,53],"is_endless":false,"potions_floor_spawned":[2,18,24,36,44],"ascension_level":8}}