{"host":"njruw0b0uprlitpx","time":1610585622,"event":{"mods":["2.2 Compatiblity","Bartender","BaseMod","Better Altar","Better Match","Better Note","Better Sensory Stone","Better Skull","Better Third Choice","BetterRewards","Block Reminder","Colored Map","Colored Powertips","Energized Spire","Jedi Mod","Keyboard Shortcuts","Minty Spire (QoL Compilation)","Quick Restart","Rare Cards Sparkle","Relic Stats","Replay The Spire","SacredBarkPlus","Spicy Shops","StSLib","SuperFastMode","The Construct","The Dragon Tamer","The Marked","The Mystic","The Spell Scribe","Wandering Minibosses"],"gold_per_floor":[112,112,131,145,23,23,53,53,123,164,173,182,202,228,237,348,348,370,6,32,32,51,51,51],"floor_reached":23,"language":"ENG","playtime":815,"items_purged":[],"score":302,"play_id":"e5351905-131f-4630-85b2-b8a6e63d179d","local_time":"20210113185342","is_ascension_mode":true,"campfire_choices":[{"data":"Caltrops","floor":6,"key":"SMITH"},{"floor":8,"key":"REST"},{"floor":12,"key":"REST"},{"floor":15,"key":"REST"}],"circlet_count":0,"master_deck":["AscendersBane","Strike_G","Strike_G","Strike_G","Strike_G","Strike_G","Defend_G","Defend_G","Defend_G","Defend_G","Survivor","Neutralize","Cloak And Dagger","jedi:collectorvenom","ReplayTheSpireMod:Tripwire","Noxious Fumes","Prepared","Caltrops+1","All Out Attack","Bane","jedi:LeechingStrike","Flying Knee","Backflip","Flying Knee","jedi:brewingpoison","Bullet Time","ReplayTheSpireMod:From All Sides","Dagger Throw+1"],"relics":["Ring of the Snake","NeowsBlessing","Dream Catcher","White Beast Statue","CeramicFish","jedi:paperlyon","Orrery","Oddly Smooth Stone"],"acts_visited":["TheCity"],"potions_floor_usage":[10,16,16,16,18,22],"damage_taken":[{"damage":0,"enemies":"Small Slimes","floor":1,"turns":1},{"damage":0,"enemies":"Cultist","floor":3,"turns":1},{"damage":0,"enemies":"Jaw Worm","floor":4,"turns":1},{"damage":37,"enemies":"Gremlin Nob","floor":7,"turns":5},{"damage":11,"enemies":"Lagavulin","floor":10,"turns":8},{"damage":17,"enemies":"Exordium Thugs","floor":13,"turns":5},{"damage":11,"enemies":"Exordium Wildlife","floor":14,"turns":5},{"damage":36,"enemies":"Hexaghost","floor":16,"turns":10},{"damage":21,"enemies":"2 Thieves","floor":18,"turns":5},{"damage":9,"enemies":"Chosen","floor":20,"turns":4},{"damage":36,"enemies":"Shelled Parasite and Fungi","floor":22,"turns":7},{"damage":3,"enemies":"Slavers","floor":23,"turns":1}],"seed_played":"3642235060126157013","potions_obtained":[{"floor":3,"key":"Adrenaline Potion"},{"floor":10,"key":"FearPotion"},{"floor":13,"key":"EssenceOfSteel"},{"floor":14,"key":"ColorlessPotion"},{"floor":16,"key":"BlessingOfTheForge"},{"floor":18,"key":"SteroidPotion"},{"floor":20,"key":"LiquidMemories"},{"floor":22,"key":"Block Potion"}],"is_trial":false,"path_per_floor":["M","?","M","M","$","R","E","R","T","E","?","R","M","M","R","B",null,"M","$","M","?","M","E"],"character_chosen":"THE_SILENT","items_purchased":["Prepared","Caltrops","Orrery","ReplayTheSpireMod:From All Sides","Oddly Smooth Stone","Strength Potion"],"campfire_rested":3,"item_purchase_floors":[5,5,19,19,19,19],"current_hp_per_floor":[63,63,63,63,63,63,26,47,47,36,36,57,46,41,62,35,61,46,46,37,37,1,0,0],"gold":51,"neow_bonus":"THREE_ENEMY_KILL","is_daily":false,"chose_seed":false,"campfire_upgraded":1,"win_rate":0.0,"timestamp":1610585622,"path_taken":["M","?","M","?","$","R","E","R","T","E","?","R","M","M","R","BOSS","M","$","M","?","?","E"],"items_purchased_type":["Card","Card","Relic","Card","Relic","Potion"],"build_version":"2020-12-22","purchased_purges":0,"victory":false,"max_hp_per_floor":[70,70,70,70,70,70,70,70,70,70,70,70,70,70,70,70,70,70,70,70,70,70,70,70],"relic_stats":{"Dream Catcher":3,"counters":[12,53],"CeramicFish":144,"obtain_stats":[{"Dream Catcher":7,"NeowsBlessing":0,"jedi:paperlyon":17,"CeramicFish":10,"Orrery":19,"Oddly Smooth Stone":19,"White Beast Statue":9,"Ring of the Snake":0},{"Dream Catcher":4,"NeowsBlessing":0,"jedi:paperlyon":8,"CeramicFish":5,"Orrery":9,"Oddly Smooth Stone":9,"White Beast Statue":4,"Ring of the Snake":0},{"Dream Catcher":8,"NeowsBlessing":0,"jedi:paperlyon":36,"CeramicFish":16,"Orrery":41,"Oddly Smooth Stone":41,"White Beast Statue":8,"Ring of the Snake":0}],"Ring of the Snake":[24]},"card_choices":[{"not_picked":["Dagger Spray","Endless Agony"],"picked":"Cloak And Dagger","floor":1},{"not_picked":["Replay:Poison Smokescreen","jedi:collectorvenom"],"picked":"ReplayTheSpireMod:Tripwire","floor":3},{"not_picked":["jedi:collectorvenom","Hidden Blade"],"picked":"Noxious Fumes","floor":4},{"not_picked":["ReplayTheSpireMod:Scrap Shanks","Blade Dance"],"picked":"jedi:collectorvenom","floor":7},{"not_picked":["Hidden Blade","Choke"],"picked":"All Out Attack","floor":8},{"not_picked":["Blade Dance","jedi:collectorvenom"],"picked":"Bane","floor":10},{"not_picked":["Deep Breath","Survey Options"],"picked":"jedi:LeechingStrike","floor":11},{"not_picked":["jedi:collectorvenom","Dagger Throw"],"picked":"Flying Knee","floor":12},{"not_picked":["Deflect","Slice"],"picked":"Backflip","floor":13},{"not_picked":["Finisher","Flying Knee"],"picked":"jedi:collectorvenom","floor":14},{"not_picked":["Dodge and Roll","Bane"],"picked":"Flying Knee","floor":15},{"not_picked":["jedi:collectorvenom","A Thousand Cuts"],"picked":"jedi:brewingpoison","floor":16},{"not_picked":["Sucker Punch+1","jedi:poisonivy"],"picked":"jedi:collectorvenom","floor":18},{"not_picked":["Predator+1","Backflip"],"picked":"jedi:collectorvenom","floor":19},{"not_picked":["Underhanded Strike","Deflect"],"picked":"jedi:collectorvenom","floor":19},{"not_picked":["jedi:pocketpoison+1","Concentrate"],"picked":"jedi:collectorvenom","floor":19},{"not_picked":["Underhanded Strike+1","Deflect+1"],"picked":"jedi:collectorvenom","floor":19},{"not_picked":["PiercingWail","Choke"],"picked":"Bullet Time","floor":19},{"not_picked":["jedi:collectorvenom","ReplayTheSpireMod:Scrap Shanks"],"picked":"Dagger Throw+1","floor":20},{"not_picked":["Accuracy","Prepared"],"picked":"jedi:collectorvenom","floor":22}],"player_experience":1466005,"relics_obtained":[{"floor":7,"key":"Dream Catcher"},{"floor":9,"key":"White Beast Statue"},{"floor":10,"key":"CeramicFish"}],"event_choices":[{"damage_healed":0,"gold_gain":0,"cards_transformed":["Defend_G"],"player_choice":"Transformed","damage_taken":0,"max_hp_gain":0,"max_hp_loss":0,"event_name":"Transmorgrifier","floor":2,"gold_loss":0,"cards_obtained":["jedi:collectorvenom"]},{"damage_healed":0,"gold_gain":1,"player_choice":"1","damage_taken":0,"max_hp_gain":0,"max_hp_loss":0,"event_name":"betterStone:BetterStone","floor":11,"gold_loss":0},{"cards_removed":["Bullet Time"],"damage_healed":0,"gold_gain":0,"player_choice":"Give","damage_taken":0,"max_hp_gain":0,"max_hp_loss":0,"event_name":"betterNote:BetterNote","floor":21,"gold_loss":0,"cards_obtained":["None"]}],"is_beta":false,"boss_relics":[{"not_picked":["energizedSpire:SpiderWeb","Ring of Chaos"],"picked":"jedi:paperlyon"}],"items_purged_floors":[],"is_endless":false,"potions_floor_spawned":[3,10,13,14,16,18,20,22],"killed_by":"Slavers","ascension_level":10}}