{"host":"1a3cjta80tad0aqj","time":1610615616,"event":{"mods":["2.2 Compatiblity","AchievementEnabler","BaseMod","Colored Map","DeckTracker","KOR Keyword Fix","Keyboard Shortcuts","Minty Spire (QoL Compilation)","Permanent Neow","Quick Restart","Random Character Button","StSLib","SuperFastMode","everything is the same but u backflip on backflip"],"gold_per_floor":[114,74,88,105,121,121,151,6,6,6,18,38,54,154,154,250,250,265,46,46,56,6,6,6,6],"floor_reached":24,"language":"KOR","playtime":832,"items_purged":["Defend_P","Defend_P"],"score":267,"play_id":"7026f84b-f754-46f4-95a4-79ff31b44321","local_time":"20210114181336","is_ascension_mode":true,"campfire_choices":[{"floor":6,"key":"REST"},{"data":"Eruption","floor":10,"key":"SMITH"},{"floor":15,"key":"REST"},{"floor":23,"key":"REST"}],"circlet_count":0,"master_deck":["Strike_P","Strike_P","Strike_P","Defend_P","Defend_P","Eruption+1","Vigilance","EmptyBody","FlurryOfBlows","Halt","TalkToTheHand","Meditate","EmptyFist","Ragnarok","CutThroughFate","Vault","FearNoEvil"],"relics":["PureWater","NeowsBlessing","Juzu Bracelet","Omamori","SlaversCollar"],"acts_visited":["Exordium","TheCity"],"potions_floor_usage":[5,11,16,21],"damage_taken":[{"damage":0,"enemies":"Small Slimes","floor":1,"turns":1},{"damage":0,"enemies":"Cultist","floor":3,"turns":1},{"damage":0,"enemies":"2 Louse","floor":4,"turns":1},{"damage":28,"enemies":"Exordium Thugs","floor":5,"turns":6},{"damage":10,"enemies":"Lagavulin","floor":7,"turns":9},{"damage":4,"enemies":"Lots of Slimes","floor":11,"turns":2},{"damage":0,"enemies":"Exordium Wildlife","floor":12,"turns":4},{"damage":13,"enemies":"Red Slaver","floor":13,"turns":4},{"damage":41,"enemies":"Hexaghost","floor":16,"turns":12},{"damage":7,"enemies":"Chosen","floor":18,"turns":4},{"damage":12,"enemies":"2 Thieves","floor":21,"turns":3},{"damage":43,"enemies":"Shelled Parasite and Fungi","floor":24,"turns":7}],"seed_played":"6948214183198558540","potions_obtained":[{"floor":2,"key":"LiquidMemories"},{"floor":2,"key":"SneckoOil"},{"floor":2,"key":"Explosive Potion"},{"floor":4,"key":"Weak Potion"},{"floor":7,"key":"Explosive Potion"},{"floor":12,"key":"Block Potion"}],"is_trial":false,"path_per_floor":["M","?","M","M","M","R","E","$","T","R","M","M","M","?","R","B",null,"M","$","?","M","$","R","M"],"character_chosen":"WATCHER","items_purchased":["TalkToTheHand","Vault","Fire Potion","Swift Potion"],"campfire_rested":3,"item_purchase_floors":[8,19,19,22],"current_hp_per_floor":[65,65,65,65,37,58,48,48,48,48,44,44,31,31,52,11,57,50,50,50,38,38,59,16,16],"gold":6,"neow_bonus":"THREE_ENEMY_KILL","is_daily":false,"chose_seed":false,"campfire_upgraded":1,"win_rate":0.0,"timestamp":1610615616,"path_taken":["M","?","M","M","?","R","E","$","T","R","M","M","M","?","R","BOSS","M","$","?","M","$","R","M"],"items_purchased_type":["Card","Card","Potion","Potion"],"build_version":"2020-12-22","purchased_purges":2,"victory":false,"max_hp_per_floor":[72,72,72,72,72,72,72,72,72,72,72,72,72,72,72,72,72,72,72,72,72,72,72,72,72],"card_choices":[{"not_picked":["FollowUp","ThirdEye"],"picked":"EmptyBody","floor":1},{"not_picked":["FollowUp","WreathOfFlame","PathToVictory"],"picked":"SKIP","floor":3},{"not_picked":["WindmillStrike","Nirvana"],"picked":"FlurryOfBlows","floor":4},{"not_picked":["ReachHeaven","SpiritShield"],"picked":"Halt","floor":5},{"not_picked":["WaveOfTheHand","EmptyBody","Collect"],"picked":"SKIP","floor":7},{"not_picked":["Collect","FlyingSleeves"],"picked":"Meditate","floor":11},{"not_picked":["Crescendo","Perseverance"],"picked":"EmptyFist","floor":12},{"not_picked":["JustLucky","Protect","Collect"],"picked":"SKIP","floor":13},{"not_picked":["SpiritShield","Wish"],"picked":"Ragnarok","floor":16},{"not_picked":["Evaluate","Collect"],"picked":"CutThroughFate","floor":18},{"not_picked":["Worship+1","Vengeance"],"picked":"FearNoEvil","floor":21}],"player_experience":318170,"relics_obtained":[{"floor":7,"key":"Juzu Bracelet"},{"floor":9,"key":"Omamori"}],"event_choices":[{"damage_healed":0,"gold_gain":0,"player_choice":"Bought 3 Potions","damage_taken":0,"max_hp_gain":0,"max_hp_loss":0,"event_name":"The Woman in Blue","floor":2,"gold_loss":0},{"damage_healed":0,"gold_gain":100,"player_choice":"Gold","damage_taken":0,"max_hp_gain":0,"max_hp_loss":0,"event_name":"Wheel of Change","floor":14,"gold_loss":0},{"cards_removed":["Strike_P"],"damage_healed":0,"gold_gain":0,"player_choice":"Offered Basic","damage_taken":0,"max_hp_gain":0,"max_hp_loss":0,"event_name":"Bonfire Elementals","floor":20,"gold_loss":0}],"is_beta":false,"boss_relics":[{"not_picked":["Busted Crown","Sozu"],"picked":"SlaversCollar"}],"items_purged_floors":[8,19],"is_endless":false,"potions_floor_spawned":[4,7,12,13],"killed_by":"Shelled Parasite and Fungi","ascension_level":7}}