{"host":"cdwmoa70bcdnlxwr","time":1610603923,"event":{"mods":["BaseMod","Colored Map","Colored Powertips","Custom Start","Keyboard Shortcuts","Minty Spire (QoL Compilation)","StSLib","SuperFastMode"],"gold_per_floor":[114,114,114,131,147,147,177,177,177,177,177,177,193,212,212,289,289,307,307,232,232,247,247,264,164,164,181,196,196,229,63,63,136,136,155,170,60,114,114,114,149,161,161,181,181,181,204,218,218,218,218,218,218,93,125,125,125],"floor_reached":56,"language":"KOR","playtime":2409,"items_purged":["Strike_G","Strike_G","Strike_G"],"score":2325,"play_id":"5cfa6750-87cd-4986-9f46-d8eead339c88","local_time":"20210114145843","is_ascension_mode":true,"campfire_choices":[{"data":"Acrobatics","floor":6.0,"key":"SMITH"},{"data":"Neutralize","floor":8.0,"key":"SMITH"},{"data":"After Image","floor":10.0,"key":"SMITH"},{"data":"Bouncing Flask","floor":15.0,"key":"SMITH"},{"data":"Adrenaline","floor":23.0,"key":"SMITH"},{"floor":29.0,"key":"REST"},{"data":"Reflex","floor":32.0,"key":"SMITH"},{"data":"Tactician","floor":40,"key":"SMITH"},{"floor":46,"key":"RECALL"},{"data":"Prepared","floor":49,"key":"SMITH"},{"data":"Master of Strategy","floor":53,"key":"SMITH"}],"circlet_count":0,"master_deck":["AscendersBane","Strike_G","Defend_G","Defend_G","Defend_G","Defend_G","Survivor","Neutralize+1","Dagger Throw","Grand Finale","Acrobatics+1","After Image+1","Bouncing Flask+1","Adrenaline+1","Reflex+1","Prepared+1","Tactician+1","Prepared+1","Master of Strategy+1"],"relics":["Ring of the Snake","StoneCalendar","Art of War","White Beast Statue","Gremlin Horn","Runic Pyramid","Red Mask","TheAbacus","HoveringKite","Tingsha","Darkstone Periapt","Pear","Oddly Smooth Stone","Lizard Tail"],"acts_visited":["Exordium","TheCity","TheBeyond","TheEnding"],"potions_floor_usage":[38,48,56],"damage_taken":[{"damage":0.0,"enemies":"2 Louse","floor":1.0,"turns":3.0},{"damage":0.0,"enemies":"Small Slimes","floor":4.0,"turns":2.0},{"damage":2.0,"enemies":"Cultist","floor":5.0,"turns":5.0},{"damage":23.0,"enemies":"3 Sentries","floor":7.0,"turns":7.0},{"damage":7.0,"enemies":"Large Slime","floor":13.0,"turns":7.0},{"damage":4.0,"enemies":"Looter","floor":14.0,"turns":4.0},{"damage":17.0,"enemies":"The Guardian","floor":16.0,"turns":7.0},{"damage":9.0,"enemies":"Shell Parasite","floor":18.0,"turns":3.0},{"damage":1.0,"enemies":"2 Thieves","floor":22.0,"turns":3.0},{"damage":1.0,"enemies":"Snecko","floor":24.0,"turns":4.0},{"damage":0.0,"enemies":"Chosen and Byrds","floor":27.0,"turns":2.0},{"damage":12.0,"enemies":"Snake Plant","floor":28.0,"turns":2.0},{"damage":0.0,"enemies":"Masked Bandits","floor":30.0,"turns":2.0},{"damage":0.0,"enemies":"Automaton","floor":33.0,"turns":4.0},{"damage":0.0,"enemies":"3 Darklings","floor":35.0,"turns":2.0},{"damage":0.0,"enemies":"3 Shapes","floor":36.0,"turns":1.0},{"damage":14,"enemies":"2 Orb Walkers","floor":38,"turns":4},{"damage":0,"enemies":"Giant Head","floor":41,"turns":3},{"damage":0,"enemies":"3 Darklings","floor":42,"turns":2},{"damage":0,"enemies":"Spire Growth","floor":44,"turns":2},{"damage":1,"enemies":"Writhing Mass","floor":48,"turns":4},{"damage":0,"enemies":"Awakened One","floor":50,"turns":6},{"damage":0,"enemies":"Donu and Deca","floor":51,"turns":4},{"damage":0,"enemies":"Shield and Spear","floor":55,"turns":1},{"damage":114,"enemies":"The Heart","floor":56,"turns":9}],"seed_played":"-5181908653023624655","potions_obtained":[{"floor":4.0,"key":"Energy Potion"},{"floor":13.0,"key":"Regen Potion"},{"floor":16.0,"key":"Swift Potion"},{"floor":18.0,"key":"Weak Potion"},{"floor":27.0,"key":"Regen Potion"},{"floor":28.0,"key":"DuplicationPotion"},{"floor":36.0,"key":"GamblersBrew"},{"floor":38,"key":"SkillPotion"},{"floor":41,"key":"Energy Potion"},{"floor":44,"key":"Fruit Juice"},{"floor":48,"key":"Energy Potion"}],"is_trial":false,"path_per_floor":["M","?","?","M","M","R","E","R","T","R","?","?","M","M","R","B",null,"M","?","$","?","M","R","M","$","T","M","M","R","?","$","R","B",null,"M","M","$","?","?","R","E","M","T","M","?","R","T","M","R","B","B",null,"R","$","E","B"],"character_chosen":"THE_SILENT","items_purchased":["TheAbacus","Prepared","Tactician"],"campfire_rested":1,"item_purchase_floors":[31,37,37],"current_hp_per_floor":[59,59,59,59,57,57,34,34,34,34,23,23,16,12,12,10,48,39,39,39,39,38,38,37,37,37,37,25,43,43,43,43,43,56,56,56,56,42,42,42,42,42,52,52,52,52,52,56,56,56,56,70,70,70,70,0,0],"gold":125,"neow_bonus":"TRANSFORM_TWO_CARDS","is_daily":false,"chose_seed":false,"campfire_upgraded":9,"win_rate":0.0,"timestamp":1610603923,"path_taken":["M","?","?","M","?","R","E","R","T","R","?","?","M","M","R","BOSS","M","?","$","?","?","R","M","$","T","M","M","R","?","?","R","BOSS","M","M","$","?","?","R","E","M","T","M","?","R","?","?","R","BOSS","BOSS","R","$","E","BOSS"],"items_purchased_type":["Relic","Card","Card"],"build_version":"2020-12-22","purchased_purges":3,"victory":false,"max_hp_per_floor":[60,60,60,60,60,60,60,60,60,60,60,60,60,60,60,60,60,60,60,60,60,60,60,60,60,60,60,60,60,60,60,60,60,60,60,60,60,60,60,60,60,60,70,70,70,70,70,75,75,75,75,75,75,75,75,75,75],"card_choices":[{"not_picked":["Backflip","Choke","Deadly Poison"],"picked":"SKIP","floor":1.0},{"not_picked":["Outmaneuver","Sucker Punch"],"picked":"Acrobatics","floor":4.0},{"not_picked":["Cloak And Dagger","Blade Dance"],"picked":"After Image","floor":5.0},{"not_picked":["Blade Dance","Masterful Stab","Flying Knee"],"picked":"SKIP","floor":7.0},{"not_picked":["Noxious Fumes","Finisher"],"picked":"Bouncing Flask","floor":13.0},{"not_picked":["Distraction","Bane","Outmaneuver"],"picked":"SKIP","floor":14.0},{"not_picked":["Tools of the Trade","Die Die Die"],"picked":"Adrenaline","floor":16.0},{"not_picked":["Dagger Throw","Blur","Bane"],"picked":"SKIP","floor":18.0},{"not_picked":["Dagger Throw","Quick Slash","Backflip"],"picked":"SKIP","floor":22.0},{"not_picked":["Backflip","Flying Knee","Eviscerate"],"picked":"SKIP","floor":24.0},{"not_picked":["Outmaneuver","Cloak And Dagger","Crippling Poison"],"picked":"SKIP","floor":27.0},{"not_picked":["Slice","Calculated Gamble","Terror"],"picked":"SKIP","floor":28.0},{"not_picked":["Flying Knee+1","Finisher+1","PiercingWail"],"picked":"SKIP","floor":35.0},{"not_picked":["Dagger Spray","Blade Dance","Dodge and Roll+1"],"picked":"SKIP","floor":36.0},{"not_picked":["Slice","Underhanded Strike"],"picked":"Prepared+1","floor":38},{"not_picked":["Impatience","Jack Of All Trades"],"picked":"Master of Strategy","floor":39},{"not_picked":["Poisoned Stab","Outmaneuver"],"picked":"Calculated Gamble","floor":41},{"not_picked":["Deflect","Dash+1","Bouncing Flask"],"picked":"SKIP","floor":42},{"not_picked":["Quick Slash","Flying Knee","Acrobatics+1"],"picked":"SKIP","floor":44},{"not_picked":["Dagger Spray","Masterful Stab","Poisoned Stab+1"],"picked":"SKIP","floor":48},{"not_picked":["Dodge and Roll","Prepared","All Out Attack"],"picked":"SKIP","floor":55}],"player_experience":2620419,"relics_obtained":[{"floor":3.0,"key":"StoneCalendar"},{"floor":7.0,"key":"Art of War"},{"floor":9.0,"key":"White Beast Statue"},{"floor":30.0,"key":"Red Mask"},{"floor":38,"key":"Tingsha"},{"floor":41,"key":"Darkstone Periapt"},{"floor":43,"key":"Pear"},{"floor":47,"key":"Oddly Smooth Stone"},{"floor":55,"key":"Lizard Tail"}],"event_choices":[{"damage_healed":0.0,"max_hp_gain":0.0,"max_hp_loss":0.0,"gold_gain":0.0,"event_name":"Liars Game","player_choice":"Ignored","floor":2.0,"gold_loss":0.0,"damage_taken":0.0},{"damage_healed":0.0,"max_hp_gain":0.0,"max_hp_loss":0.0,"gold_gain":0.0,"event_name":"Wheel of Change","player_choice":"Relic","floor":3.0,"gold_loss":0.0,"damage_taken":0.0},{"damage_healed":0.0,"max_hp_gain":0.0,"max_hp_loss":0.0,"gold_gain":0.0,"event_name":"Scrap Ooze","player_choice":"Success","floor":11.0,"gold_loss":0.0,"damage_taken":11.0,"relics_obtained":["Gremlin Horn"]},{"damage_healed":0.0,"max_hp_gain":0.0,"max_hp_loss":0.0,"gold_gain":0.0,"event_name":"Dead Adventurer","player_choice":"Searched \u00270\u0027 times","floor":12.0,"gold_loss":0.0,"damage_taken":0.0},{"damage_healed":0.0,"max_hp_gain":0.0,"max_hp_loss":0.0,"gold_gain":0.0,"event_name":"Ghosts","player_choice":"Ignored","floor":19.0,"gold_loss":0.0,"damage_taken":0.0},{"damage_healed":0.0,"max_hp_gain":0.0,"max_hp_loss":0.0,"gold_gain":0.0,"event_name":"The Library","player_choice":"Read","floor":21.0,"gold_loss":0.0,"damage_taken":0.0,"cards_obtained":["Reflex"]},{"damage_healed":0.0,"max_hp_gain":0.0,"max_hp_loss":0.0,"gold_gain":0.0,"event_name":"Masked Bandits","player_choice":"Fought Bandits","floor":30.0,"gold_loss":0.0,"damage_taken":0.0},{"damage_healed":0,"gold_gain":0,"player_choice":"Fight","damage_taken":0,"max_hp_gain":0,"max_hp_loss":0,"event_name":"Mysterious Sphere","floor":38,"gold_loss":0},{"damage_healed":0,"gold_gain":0,"player_choice":"Memory 1","damage_taken":0,"max_hp_gain":0,"max_hp_loss":0,"event_name":"SensoryStone","floor":39,"gold_loss":0},{"cards_removed":["Calculated Gamble"],"damage_healed":0,"gold_gain":0,"player_choice":"Removed Skill","damage_taken":0,"max_hp_gain":0,"max_hp_loss":0,"event_name":"Falling","floor":45,"gold_loss":0}],"is_beta":false,"boss_relics":[{"not_picked":["Snecko Eye","Coffee Dripper"],"picked":"Runic Pyramid"},{"not_picked":["Tiny House","Fusion Hammer"],"picked":"HoveringKite"}],"items_purged_floors":[20,25,54],"is_endless":false,"potions_floor_spawned":[4,13,14,16,18,22,24,27,28,30,33,35,36,38,41,42,44,48,55],"killed_by":"The Heart","ascension_level":20}}