{"host":"jggt5i9rbuoqvque","time":1610654074,"event":{"mods":["BaseMod","Colored Map","Minty Spire (QoL Compilation)","StSLib"],"gold_per_floor":[10,29,29,45,59,99,24,24,49,49,49,49,49,69,69,197,197,211,235,334,84,104,140,65,65,112,153,169,189,202,202,202,202,202],"floor_reached":33,"language":"KOR","playtime":847,"items_purged":["Strike_R","Strike_R"],"score":387,"play_id":"86641f13-a7a3-4147-89e0-52170bdf0400","local_time":"20210115045434","is_ascension_mode":true,"campfire_choices":[{"data":"Rampage","floor":11.0,"key":"SMITH"},{"data":"Bash","floor":13.0,"key":"SMITH"},{"floor":15.0,"key":"REST"},{"floor":25.0,"key":"REST"},{"floor":32.0,"key":"REST"}],"circlet_count":0,"master_deck":["Defend_R+1","Defend_R+1","Defend_R+1","Bash+1","Rampage+1","Ghostly Armor","Pommel Strike","Seeing Red+1","Disarm"],"relics":["Burning Blood","Golden Idol","Pen Nib","Art of War","Anchor","Fusion Hammer","Red Skull","Turnip","Nunchaku","Mercury Hourglass"],"acts_visited":["Exordium","TheCity"],"potions_floor_usage":[],"damage_taken":[{"damage":5.0,"enemies":"Small Slimes","floor":1.0,"turns":3.0},{"damage":3.0,"enemies":"2 Louse","floor":2.0,"turns":3.0},{"damage":2.0,"enemies":"Jaw Worm","floor":4.0,"turns":5.0},{"damage":8.0,"enemies":"Blue Slaver","floor":5.0,"turns":4.0},{"damage":32.0,"enemies":"Gremlin Nob","floor":6.0,"turns":4.0},{"damage":3.0,"enemies":"Large Slime","floor":14.0,"turns":7.0},{"damage":18.0,"enemies":"Hexaghost","floor":16.0,"turns":8.0},{"damage":11.0,"enemies":"3 Byrds","floor":18.0,"turns":5.0},{"damage":6.0,"enemies":"2 Thieves","floor":19.0,"turns":4.0},{"damage":7.0,"enemies":"Cultist and Chosen","floor":22.0,"turns":6.0},{"damage":33.0,"enemies":"Book of Stabbing","floor":23.0,"turns":5.0},{"damage":52.0,"enemies":"Gremlin Leader","floor":27.0,"turns":5.0},{"damage":6.0,"enemies":"Snecko","floor":28.0,"turns":4.0},{"damage":0.0,"enemies":"Shelled Parasite and Fungi","floor":29.0,"turns":4.0},{"damage":0.0,"enemies":"Cultist and Chosen","floor":30.0,"turns":3.0},{"damage":60,"enemies":"Automaton","floor":33,"turns":6}],"seed_played":"-6208084659420498873","potions_obtained":[{"floor":2.0,"key":"ElixirPotion"},{"floor":4.0,"key":"SpeedPotion"},{"floor":6.0,"key":"ColorlessPotion"},{"floor":14.0,"key":"Regen Potion"},{"floor":19.0,"key":"HeartOfIron"},{"floor":27.0,"key":"Ancient Potion"},{"floor":28.0,"key":"Weak Potion"}],"is_trial":false,"path_per_floor":["M","M","?","M","M","E","$","?","T","?","R","$","R","M","R","B",null,"M","M","?","$","M","E","?","R","T","E","M","M","M","?","R","B"],"character_chosen":"IRONCLAD","items_purchased":["Red Skull"],"campfire_rested":3,"item_purchase_floors":[21],"current_hp_per_floor":[73,76,56,60,58,32,32,20,20,20,20,20,20,23,47,50,73,68,68,68,68,67,40,40,64,64,18,18,24,30,30,54,0,0],"gold":202,"neow_bonus":"REMOVE_TWO","is_daily":false,"chose_seed":false,"campfire_upgraded":2,"win_rate":0.0,"timestamp":1610654074,"path_taken":["M","M","?","M","M","E","$","?","T","?","R","?","R","M","R","BOSS","M","M","?","$","M","E","?","R","T","E","?","M","M","?","R","BOSS"],"items_purchased_type":["Relic"],"build_version":"2020-12-22","purchased_purges":2,"victory":false,"max_hp_per_floor":[80,80,80,80,80,80,80,80,80,80,80,80,80,80,80,80,80,80,80,80,80,80,80,80,80,80,80,80,80,80,80,80,80,80],"card_choices":[{"not_picked":["Thunderclap","Havoc"],"picked":"Rampage","floor":1.0},{"not_picked":["Flame Barrier","Warcry"],"picked":"Ghostly Armor","floor":2.0},{"not_picked":["Cleave","Shrug It Off","Blood for Blood"],"picked":"SKIP","floor":4.0},{"not_picked":["Intimidate","Reckless Charge","Thunderclap"],"picked":"SKIP","floor":5.0},{"not_picked":["Flame Barrier","Intimidate","Carnage"],"picked":"SKIP","floor":6.0},{"not_picked":["Sword Boomerang","Infernal Blade"],"picked":"Pommel Strike","floor":14.0},{"not_picked":["Flame Barrier","Twin Strike"],"picked":"Seeing Red+1","floor":18.0},{"not_picked":["Headbutt","True Grit","Perfected Strike+1"],"picked":"SKIP","floor":19.0},{"not_picked":["Battle Trance","Clash","Thunderclap"],"picked":"SKIP","floor":22.0},{"not_picked":["Twin Strike+1","Clothesline","Berserk"],"picked":"SKIP","floor":23.0},{"not_picked":["Twin Strike","Metallicize","Anger"],"picked":"SKIP","floor":27.0},{"not_picked":["Clothesline","Flex","Anger"],"picked":"SKIP","floor":28.0},{"not_picked":["Heavy Blade","Entrench","Clothesline"],"picked":"SKIP","floor":29.0},{"not_picked":["Rage+1","Evolve"],"picked":"Disarm","floor":30.0}],"player_experience":341991,"relics_obtained":[{"floor":6.0,"key":"Pen Nib"},{"floor":9.0,"key":"Anchor"},{"floor":23.0,"key":"Turnip"},{"floor":26.0,"key":"Nunchaku"},{"floor":27.0,"key":"Mercury Hourglass"}],"event_choices":[{"damage_healed":0.0,"max_hp_gain":0.0,"max_hp_loss":0.0,"gold_gain":0.0,"event_name":"Golden Idol","player_choice":"Take Damage","floor":3.0,"gold_loss":0.0,"damage_taken":20.0,"relics_obtained":["Golden Idol"]},{"damage_healed":0.0,"max_hp_gain":0.0,"max_hp_loss":0.0,"gold_gain":0.0,"event_name":"Scrap Ooze","player_choice":"Success","floor":8.0,"gold_loss":0.0,"damage_taken":12.0,"relics_obtained":["Art of War"]},{"cards_removed":["Strike_R"],"damage_healed":0.0,"max_hp_gain":0.0,"max_hp_loss":0.0,"gold_gain":0.0,"event_name":"Living Wall","player_choice":"Forget","floor":10.0,"gold_loss":0.0,"damage_taken":0.0},{"damage_healed":0.0,"max_hp_gain":0.0,"max_hp_loss":0.0,"gold_gain":99.0,"event_name":"Nest","player_choice":"Stole From Cult","floor":20.0,"gold_loss":0.0,"damage_taken":0.0},{"cards_removed":["Defend_R"],"damage_healed":0.0,"max_hp_gain":0.0,"max_hp_loss":0.0,"gold_gain":0.0,"event_name":"Beggar","player_choice":"Gave Gold","floor":24.0,"gold_loss":75.0,"damage_taken":0.0},{"damage_healed":0.0,"max_hp_gain":0.0,"max_hp_loss":0.0,"gold_gain":0.0,"event_name":"Back to Basics","player_choice":"Simplicity","floor":31.0,"gold_loss":0.0,"damage_taken":0.0,"cards_upgraded":["Defend_R","Defend_R","Defend_R"]}],"is_beta":false,"boss_relics":[{"not_picked":["Ectoplasm","Snecko Eye"],"picked":"Fusion Hammer"}],"items_purged_floors":[7,21],"is_endless":false,"potions_floor_spawned":[2,4,6,14,19,27,28],"killed_by":"Automaton","ascension_level":7}}