{"host":"tom9euzqew4po1rs","time":1610632071,"event":{"mods":["BaseMod","Curses Come First","Downfall","Minty Spire (QoL Compilation)","Quick Restart","Rare Cards Sparkle","Replay The Spire","StSLib","The Cursed"],"gold_per_floor":[118,393,108,124,47,77,77,91,91,91,91,91,107,107,107,236,236,259,259,0,15,15,15,15],"floor_reached":23,"language":"ENG","playtime":1167,"items_purged":["Regret"],"score":196,"play_id":"ce3c645b-1db0-4cb1-a36a-62897a421a0a","local_time":"20210114084751","is_ascension_mode":true,"campfire_choices":[{"data":"Machine Learning","floor":7,"key":"SMITH"},{"floor":12,"key":"RECALL"},{"data":"Double Energy","floor":15,"key":"SMITH"}],"circlet_count":0,"master_deck":["Strike_B","Strike_B","Strike_B","Strike_B","Defend_B","Defend_B","Defend_B","Defend_B","Zap","Dualcast","Ball Lightning","Machine Learning+1","Force Field","Conserve Battery","Hello World","Double Energy+1","Conserve Battery","Gash","Creative AI+1","ReplaySolidLightProjector","Stack+1"],"relics":["Cracked Core","Frozen Egg 2","Omamori","Golden Idol","PreservedInsect","GremlinMask","HornCleat"],"acts_visited":["Exordium","TheCity"],"potions_floor_usage":[16,21],"damage_taken":[{"damage":0,"enemies":"2 Louse","floor":1,"turns":3},{"damage":0,"enemies":"Cultist","floor":4,"turns":3},{"damage":12,"enemies":"Lagavulin","floor":6,"turns":7},{"damage":5,"enemies":"Small Slimes","floor":8,"turns":3},{"damage":7,"enemies":"2 Fungi Beasts","floor":13,"turns":3},{"damage":32,"enemies":"Slime Boss","floor":16,"turns":10},{"damage":28,"enemies":"Chosen","floor":18,"turns":5},{"damage":8,"enemies":"3 Byrds","floor":21,"turns":6},{"damage":49,"enemies":"Gremlin Leader","floor":23,"turns":7}],"seed_played":"582960808114091000","potions_obtained":[{"floor":4,"key":"Elixir"},{"floor":18,"key":"Explosive Potion"}],"is_trial":false,"path_per_floor":["M","?","$","M","$","E","R","M","T","?","?","R","M","T","R","B",null,"M","?","$","M","$","E"],"character_chosen":"DEFECT","items_purchased":["Machine Learning","Force Field","Conserve Battery","Hello World","HornCleat"],"campfire_rested":0,"item_purchase_floors":[3,3,3,5,20],"current_hp_per_floor":[82,82,82,82,82,70,70,65,65,65,65,65,58,58,58,26,82,54,54,54,46,46,0,0],"gold":15,"neow_bonus":"TEN_PERCENT_HP_BONUS","is_daily":false,"chose_seed":false,"campfire_upgraded":2,"win_rate":0.0,"timestamp":1610632071,"path_taken":["M","?","?","M","$","E","R","M","T","?","?","R","M","?","R","BOSS","M","?","$","?","$","E"],"items_purchased_type":["Card","Card","Card","Card","Relic"],"build_version":"2020-12-22","purchased_purges":1,"victory":false,"max_hp_per_floor":[82,82,82,82,82,82,82,82,82,82,82,82,82,82,82,82,82,82,82,82,82,82,82,82],"card_choices":[{"not_picked":["ReplayTheSpireMod:System Scan","Auto Shields"],"picked":"Ball Lightning","floor":1},{"not_picked":["Redo","ReplayTheSpireMod:Repulse","Barrage"],"picked":"SKIP","floor":4},{"not_picked":["Compile Driver","Barrage"],"picked":"Double Energy","floor":6},{"not_picked":["Melter","Ball Lightning"],"picked":"Conserve Battery","floor":8},{"not_picked":["Seek","BasicCrystalCard"],"picked":"Gash","floor":13},{"not_picked":["Multi-Cast","Buffer+1"],"picked":"Creative AI+1","floor":16},{"not_picked":["Leap+1","Sweeping Beam+1"],"picked":"ReplaySolidLightProjector","floor":18},{"not_picked":["Crystallizer+1","FIFO Queue+1"],"picked":"Stack+1","floor":21}],"player_experience":120368,"relics_obtained":[{"floor":6,"key":"Frozen Egg 2"},{"floor":9,"key":"Omamori"},{"floor":14,"key":"PreservedInsect"}],"event_choices":[{"damage_healed":0,"gold_gain":275,"player_choice":"Desecrate","damage_taken":0,"max_hp_gain":0,"max_hp_loss":0,"event_name":"Golden Shrine","floor":2,"gold_loss":0,"cards_obtained":["Regret"]},{"damage_healed":0,"gold_gain":0,"player_choice":"Ignored","damage_taken":0,"max_hp_gain":0,"max_hp_loss":0,"event_name":"Golden Wing","floor":10,"gold_loss":0},{"damage_healed":0,"gold_gain":0,"player_choice":"Take Wound","damage_taken":0,"relics_obtained":["Golden Idol"],"max_hp_gain":0,"max_hp_loss":0,"event_name":"Golden Idol","floor":11,"gold_loss":0,"cards_obtained":["Injury"]},{"damage_healed":0,"gold_gain":0,"player_choice":"Trade","damage_taken":0,"relics_obtained":["GremlinMask"],"max_hp_gain":0,"max_hp_loss":0,"event_name":"FaceTrader","floor":19,"gold_loss":0}],"is_beta":false,"boss_relics":[{"not_picked":["Runic Pyramid","Snecko Eye","Ectoplasm"]}],"items_purged_floors":[3],"is_endless":false,"potions_floor_spawned":[4,18],"killed_by":"Gremlin Leader","ascension_level":1}}