{"host":"zk71suw73lg2r165","time":1610657653,"event":{"mods":["BaseMod","Colored Map","Minty Spire (QoL Compilation)","Permanent Neow","Relic Stats","StSLib"],"gold_per_floor":[112,128,403,423,348,374,389,416,441,44,59,76,76,93,93,169,169,179,179,195,195,213,213,242,242,242,267,2,15,33,65,65,139,139,159,1158,1158,804,814,814,831,845,845,470,745,755,774,788,788,788,788,788,788,442,467,467],"floor_reached":57,"language":"ENG","playtime":2888,"items_purged":["Normality","Regret"],"score":2656,"play_id":"4a4e5ec3-ea71-49a3-815f-41da026933e6","local_time":"20210114155413","is_ascension_mode":true,"campfire_choices":[{"floor":15.0,"key":"REST"},{"floor":23.0,"key":"RECALL"},{"floor":25.0,"key":"REST"},{"floor":32.0,"key":"REST"},{"floor":40.0,"key":"REST"},{"floor":49.0,"key":"REST"},{"floor":53,"key":"REST"}],"circlet_count":0,"master_deck":["AscendersBane","Strike_B+1","Strike_B+1","Strike_B+1","Strike_B+1","Defend_B+1","Defend_B+1","Defend_B+1","Defend_B+1","Zap","Dualcast","Electrodynamics","Genetic Algorithm","Lockon","Chill","Barrage","Conserve Battery+1","Capacitor","Static Discharge","Coolheaded","BootSequence","Leap","Amplify","Glacier+1","Force Field","Storm","Capacitor","Biased Cognition","Glacier","Loop","Steam Power+1","Compile Driver","Go for the Eyes","Core Surge","Turbo","Parasite","White Noise","Apotheosis","Defragment","Self Repair"],"relics":["FrozenCore","Toy Ornithopter","Centennial Puzzle","Oddly Smooth Stone","Bird Faced Urn","Fusion Hammer","Nilry\u0027s Codex","Blood Vial","White Beast Statue","Potion Belt","Membership Card","War Paint","DataDisk","TheAbacus","Lizard Tail","Bronze Scales","Ornamental Fan","Cauldron","Bag of Preparation","Dead Branch"],"acts_visited":["Exordium","TheCity","TheBeyond","TheEnding"],"potions_floor_usage":[50,51,51,55,56,56,56],"damage_taken":[{"damage":1.0,"enemies":"Cultist","floor":1.0,"turns":3.0},{"damage":3.0,"enemies":"Small Slimes","floor":2.0,"turns":4.0},{"damage":16.0,"enemies":"Jaw Worm","floor":4.0,"turns":3.0},{"damage":21.0,"enemies":"Lagavulin","floor":6.0,"turns":5.0},{"damage":9.0,"enemies":"Exordium Thugs","floor":7.0,"turns":4.0},{"damage":9.0,"enemies":"Gremlin Nob","floor":8.0,"turns":3.0},{"damage":9.0,"enemies":"2 Fungi Beasts","floor":11.0,"turns":3.0},{"damage":10.0,"enemies":"Large Slime","floor":12.0,"turns":6.0},{"damage":5.0,"enemies":"Looter","floor":14.0,"turns":3.0},{"damage":25.0,"enemies":"Hexaghost","floor":16.0,"turns":12.0},{"damage":8.0,"enemies":"3 Byrds","floor":18.0,"turns":3.0},{"damage":8.0,"enemies":"Shell Parasite","floor":20.0,"turns":7.0},{"damage":1.0,"enemies":"Centurion and Healer","floor":22.0,"turns":7.0},{"damage":21.0,"enemies":"Slavers","floor":24.0,"turns":4.0},{"damage":34.0,"enemies":"Book of Stabbing","floor":27.0,"turns":5.0},{"damage":16.0,"enemies":"Snake Plant","floor":29.0,"turns":7.0},{"damage":22.0,"enemies":"Shelled Parasite and Fungi","floor":30.0,"turns":6.0},{"damage":46.0,"enemies":"Slavers","floor":31.0,"turns":4.0},{"damage":32.0,"enemies":"Champ","floor":33.0,"turns":13.0},{"damage":0.0,"enemies":"Orb Walker","floor":35.0,"turns":5.0},{"damage":21.0,"enemies":"3 Shapes","floor":39.0,"turns":3.0},{"damage":6.0,"enemies":"Spire Growth","floor":41.0,"turns":7.0},{"damage":8.0,"enemies":"Maw","floor":42.0,"turns":7.0},{"damage":5.0,"enemies":"Jaw Worm Horde","floor":46.0,"turns":6.0},{"damage":25.0,"enemies":"Writhing Mass","floor":47.0,"turns":7.0},{"damage":48.0,"enemies":"Maw","floor":48.0,"turns":6.0},{"damage":25,"enemies":"Donu and Deca","floor":50,"turns":9},{"damage":48,"enemies":"Time Eater","floor":51,"turns":14},{"damage":54,"enemies":"Shield and Spear","floor":55,"turns":6},{"damage":26,"enemies":"The Heart","floor":56,"turns":9}],"seed_played":"-7839152208891637426","potions_obtained":[{"floor":1.0,"key":"Weak Potion"},{"floor":2.0,"key":"SkillPotion"},{"floor":6.0,"key":"SteroidPotion"},{"floor":11.0,"key":"Dexterity Potion"},{"floor":20.0,"key":"LiquidBronze"},{"floor":27.0,"key":"BlessingOfTheForge"},{"floor":29.0,"key":"Block Potion"},{"floor":30.0,"key":"Regen Potion"},{"floor":31.0,"key":"SkillPotion"},{"floor":33.0,"key":"Swift Potion"},{"floor":35.0,"key":"FairyPotion"},{"floor":41.0,"key":"DuplicationPotion"},{"floor":44.0,"key":"EntropicBrew"},{"floor":47.0,"key":"SneckoOil"},{"floor":48.0,"key":"SkillPotion"},{"floor":55,"key":"ColorlessPotion"}],"is_trial":false,"path_per_floor":["M","M","?","M","?","E","M","E","T","$","M","M","?","M","R","B",null,"M","?","M","?","M","R","E","R","T","E","$","M","M","E","R","B",null,"M","?","?","$","M","R","M","M","T","$","?","M","M","M","R","B","B",null,"R","$","E","B",null],"character_chosen":"DEFECT","items_purchased":["Bird Faced Urn","Static Discharge","Membership Card","Storm","War Paint","Loop","TheAbacus","Lizard Tail","DuplicationPotion","Bronze Scales","Ornamental Fan","Core Surge","Cauldron","Apotheosis","Bag of Preparation","Defragment","GamblersBrew","SpeedPotion"],"campfire_rested":6,"item_purchase_floors":[10,10,28,28,28,38,38,38,38,44,44,44,44,54,54,54,54,54],"current_hp_per_floor":[63,60,60,44,44,23,19,15,15,15,12,8,8,7,28,14,57,55,55,53,32,43,43,32,53,53,34,34,40,39,24,45,32,61,71,71,71,71,52,71,71,67,67,67,67,71,62,36,57,63,32,61,71,71,31,68],"gold":467,"neow_bonus":"ONE_RANDOM_RARE_CARD","is_daily":false,"chose_seed":false,"campfire_upgraded":0,"win_rate":0.0,"timestamp":1610657653,"path_taken":["M","M","?","?","?","E","M","E","T","$","M","M","?","?","R","BOSS","M","?","M","?","M","R","E","R","T","E","$","M","M","E","R","BOSS","M","?","?","$","?","R","M","M","T","$","?","M","?","?","R","BOSS","BOSS","R","$","E","BOSS"],"items_purchased_type":["Relic","Card","Relic","Card","Relic","Card","Relic","Relic","Potion","Relic","Relic","Card","Relic","Card","Relic","Card","Potion","Potion"],"build_version":"2020-12-22","purchased_purges":2,"victory":true,"max_hp_per_floor":[71,71,71,71,71,71,71,71,71,71,71,71,71,71,71,71,71,71,71,71,71,71,71,71,71,71,71,71,71,71,71,71,71,71,71,71,71,71,71,71,71,71,71,71,71,71,71,71,71,71,71,71,71,71,71,71],"relic_stats":{"counters":[30,181],"Dead Branch":[16],"Bag of Preparation":[4],"War Paint":["Conserve Battery","Glacier"],"FrozenCore":[31],"Blood Vial":22,"Centennial Puzzle":[69],"Lizard Tail":0,"TheAbacus":[42],"Ornamental Fan":[20],"Bird Faced Urn":[262],"Bronze Scales":[283],"obtain_stats":[{"Potion Belt":27,"Nilry\u0027s Codex":21,"Dead Branch":55,"Oddly Smooth Stone":9,"Bag of Preparation":54,"War Paint":28,"White Beast Statue":26,"FrozenCore":34,"Blood Vial":24,"Cauldron":44,"Centennial Puzzle":8,"DataDisk":31,"Lizard Tail":38,"TheAbacus":38,"Ornamental Fan":44,"Bird Faced Urn":10,"Bronze Scales":44,"Fusion Hammer":17,"Membership Card":28,"Cracked Core":0,"Toy Ornithopter":6},{"Potion Belt":15,"Nilry\u0027s Codex":12,"Dead Branch":29,"Oddly Smooth Stone":6,"Bag of Preparation":28,"War Paint":15,"White Beast Statue":14,"FrozenCore":19,"Blood Vial":14,"Cauldron":23,"Centennial Puzzle":6,"DataDisk":18,"Lizard Tail":20,"TheAbacus":20,"Ornamental Fan":23,"Bird Faced Urn":6,"Bronze Scales":23,"Fusion Hammer":10,"Membership Card":15,"Cracked Core":0,"Toy Ornithopter":4},{"Potion Belt":72,"Nilry\u0027s Codex":56,"Dead Branch":172,"Oddly Smooth Stone":22,"Bag of Preparation":166,"War Paint":72,"White Beast Statue":67,"FrozenCore":102,"Blood Vial":67,"Cauldron":124,"Centennial Puzzle":22,"DataDisk":89,"Lizard Tail":107,"TheAbacus":107,"Ornamental Fan":124,"Bird Faced Urn":22,"Bronze Scales":124,"Fusion Hammer":46,"Membership Card":72,"Cracked Core":0,"Toy Ornithopter":15}],"Toy Ornithopter":67},"card_choices":[{"not_picked":["Chaos","Scrape"],"picked":"Genetic Algorithm","floor":1.0},{"not_picked":["Sweeping Beam","Storm"],"picked":"Lockon","floor":2.0},{"not_picked":["Compile Driver","White Noise"],"picked":"Chill","floor":4.0},{"not_picked":["Sweeping Beam","Streamline"],"picked":"Barrage","floor":6.0},{"not_picked":["Sunder","Leap"],"picked":"Conserve Battery","floor":7.0},{"not_picked":["Melter","Tempest"],"picked":"Capacitor","floor":8.0},{"not_picked":["Aggregate","Doom and Gloom"],"picked":"Coolheaded","floor":11.0},{"not_picked":["Barrage","Gash"],"picked":"BootSequence","floor":12.0},{"not_picked":["Lockon","Gash"],"picked":"Leap","floor":14.0},{"not_picked":["Reboot","Electrodynamics"],"picked":"Amplify","floor":16.0},{"not_picked":["Beam Cell+1","Hello World","Redo"],"picked":"SKIP","floor":18.0},{"not_picked":["Gash","Cold Snap"],"picked":"Glacier","floor":20.0},{"not_picked":["Stack+1","Ball Lightning","Hello World"],"picked":"SKIP","floor":22.0},{"not_picked":["Steam","Coolheaded"],"picked":"Force Field","floor":24.0},{"not_picked":["Auto Shields","Scrape","Gash"],"picked":"SKIP","floor":27.0},{"not_picked":["Barrage","Recycle"],"picked":"Capacitor","floor":29.0},{"not_picked":["Sunder","Tempest","Rebound"],"picked":"SKIP","floor":30.0},{"not_picked":["Rebound","Melter","Streamline"],"picked":"SKIP","floor":31.0},{"not_picked":["Rainbow","All For One"],"picked":"Biased Cognition","floor":33.0},{"not_picked":["Static Discharge","Sunder"],"picked":"Glacier","floor":35.0},{"not_picked":["FTL","Leap+1"],"picked":"Steam Power+1","floor":39.0},{"not_picked":["Redo","Gash"],"picked":"Compile Driver","floor":41.0},{"not_picked":["Redo","Barrage"],"picked":"Go for the Eyes","floor":42.0},{"not_picked":["Undo","Beam Cell"],"picked":"Turbo","floor":46.0},{"not_picked":["Rebound","Leap+1","Cold Snap"],"picked":"SKIP","floor":47.0},{"not_picked":["Turbo","Rebound"],"picked":"White Noise","floor":48.0},{"not_picked":["Compile Driver+1","Gash+1"],"picked":"Self Repair","floor":55}],"player_experience":1341128,"relics_obtained":[{"floor":6.0,"key":"Toy Ornithopter"},{"floor":8.0,"key":"Centennial Puzzle"},{"floor":9.0,"key":"Oddly Smooth Stone"},{"floor":21.0,"key":"Nilry\u0027s Codex"},{"floor":24.0,"key":"Blood Vial"},{"floor":26.0,"key":"White Beast Statue"},{"floor":27.0,"key":"Potion Belt"},{"floor":31.0,"key":"DataDisk"},{"floor":55,"key":"Dead Branch"}],"event_choices":[{"damage_healed":0.0,"max_hp_gain":0.0,"max_hp_loss":0.0,"gold_gain":275.0,"event_name":"Golden Shrine","player_choice":"Desecrate","floor":3.0,"gold_loss":0.0,"damage_taken":0.0,"cards_obtained":["Regret"]},{"cards_removed":["Regret"],"damage_healed":0.0,"max_hp_gain":0.0,"max_hp_loss":0.0,"gold_gain":0.0,"event_name":"The Cleric","player_choice":"Card Removal","floor":5.0,"gold_loss":75.0,"damage_taken":0.0},{"damage_healed":0.0,"max_hp_gain":0.0,"max_hp_loss":0.0,"gold_gain":0.0,"event_name":"Golden Wing","player_choice":"Ignored","floor":13.0,"gold_loss":0.0,"damage_taken":0.0},{"damage_healed":0.0,"max_hp_gain":0.0,"max_hp_loss":0.0,"gold_gain":0.0,"event_name":"Back to Basics","player_choice":"Simplicity","floor":19.0,"gold_loss":0.0,"damage_taken":0.0,"cards_upgraded":["Strike_B","Strike_B","Strike_B","Strike_B","Defend_B","Defend_B","Defend_B","Defend_B"]},{"damage_healed":0.0,"max_hp_gain":0.0,"max_hp_loss":0.0,"gold_gain":0.0,"event_name":"Cursed Tome","player_choice":"Obtained Book","floor":21.0,"gold_loss":0.0,"damage_taken":21.0},{"damage_healed":0.0,"max_hp_gain":0.0,"max_hp_loss":0.0,"gold_gain":999.0,"event_name":"MindBloom","player_choice":"Gold","floor":36.0,"gold_loss":0.0,"damage_taken":0.0,"cards_obtained":["Normality","Normality"]},{"cards_removed":["Normality"],"damage_healed":0.0,"max_hp_gain":0.0,"max_hp_loss":0.0,"gold_gain":0.0,"event_name":"Purifier","player_choice":"Purged","floor":37.0,"gold_loss":0.0,"damage_taken":0.0},{"damage_healed":0.0,"max_hp_gain":0.0,"max_hp_loss":0.0,"gold_gain":275.0,"event_name":"Golden Shrine","player_choice":"Desecrate","floor":45.0,"gold_loss":0.0,"damage_taken":0.0,"cards_obtained":["Regret"]}],"is_beta":false,"boss_relics":[{"not_picked":["Velvet Choker","Snecko Eye"],"picked":"Fusion Hammer"},{"not_picked":["SlaversCollar","Runic Dome"],"picked":"FrozenCore"}],"items_purged_floors":[38,54],"is_endless":false,"potions_floor_spawned":[1,2,6,11,20,27,29,30,31,33,35,39,41,42,46,47,48,55],"ascension_level":20}}