{"host":"4hkuu26ltn0le3bk","time":1610654931,"event":{"mods":["100% Spire Juice","Arknights The Spire","Astrologer","BaseMod","BetterRewards","Clockwork Mod","Colored Map","Colored Powertips","Downfall","Friendly Minions","Gremlin Mod","Hermit","Marisa????????","Minty Spire (QoL Compilation)","Quick Restart","StSLib","Td1madao Mod","The Bug Knight","The Construct","The Cursed","The Disciple","The Factory","The Hierophant","The Jungle","The Servant 0.9.4"],"gold_per_floor":[114,130,142,157,142,155,184,4,27,27,27,55,67,82,82,187,187,201,231,231,251,140,140,157,20,44,44,61,71,71,87,87,189,189,199,212,262,281,121,121,148,148,148,148,158,176,187,207,207,207,207,207,9,39,39,39],"floor_reached":55,"language":"ENG","playtime":3395,"items_purged":["ats:Strike S","ats:Strike G","ats:Support Order","ats:Composite Medical Shells"],"score":692,"play_id":"aa7404a2-4f59-404b-8f2c-b3dbaeb80e37","local_time":"20210114150851","is_ascension_mode":false,"campfire_choices":[{"data":"ats:Thorns","floor":15,"key":"SMITH"},{"data":"ats:Thorns","floor":23,"key":"SMITH"},{"data":"ats:Composite Medical Shells","floor":27,"key":"SMITH"},{"floor":32,"key":"RECALL"},{"data":"ats:Thorns","floor":40,"key":"SMITH"},{"data":"ats:Healing Drone","floor":42,"key":"SMITH"},{"data":"ats:Healing Drone","floor":44,"key":"SMITH"},{"data":"ats:Automatic Cover","floor":49,"key":"SMITH"},{"data":"ats:Emotion Absorption","floor":52,"key":"SMITH"}],"circlet_count":0,"master_deck":["ats:Strike C","ats:Armor Crushing Shot","ats:Defend","ats:Defend","ats:Defend","ats:Defend","ats:Emotion Absorption+1","ats:Dogmatic Field","ats:Steam Pump","ats:Shell Defense","ats:Revitalization","ats:Composite Medical Shells+1","ats:Thorns+1","ats:Revitalization","ats:Thorns+1","ats:Revitalization","ats:Beaten Up","ats:Automatic Cover+1","ats:Rat Pack","ats:Shell Defense","ats:Shell Defense","ats:Healing Drone+1","ats:Shell Defense","ats:Ambush","ats:Shell Defense+1","ats:Spore Proliferation+1","ats:Healing Drone+1","ats:Thorns+1","ats:Automatic Cover+1"],"relics":["ats:Sanity","ats:Originium","Lantern","Orrery","Meat on the Bone","Philosopher\u0027s Stone","Red Mask","Potion Belt","ats:Tactical Delivery","Du-Vu Doll","Anchor","Darkstone Periapt","Blood Vial"],"acts_visited":["Exordium","TheCity","TheBeyond","TheEnding"],"potions_floor_usage":[7,7,7,16,41,41,41,46,50,54,55,55,55],"damage_taken":[{"damage":5,"enemies":"Cultist","floor":1,"turns":4},{"damage":39,"enemies":"Small Slimes","floor":2,"turns":7},{"damage":82,"enemies":"Jaw Worm","floor":3,"turns":10},{"damage":40,"enemies":"Red Slaver","floor":4,"turns":5},{"damage":20,"enemies":"Exordium Thugs","floor":5,"turns":6},{"damage":15,"enemies":"2 Fungi Beasts","floor":6,"turns":5},{"damage":76,"enemies":"Lagavulin","floor":7,"turns":10},{"damage":6,"enemies":"Gremlin Nob","floor":12,"turns":4},{"damage":35,"enemies":"Red Slaver","floor":13,"turns":6},{"damage":50,"enemies":"Exordium Thugs","floor":14,"turns":6},{"damage":80,"enemies":"Slime Boss","floor":16,"turns":12},{"damage":42,"enemies":"Shell Parasite","floor":18,"turns":7},{"damage":68,"enemies":"Masked Bandits","floor":19,"turns":5},{"damage":68,"enemies":"2 Thieves","floor":21,"turns":4},{"damage":75,"enemies":"Sentry and Sphere","floor":24,"turns":7},{"damage":43,"enemies":"Shelled Parasite and Fungi","floor":28,"turns":5},{"damage":4,"enemies":"Cultist and Chosen","floor":29,"turns":4},{"damage":32,"enemies":"Snake Plant","floor":31,"turns":4},{"damage":59,"enemies":"Collector","floor":33,"turns":8},{"damage":8,"enemies":"3 Shapes","floor":35,"turns":6},{"damage":38,"enemies":"Orb Walker","floor":36,"turns":5},{"damage":36,"enemies":"Mind Bloom Boss Battle","floor":37,"turns":6},{"damage":37,"enemies":"4 Shapes","floor":38,"turns":6},{"damage":185,"enemies":"Giant Head","floor":41,"turns":11},{"damage":39,"enemies":"Sphere and 2 Shapes","floor":45,"turns":4},{"damage":62,"enemies":"Transient","floor":46,"turns":5},{"damage":67,"enemies":"Writhing Mass","floor":47,"turns":6},{"damage":14,"enemies":"3 Darklings","floor":48,"turns":4},{"damage":167,"enemies":"Awakened One","floor":50,"turns":14},{"damage":112,"enemies":"Shield and Spear","floor":54,"turns":5},{"damage":216,"enemies":"The Heart","floor":55,"turns":8}],"seed_played":"-1944571917727179472","potions_obtained":[{"floor":1,"key":"Fruit Juice"},{"floor":5,"key":"Weak Potion"},{"floor":6,"key":"Block Potion"},{"floor":12,"key":"AttackPotion"},{"floor":13,"key":"SpeedPotion"},{"floor":14,"key":"EssenceOfSteel"},{"floor":19,"key":"ColorlessPotion"},{"floor":21,"key":"champ:CounterPotion"},{"floor":28,"key":"Swift Potion"},{"floor":30,"key":"SkillPotion"},{"floor":30,"key":"Block Potion"},{"floor":31,"key":"Ancient Potion"},{"floor":41,"key":"LiquidBronze"},{"floor":45,"key":"construct:ShiftPotion"},{"floor":47,"key":"Regen Potion"}],"is_trial":false,"path_per_floor":["M","M","M","M","M","M","E","$","T","?","$","E","M","M","R","B",null,"M","?","?","M","$","R","M","$","T","R","M","M","?","M","R","B",null,"M","M","?","M","$","R","E","R","T","R","M","M","M","M","R","B",null,"R","$","E","B"],"character_chosen":"DOCTOR_CLASS","items_purchased":["ats:Revitalization","Orrery","ats:Healing Drone","ats:Support Order","ats:Thorns","ColorlessPotion"],"campfire_rested":0,"item_purchase_floors":[8,8,22,25,39,53],"current_hp_per_floor":[67,69,56,41,52,62,77,77,77,70,70,77,77,66,66,77,77,77,39,39,40,40,40,77,77,77,77,77,77,77,77,77,77,77,77,57,77,77,77,77,41,41,41,41,61,48,58,77,77,77,77,77,77,72,0,0],"gold":39,"neow_bonus":"ONE_RANDOM_RARE_CARD","is_daily":false,"chose_seed":false,"campfire_upgraded":8,"win_rate":0.0,"timestamp":1610654931,"path_taken":["M","M","M","?","M","M","E","$","T","?","?","E","?","M","R","BOSS","M","?","?","?","$","R","M","?","T","R","M","M","?","?","R","BOSS","M","M","?","M","$","R","E","R","T","R","M","M","M","M","R","BOSS","R","$","E","BOSS"],"items_purchased_type":["Card","Relic","Card","Card","Card","Potion"],"build_version":"2020-12-22","purchased_purges":4,"victory":false,"max_hp_per_floor":[72,72,72,72,72,72,77,77,77,77,77,77,77,77,77,77,77,77,77,77,77,77,77,77,77,77,77,77,77,77,77,77,77,77,77,77,77,77,77,77,77,77,77,77,77,77,77,77,77,77,77,77,77,77,77,77],"card_choices":[{"not_picked":["ats:Demon Strength","ats:Powerful Strike"],"picked":"ats:Steam Pump","floor":1},{"not_picked":["ats:Hammer On","ats:Apocalypse"],"picked":"ats:Shell Defense","floor":2},{"not_picked":["ats:Cat Scratch","ats:Flexible Camouflage"],"picked":"ats:Revitalization","floor":3},{"not_picked":["ats:Apocalypse","ats:Childhood Dance"],"picked":"ats:Composite Medical Shells","floor":4},{"not_picked":["ats:Assault Order","ats:Cat Scratch"],"picked":"ats:Thorns","floor":5},{"not_picked":["ats:Explosion Area Strengthen","ats:Volcano"],"picked":"ats:Revitalization","floor":6},{"not_picked":["ats:Powerful Strike","ats:Flame Of Heaven"],"picked":"ats:Thorns","floor":7},{"not_picked":["ats:Closed Bolt Burst Fire","ats:Powerful Strike"],"picked":"ats:Beaten Up","floor":8},{"not_picked":["ats:Ignite","ats:Curse Doll"],"picked":"ats:Automatic Cover","floor":8},{"not_picked":["ats:Red Shift","ats:Flame Of Heaven"],"picked":"ats:Rat Pack","floor":8},{"not_picked":["ats:Shadow Raid","ats:Echo Reverb","ats:Poison Spread"],"picked":"SKIP","floor":12},{"not_picked":["ats:Mental Burst","ats:Magnetic Hammer","ats:Poison Spread"],"picked":"SKIP","floor":13},{"not_picked":["ats:Apocalypse","ats:Revitalization"],"picked":"ats:Shell Defense","floor":14},{"not_picked":["ats:Hammer On","ats:Consecutive Shot Auto"],"picked":"ats:Shell Defense","floor":18},{"not_picked":["ats:Collapsing Strike+1","ats:Demon Strength","ats:Thermite Blade"],"picked":"SKIP","floor":21},{"not_picked":["ats:Revitalization","ats:Curse Doll"],"picked":"ats:Shell Defense","floor":24},{"not_picked":["ats:Assault Order+1","ats:Cat Scratch","ats:Neurotoxin"],"picked":"SKIP","floor":28},{"not_picked":["ats:Childhood Dance","ats:Poison Spread+1","ats:Soul Absorption"],"picked":"SKIP","floor":29},{"not_picked":["ats:Defend Order+1","ats:Fractured Body","ats:Shadow Raid"],"picked":"SKIP","floor":31},{"not_picked":["ats:Echo Reverb","ats:Fractured Body"],"picked":"ats:Ambush","floor":33},{"not_picked":["ats:Poison Spread","ats:Hammer On"],"picked":"ats:Shell Defense+1","floor":35},{"not_picked":["ats:Curse Doll+1","ats:Flexible Camouflage"],"picked":"ats:Spore Proliferation+1","floor":36},{"not_picked":["ats:Flexible Camouflage","ats:Neurotoxin"],"picked":"ats:Healing Drone","floor":37},{"not_picked":["ats:Assault Order","ats:Ignite","ats:Fractured Body"],"picked":"SKIP","floor":38},{"not_picked":["ats:True Silver Slash","ats:Directed Diagnosis","ats:Ignite"],"picked":"SKIP","floor":41},{"not_picked":["ats:Shell Defense","ats:Explosion Area Strengthen+1"],"picked":"ats:Composite Medical Shells","floor":45},{"not_picked":["ats:Shell Defense","ats:Curse Doll+1","ats:Chain Hook"],"picked":"SKIP","floor":46},{"not_picked":["ats:Spore Proliferation","ats:Overload","ats:Apocalypse"],"picked":"SKIP","floor":47},{"not_picked":["ats:Poison Spread","ats:Red Shift+1"],"picked":"ats:Automatic Cover+1","floor":48},{"not_picked":["ats:Magnetic Hammer","ats:Powerful Strike","ats:Closed Bolt Burst Fire+1"],"picked":"SKIP","floor":54}],"player_experience":198426,"relics_obtained":[{"floor":7,"key":"ats:Originium"},{"floor":7,"key":"Lantern"},{"floor":12,"key":"ats:Originium"},{"floor":12,"key":"Meat on the Bone"},{"floor":19,"key":"Red Mask"},{"floor":26,"key":"Potion Belt"},{"floor":37,"key":"Du-Vu Doll"},{"floor":41,"key":"Anchor"},{"floor":43,"key":"Darkstone Periapt"},{"floor":54,"key":"Blood Vial"}],"event_choices":[{"cards_removed":["ats:Strike V"],"damage_healed":0,"gold_gain":0,"player_choice":"Card Removal","damage_taken":7,"max_hp_gain":0,"max_hp_loss":0,"event_name":"Golden Wing","floor":10,"gold_loss":0},{"damage_healed":0,"gold_gain":0,"player_choice":"Fought Bandits","damage_taken":0,"max_hp_gain":0,"max_hp_loss":0,"event_name":"Masked Bandits","floor":19,"gold_loss":0},{"damage_healed":0,"gold_gain":0,"player_choice":"Ignored","damage_taken":0,"max_hp_gain":0,"max_hp_loss":0,"event_name":"NoteForYourself","floor":20,"gold_loss":0},{"damage_healed":0,"gold_gain":0,"player_choice":"Got Potions","damage_taken":0,"max_hp_gain":0,"max_hp_loss":0,"event_name":"Lab","floor":30,"gold_loss":0},{"damage_healed":0,"gold_gain":0,"player_choice":"Fight","damage_taken":0,"max_hp_gain":0,"max_hp_loss":0,"event_name":"MindBloom","floor":37,"gold_loss":0}],"is_beta":false,"boss_relics":[{"not_picked":["Runic Pyramid","Busted Crown"],"picked":"Philosopher\u0027s Stone"},{"not_picked":["Fusion Hammer","Tiny House"],"picked":"ats:Tactical Delivery"}],"items_purged_floors":[22,25,39,53],"is_endless":false,"potions_floor_spawned":[1,5,6,12,13,14,19,21,28,31,36,37,41,45,47],"killed_by":"The Heart","ascension_level":0}}