{"host":"wogey4gsknv4ot2d","time":1610596990,"event":{"mods":["AchievementEnabler","BaseMod","Bestiary","Colored Map","Colored Powertips","Key Reminder","Minty Spire (QoL Compilation)","Permanent Neow","Rare Cards Sparkle","Relic Stats","The IronCluck","slay the spire mod where everything is the same but ironclad has a cowboy hat"],"gold_per_floor":[109,109,122,135,146,146,165,193,193,193,207,241,241,10,10,10,10],"floor_reached":16,"language":"ENG","playtime":488,"items_purged":[],"score":112,"play_id":"94ab187d-d557-4f43-8eb7-78b4f063ddb3","local_time":"20210113220310","is_ascension_mode":false,"campfire_choices":[{"data":"Cleave","floor":6,"key":"SMITH"},{"floor":10,"key":"REST"},{"data":"Combust","floor":13,"key":"SMITH"},{"data":"Hemokinesis","floor":15,"key":"SMITH"}],"circlet_count":0,"master_deck":["Strike_R","Strike_R","Strike_R","Strike_R","Strike_R","Defend_R","Defend_R","Defend_R","Defend_R","Bash","Inflame","Shame","Juggernaut","Rage","Combust+1","Cleave+1","Twin Strike","Hemokinesis+1","Feed","Flame Barrier","Combust","Intimidate","Twin Strike"],"relics":["Burning Blood","Ornamental Fan","Strawberry","MealTicket","TheAbacus"],"acts_visited":["Exordium"],"potions_floor_usage":[8,8],"damage_taken":[{"damage":4,"enemies":"Cultist","floor":1,"turns":4},{"damage":7,"enemies":"Small Slimes","floor":3,"turns":4},{"damage":10,"enemies":"2 Louse","floor":4,"turns":3},{"damage":18,"enemies":"Red Slaver","floor":5,"turns":3},{"damage":13,"enemies":"3 Louse","floor":7,"turns":2},{"damage":33,"enemies":"Lagavulin","floor":8,"turns":4},{"damage":16,"enemies":"Exordium Thugs","floor":11,"turns":4},{"damage":7,"enemies":"Gremlin Nob","floor":12,"turns":3},{"damage":69,"enemies":"The Guardian","floor":16,"turns":10}],"seed_played":"-4795633974089751069","potions_obtained":[{"floor":0,"key":"DistilledChaos"},{"floor":0,"key":"DistilledChaos"}],"is_trial":false,"path_per_floor":["M","?","M","M","M","R","M","E","T","R","M","E","R","$","R","B"],"character_chosen":"IRONCLAD","items_purchased":["TheAbacus","Intimidate","Twin Strike"],"campfire_rested":1,"item_purchase_floors":[14,14,14],"current_hp_per_floor":[80,80,79,75,63,63,56,29,36,62,52,51,51,66,66,0,0],"gold":10,"neow_bonus":"THREE_SMALL_POTIONS","is_daily":false,"chose_seed":false,"campfire_upgraded":3,"win_rate":0.0,"timestamp":1610596990,"path_taken":["M","?","?","M","M","R","M","E","T","R","M","E","R","?","R","BOSS"],"items_purchased_type":["Relic","Card","Card"],"build_version":"2020-12-22","purchased_purges":0,"victory":false,"max_hp_per_floor":[80,80,80,80,80,80,80,80,87,87,87,87,87,87,87,87,87],"relic_stats":{"TheAbacus":[12],"counters":[9,37],"Ornamental Fan":[8],"MealTicket":15,"obtain_stats":[{"TheAbacus":14,"Ornamental Fan":8,"Strawberry":9,"MealTicket":12,"Burning Blood":0},{"TheAbacus":8,"Ornamental Fan":6,"Strawberry":6,"MealTicket":8,"Burning Blood":0},{"TheAbacus":27,"Ornamental Fan":20,"Strawberry":20,"MealTicket":27,"Burning Blood":0}],"Burning Blood":46},"card_choices":[{"not_picked":["Twin Strike","Perfected Strike"],"picked":"Inflame","floor":1},{"not_picked":["Disarm","Clash"],"picked":"Combust","floor":3},{"not_picked":["Twin Strike","Bloodletting"],"picked":"Cleave","floor":4},{"not_picked":["Reckless Charge","Pummel"],"picked":"Twin Strike","floor":5},{"not_picked":["Warcry","True Grit"],"picked":"Hemokinesis","floor":7},{"not_picked":["Flame Barrier","Uppercut"],"picked":"Feed","floor":8},{"not_picked":["Rage","Armaments"],"picked":"Flame Barrier","floor":11},{"not_picked":["Perfected Strike","Clash"],"picked":"Combust","floor":12}],"player_experience":28736,"relics_obtained":[{"floor":8,"key":"Ornamental Fan"},{"floor":9,"key":"Strawberry"},{"floor":12,"key":"MealTicket"}],"event_choices":[{"damage_healed":0,"gold_gain":0,"player_choice":"3 cards matched","damage_taken":0,"max_hp_gain":0,"max_hp_loss":0,"event_name":"Match and Keep!","floor":2,"gold_loss":0,"cards_obtained":["Shame","Juggernaut","Rage"]}],"is_beta":false,"boss_relics":[],"items_purged_floors":[],"is_endless":false,"potions_floor_spawned":[5,7,12],"killed_by":"The Guardian","ascension_level":0}}