{"host":"1a3cjta80tad0aqj","time":1610632262,"event":{"mods":["2.2 Compatiblity","AchievementEnabler","BaseMod","Colored Map","DeckTracker","KOR Keyword Fix","Keyboard Shortcuts","Minty Spire (QoL Compilation)","Permanent Neow","Quick Restart","Random Character Button","StSLib","SuperFastMode","everything is the same but u backflip on backflip"],"gold_per_floor":[109,109,121,131,146,146,181,181,206,206,217,251,33,33,33,134,134,151,161,161,61,61,61,61,72,72,103,103,115,40,66,66,168,168,181,181,194,207,82,82,97,97,97,111,122,122,122,122,122,122],"floor_reached":51,"language":"KOR","playtime":1899,"items_purged":["Defend_P","Strike_P","Defend_P"],"score":1119,"play_id":"ec7247cc-9fc9-4c3f-964c-ac5fe96c86ae","local_time":"20210114225102","is_ascension_mode":true,"campfire_choices":[{"data":"FearNoEvil","floor":6.0,"key":"SMITH"},{"data":"Vault","floor":8.0,"key":"SMITH"},{"floor":10.0,"key":"REST"},{"data":"Tantrum","floor":15.0,"key":"SMITH"},{"data":"Vault","floor":23.0,"key":"SMITH"},{"data":"Halt","floor":28.0,"key":"SMITH"},{"floor":32.0,"key":"REST"},{"data":"Scrawl","floor":40.0,"key":"SMITH"},{"data":"CutThroughFate","floor":42,"key":"SMITH"},{"data":"Strike_P","floor":47,"key":"PURGE"},{"data":"Defend_P","floor":49,"key":"PURGE"}],"circlet_count":0,"master_deck":["Strike_P","Eruption+1","Vigilance","EmptyBody+1","FearNoEvil+1","FlurryOfBlows","Halt+1","Vault+1","Tantrum+1","CutThroughFate+1","Vault+1","Scrawl+1","MentalFortress+1"],"relics":["PureWater","Boot","PreservedInsect","Juzu Bracelet","Bag of Marbles","White Beast Statue","SacredBark","Singing Bowl","StoneCalendar","Anchor","VioletLotus","Peace Pipe"],"acts_visited":["Exordium","TheCity","TheBeyond"],"potions_floor_usage":[50,50],"damage_taken":[{"damage":5.0,"enemies":"2 Louse","floor":1.0,"turns":3.0},{"damage":0.0,"enemies":"Cultist","floor":3.0,"turns":3.0},{"damage":4.0,"enemies":"Jaw Worm","floor":4.0,"turns":4.0},{"damage":0.0,"enemies":"Exordium Thugs","floor":5.0,"turns":3.0},{"damage":13.0,"enemies":"Gremlin Nob","floor":7.0,"turns":4.0},{"damage":4.0,"enemies":"Looter","floor":11.0,"turns":3.0},{"damage":0.0,"enemies":"Lagavulin","floor":12.0,"turns":3.0},{"damage":8.0,"enemies":"Slime Boss","floor":16.0,"turns":6.0},{"damage":3.0,"enemies":"Spheric Guardian","floor":18.0,"turns":4.0},{"damage":2.0,"enemies":"Shell Parasite","floor":19.0,"turns":3.0},{"damage":0.0,"enemies":"Chosen and Byrds","floor":25.0,"turns":3.0},{"damage":0.0,"enemies":"Slavers","floor":27.0,"turns":2.0},{"damage":0.0,"enemies":"Shelled Parasite and Fungi","floor":29.0,"turns":1.0},{"damage":0.0,"enemies":"Book of Stabbing","floor":31.0,"turns":4.0},{"damage":27.0,"enemies":"Automaton","floor":33.0,"turns":8.0},{"damage":0.0,"enemies":"3 Darklings","floor":35.0,"turns":5.0},{"damage":0.0,"enemies":"Orb Walker","floor":37.0,"turns":2.0},{"damage":0.0,"enemies":"Jaw Worm Horde","floor":38.0,"turns":3.0},{"damage":0,"enemies":"Maw","floor":41,"turns":6},{"damage":0,"enemies":"Spire Growth","floor":44,"turns":4},{"damage":0,"enemies":"Jaw Worm Horde","floor":45,"turns":4},{"damage":66,"enemies":"Donu and Deca","floor":50,"turns":10}],"seed_played":"3859308074724546348","potions_obtained":[{"floor":3.0,"key":"LiquidBronze"},{"floor":4.0,"key":"ColorlessPotion"},{"floor":7.0,"key":"Ancient Potion"},{"floor":16.0,"key":"SneckoOil"},{"floor":18.0,"key":"AttackPotion"},{"floor":19.0,"key":"GamblersBrew"},{"floor":25.0,"key":"StancePotion"},{"floor":27.0,"key":"AttackPotion"},{"floor":29.0,"key":"SneckoOil"},{"floor":31.0,"key":"AttackPotion"},{"floor":33.0,"key":"LiquidMemories"},{"floor":35.0,"key":"SteroidPotion"},{"floor":38.0,"key":"StancePotion"},{"floor":48,"key":"Ambrosia"}],"is_trial":false,"path_per_floor":["M","?","M","M","M","R","E","R","T","R","M","E","$","T","R","B",null,"M","M","?","$","?","R","$","M","T","E","R","M","?","E","R","B",null,"M","?","M","M","$","R","M","R","T","M","M","$","R","?","R","B",null],"character_chosen":"WATCHER","items_purchased":["Bag of Marbles"],"campfire_rested":2,"item_purchase_floors":[13],"current_hp_per_floor":[60,60,60,56,56,56,43,43,43,64,60,60,60,60,60,52,67,64,62,62,62,49,49,49,49,49,51,51,53,53,55,79,52,75,77,77,79,81,81,81,83,83,83,83,85,85,85,85,85,19],"gold":122,"neow_bonus":"UPGRADE_CARD","is_daily":false,"chose_seed":false,"campfire_upgraded":7,"win_rate":0.0,"timestamp":1610632262,"path_taken":["M","?","M","M","M","R","E","R","T","R","?","E","$","?","R","BOSS","M","M","?","$","?","R","?","M","T","E","R","M","?","E","R","BOSS","M","?","M","M","$","R","M","R","T","M","M","$","R","?","R","BOSS"],"items_purchased_type":["Relic"],"build_version":"2020-12-22","purchased_purges":3,"victory":true,"max_hp_per_floor":[72,72,72,72,72,72,72,72,72,72,72,72,72,72,72,72,72,72,72,72,72,77,77,77,77,77,79,79,81,81,83,83,83,83,85,85,87,89,89,89,91,91,91,91,93,93,93,93,93,93],"card_choices":[{"not_picked":["FlurryOfBlows","Weave"],"picked":"EmptyBody","floor":1.0},{"not_picked":["Evaluate","CrushJoints"],"picked":"FearNoEvil","floor":3.0},{"not_picked":["EmptyBody","Crescendo"],"picked":"FlurryOfBlows","floor":4.0},{"not_picked":["Sanctity","Evaluate"],"picked":"Halt","floor":5.0},{"not_picked":["Indignation","FlyingSleeves"],"picked":"Vault","floor":7.0},{"not_picked":["ThirdEye","FlyingSleeves"],"picked":"Tantrum","floor":11.0},{"not_picked":["Perseverance","FlyingSleeves"],"picked":"CutThroughFate","floor":12.0},{"not_picked":["Wish","SpiritShield"],"picked":"Vault","floor":16.0},{"not_picked":["Swivel","LikeWater","CutThroughFate"],"picked":"SKIP","floor":18.0},{"not_picked":["Sanctity","ThirdEye+1","ForeignInfluence"],"picked":"SKIP","floor":19.0},{"not_picked":["CrushJoints","FlyingSleeves+1","ClearTheMind"],"picked":"SKIP","floor":25.0},{"not_picked":["BowlingBash+1","InnerPeace","CrushJoints"],"picked":"Singing Bowl","floor":27.0},{"not_picked":["EmptyBody","Halt","CutThroughFate"],"picked":"Singing Bowl","floor":29.0},{"not_picked":["DevaForm","CutThroughFate","Perseverance"],"picked":"Singing Bowl","floor":31.0},{"not_picked":["DeusExMachina","Ragnarok"],"picked":"Scrawl","floor":33.0},{"not_picked":["Pray+1","Consecrate","Swivel"],"picked":"Singing Bowl","floor":35.0},{"not_picked":["EmptyFist","InnerPeace+1","ThirdEye+1"],"picked":"Singing Bowl","floor":37.0},{"not_picked":["BowlingBash","BattleHymn","FollowUp+1"],"picked":"Singing Bowl","floor":38.0},{"not_picked":["Worship","Protect","BowlingBash"],"picked":"Singing Bowl","floor":41},{"not_picked":["CutThroughFate","BowlingBash"],"picked":"MentalFortress+1","floor":44},{"not_picked":["SandsOfTime+1","SashWhip","Pray+1"],"picked":"Singing Bowl","floor":45}],"player_experience":630593,"relics_obtained":[{"floor":7.0,"key":"Boot"},{"floor":9.0,"key":"PreservedInsect"},{"floor":12.0,"key":"Juzu Bracelet"},{"floor":14.0,"key":"White Beast Statue"},{"floor":26.0,"key":"Singing Bowl"},{"floor":27.0,"key":"StoneCalendar"},{"floor":31.0,"key":"Anchor"},{"floor":43,"key":"Peace Pipe"}],"event_choices":[{"damage_healed":0.0,"max_hp_gain":0.0,"max_hp_loss":0.0,"gold_gain":0.0,"event_name":"Accursed Blacksmith","player_choice":"Forge","floor":2.0,"gold_loss":0.0,"damage_taken":0.0,"cards_upgraded":["EmptyBody"]},{"cards_removed":["Defend_P"],"damage_healed":0.0,"max_hp_gain":0.0,"max_hp_loss":0.0,"gold_gain":0.0,"event_name":"Back to Basics","player_choice":"Elegance","floor":20.0,"gold_loss":0.0,"damage_taken":0.0},{"damage_healed":0.0,"max_hp_gain":5.0,"max_hp_loss":0.0,"gold_gain":0.0,"event_name":"Forgotten Altar","player_choice":"Shed Blood","floor":22.0,"gold_loss":0.0,"damage_taken":18.0},{"cards_removed":["Strike_P"],"damage_healed":0.0,"max_hp_gain":0.0,"max_hp_loss":0.0,"gold_gain":0.0,"event_name":"Beggar","player_choice":"Gave Gold","floor":30.0,"gold_loss":75.0,"damage_taken":0.0},{"damage_healed":0.0,"max_hp_gain":0.0,"max_hp_loss":0.0,"gold_gain":0.0,"event_name":"SecretPortal","player_choice":"Ignored","floor":36.0,"gold_loss":0.0,"damage_taken":0.0},{"damage_healed":0,"gold_gain":0,"player_choice":"Got Potions","damage_taken":0,"max_hp_gain":0,"max_hp_loss":0,"event_name":"Lab","floor":48,"gold_loss":0}],"is_beta":false,"boss_relics":[{"not_picked":["Velvet Choker","Busted Crown"],"picked":"SacredBark"},{"not_picked":["Pandora\u0027s Box","Black Star"],"picked":"VioletLotus"}],"items_purged_floors":[13,21,39],"is_endless":false,"potions_floor_spawned":[3,4,7,16,18,19,25,27,29,31,33,35,37,38,41,44,45],"ascension_level":9}}