{"host":"0cgp910o8339lr91","time":1610639967,"event":{"mods":["BaseMod","Block Reminder","Colored Map","Colored Powertips","Minty Spire (QoL Compilation)","Relic Stats","Slay-I","ojb\u0027s Better Paths Mod","ojb\u0027s Info Mod"],"gold_per_floor":[117,128,49,63,79,79,106,106,106,106,118,118,118,118,118],"floor_reached":14,"language":"ENG","playtime":964,"items_purged":[],"score":158,"play_id":"af4ed718-5f42-411f-bf1e-0170ca908c24","local_time":"20210114165927","is_ascension_mode":true,"campfire_choices":[{"data":"Chill","floor":6,"key":"SMITH"},{"data":"Recycle","floor":8,"key":"SMITH"},{"data":"Zap","floor":10,"key":"SMITH"},{"data":"Dualcast","floor":12,"key":"SMITH"}],"circlet_count":0,"master_deck":["AscendersBane","Strike_B","Strike_B","Strike_B","Strike_B","Defend_B","Defend_B","Defend_B","Defend_B","Zap+1","Dualcast+1","Ball Lightning","Conserve Battery","Chill+1","Ball Lightning","Recycle+1","Conserve Battery"],"relics":["Inserter","Darkstone Periapt","Frozen Egg 2"],"acts_visited":["Exordium"],"potions_floor_usage":[14],"damage_taken":[{"damage":1,"enemies":"Cultist","floor":1,"turns":3},{"damage":12,"enemies":"Small Slimes","floor":2,"turns":4},{"damage":5,"enemies":"Jaw Worm","floor":4,"turns":4},{"damage":1,"enemies":"Exordium Wildlife","floor":5,"turns":4},{"damage":9,"enemies":"3 Sentries","floor":7,"turns":8},{"damage":0,"enemies":"Lots of Slimes","floor":11,"turns":5},{"damage":37,"enemies":"Gremlin Nob","floor":14,"turns":4}],"seed_played":"7822004563127773755","potions_obtained":[{"floor":7,"key":"GamblersBrew"}],"is_trial":false,"path_per_floor":["M","M","$","M","M","R","E","R","T","R","M","R","?","E"],"character_chosen":"DEFECT","items_purchased":["Chill"],"campfire_rested":0,"item_purchase_floors":[3],"current_hp_per_floor":[63,51,51,46,45,45,36,36,36,36,36,36,36,0,0],"gold":118,"neow_bonus":"BOSS_RELIC","is_daily":false,"chose_seed":false,"campfire_upgraded":4,"win_rate":0.0,"timestamp":1610639967,"path_taken":["M","?","?","M","?","R","E","R","T","R","M","R","?","E"],"items_purchased_type":["Card"],"build_version":"2020-12-22","purchased_purges":0,"victory":false,"max_hp_per_floor":[71,71,71,71,71,71,71,71,71,71,71,71,71,71,71],"relic_stats":{"Darkstone Periapt":0,"Inserter":[16],"counters":[7,32],"obtain_stats":[{"Darkstone Periapt":7,"Inserter":0,"Frozen Egg 2":9,"Cracked Core":0},{"Darkstone Periapt":5,"Inserter":0,"Frozen Egg 2":5,"Cracked Core":0},{"Darkstone Periapt":23,"Inserter":0,"Frozen Egg 2":23,"Cracked Core":0}]},"card_choices":[{"not_picked":["Compile Driver","Stack"],"picked":"Ball Lightning","floor":1},{"not_picked":["Steam Power","Gash"],"picked":"Conserve Battery","floor":2},{"not_picked":["Go for the Eyes","Blizzard"],"picked":"Ball Lightning","floor":4},{"not_picked":["Barrage","Static Discharge"],"picked":"Recycle","floor":5},{"not_picked":["Go for the Eyes","Amplify"],"picked":"Conserve Battery","floor":7},{"not_picked":["Scrape","Auto Shields","Conserve Battery"],"picked":"SKIP","floor":11}],"player_experience":1425895,"relics_obtained":[{"floor":7,"key":"Darkstone Periapt"},{"floor":9,"key":"Frozen Egg 2"}],"event_choices":[{"damage_healed":0,"gold_gain":0,"player_choice":"Ignored","damage_taken":0,"max_hp_gain":0,"max_hp_loss":0,"event_name":"Liars Game","floor":13,"gold_loss":0}],"is_beta":false,"boss_relics":[],"items_purged_floors":[],"is_endless":false,"potions_floor_spawned":[7],"killed_by":"Gremlin Nob","ascension_level":15}}