{"host":"0cm5wy4nhuju7tij","time":1610595875,"event":{"mods":["100% Spire Juice","2.2 Compatiblity","AchievementEnabler","Aspiration","BaseMod","Better Third Choice","BetterRewards","CCEM","CapriCore","Chen","Colored Powertips","Curses Come First","Custom Start","Displayed Cursed Tome","Downfall","Energized Spire","Evolution","Filter the Spire","Fireblade Mod","Highlight Path","Jess\u0027s Bottle","Minty Spire (QoL Compilation)","Onozuka Komachi Mod","Permanent Neow","Relic Stats","Shop Mod","Spicy Shops","StSLib","The Caster","The Cursed","The Fake Hero","The Juggle","The Sage","TheFirefly","thorton"],"gold_per_floor":[110,128,146,164,182,182,193,193,219,219,234,265,265,280,280,380,380,393,364,364,364],"floor_reached":20,"language":"ENG","playtime":2053,"items_purged":[],"score":180,"play_id":"f7ecbb91-decf-4a63-b6c1-b07166c98c85","local_time":"20210113224435","is_ascension_mode":false,"campfire_choices":[{"floor":6,"key":"REST"},{"data":"jugglermod: TripletFlow","floor":8,"key":"SMITH"},{"floor":13,"key":"REST"},{"floor":15,"key":"REST"}],"circlet_count":0,"master_deck":["jugglermod: RushJob+1","jugglermod: Strike","jugglermod: Strike","jugglermod: Strike","jugglermod: Defend","jugglermod: Defend","jugglermod: Defend","jugglermod: Defend","jugglermod: HighThrow","jugglermod: RightHook","jugglermod: GadgetArm","jugglermod: ImpactWeight","jugglermod: PalmDrop","jugglermod: HardPass","jugglermod: BobAndWeave","jugglermod: TripletFlow+1","jugglermod: ShieldPattern","jugglermod: Spike","jugglermod: Quieten","jugglermod: SolarForm","jugglermod: RushJob+1","jugglermod: PocketSearch"],"relics":["jugglermod: WetwareUpgrade","EVO:Axolotl","Tiny Chest","CCEMRelics:OrganicArmor","Busted Crown"],"acts_visited":["Exordium","TheCity"],"potions_floor_usage":[16,16,20],"damage_taken":[{"damage":13,"enemies":"Small Slimes","floor":1,"turns":3},{"damage":6,"enemies":"2 Louse","floor":2,"turns":4},{"damage":1,"enemies":"Jaw Worm","floor":3,"turns":5},{"damage":8,"enemies":"3 Louse","floor":4,"turns":6},{"damage":19,"enemies":"Large Slime","floor":5,"turns":9},{"damage":0,"enemies":"2 Fungi Beasts","floor":7,"turns":6},{"damage":13,"enemies":"Exordium Thugs","floor":11,"turns":7},{"damage":30,"enemies":"Gremlin Nob","floor":12,"turns":5},{"damage":16,"enemies":"Large Slime","floor":14,"turns":5},{"damage":16,"enemies":"Slime Boss","floor":16,"turns":10},{"damage":9,"enemies":"Shell Parasite","floor":18,"turns":10},{"damage":46,"enemies":"2 Thieves","floor":19,"turns":5},{"damage":41,"enemies":"Masked Bandits","floor":20,"turns":3}],"seed_played":"-7211500033108781713","potions_obtained":[{"floor":2,"key":"ColorlessPotion"},{"floor":3,"key":"PowerPotion"},{"floor":7,"key":"DistilledChaos"},{"floor":18,"key":"Regen Potion"}],"is_trial":false,"path_per_floor":["M","M","M","M","M","R","M","R","T","?","M","E","R","M","R","B",null,"M","M","?"],"character_chosen":"THE_JUGGLER","items_purchased":[],"campfire_rested":3,"item_purchase_floors":[],"current_hp_per_floor":[62,56,55,47,28,50,50,50,50,50,37,7,29,13,35,19,75,66,20,0,0],"gold":364,"neow_bonus":"UPGRADE_CARD","is_daily":false,"chose_seed":false,"campfire_upgraded":1,"win_rate":0.0,"timestamp":1610595875,"path_taken":["M","M","M","M","M","R","M","R","T","?","M","E","R","M","R","BOSS","M","M","?"],"items_purchased_type":[],"build_version":"2020-12-22","purchased_purges":0,"victory":false,"max_hp_per_floor":[75,75,75,75,75,75,75,75,75,75,75,75,75,75,75,75,75,75,75,75,75],"relic_stats":{"Busted Crown":4,"counters":[13,78],"Tiny Chest":0,"obtain_stats":[{"Busted Crown":17,"Tiny Chest":9,"EVO:Axolotl":0,"jugglermod: WetwareUpgrade":0,"CCEMRelics:OrganicArmor":12},{"Busted Crown":10,"Tiny Chest":6,"EVO:Axolotl":0,"jugglermod: WetwareUpgrade":0,"CCEMRelics:OrganicArmor":8},{"Busted Crown":60,"Tiny Chest":33,"EVO:Axolotl":0,"jugglermod: WetwareUpgrade":0,"CCEMRelics:OrganicArmor":45}]},"card_choices":[{"not_picked":["jugglermod: RushJob","jugglermod: InsideOut"],"picked":"jugglermod: GadgetArm","floor":1},{"not_picked":["jugglermod: RushJob","jugglermod: Cascade"],"picked":"jugglermod: ImpactWeight","floor":2},{"not_picked":["jugglermod: GadgetArm","jugglermod: Cascade"],"picked":"jugglermod: PalmDrop","floor":3},{"not_picked":["jugglermod: FindBalance","jugglermod: FloorBounce"],"picked":"jugglermod: HardPass","floor":4},{"not_picked":["jugglermod: PocketSearch","jugglermod: CircleSight"],"picked":"jugglermod: BobAndWeave","floor":5},{"not_picked":["jugglermod: VanishingAct","jugglermod: GlassCannon"],"picked":"jugglermod: TripletFlow","floor":7},{"not_picked":["jugglermod: TheCrush","jugglermod: VanishingAct"],"picked":"jugglermod: ShieldPattern","floor":11},{"not_picked":["jugglermod: Blindside","jugglermod: SlowMotion"],"picked":"jugglermod: Spike","floor":12},{"not_picked":["jugglermod: Multiplex","jugglermod: Uplift"],"picked":"jugglermod: Quieten","floor":14},{"not_picked":["jugglermod: ThroughTheVeil","jugglermod: BlanketThem"],"picked":"jugglermod: SolarForm","floor":16},{"not_picked":[],"picked":"jugglermod: RushJob+1","floor":18},{"not_picked":[],"picked":"jugglermod: PocketSearch","floor":19}],"player_experience":244941,"relics_obtained":[{"floor":9,"key":"Tiny Chest"},{"floor":12,"key":"CCEMRelics:OrganicArmor"}],"event_choices":[{"damage_healed":0,"gold_gain":0,"player_choice":"Ignored","damage_taken":219,"max_hp_gain":0,"max_hp_loss":0,"event_name":"betterThird:BetterSerpent","floor":10,"gold_loss":0},{"damage_healed":0,"gold_gain":0,"player_choice":"Fought Bandits","damage_taken":0,"max_hp_gain":0,"max_hp_loss":0,"event_name":"Masked Bandits","floor":20,"gold_loss":0}],"is_beta":false,"boss_relics":[{"not_picked":["Tiny House","energizedSpire:RedRose"],"picked":"Busted Crown"}],"items_purged_floors":[],"is_endless":false,"potions_floor_spawned":[2,3,7,11,12,18],"killed_by":"Masked Bandits","ascension_level":0}}