{"host":"ygfasg9u7olr7skw","time":1610655777,"event":{"mods":["AchievementEnabler","BaseMod","Better Note","Better Vampires","Colored Powertips","Minty Spire (QoL Compilation)","Replay The Spire","Spicy Shops","StSLib","The IronCluck"],"gold_per_floor":[118,293,311,65,85,85,119,119,154,184,196,208,233,245,257,389,401,433,445,457,457,469,481,511,523,583,629,655,667,679,691,691],"floor_reached":31,"language":"ENG","playtime":1683,"items_purged":["Doubt"],"score":316,"play_id":"34b2fb40-5d4d-4aa0-8e4c-a16f5b2805ae","local_time":"20210114152257","is_ascension_mode":true,"campfire_choices":[{"data":"Defragment","floor":6,"key":"SMITH"},{"data":"Barrage","floor":12,"key":"SMITH"},{"floor":15,"key":"REST"},{"data":"Defragment","floor":23,"key":"SMITH"},{"floor":25,"key":"REST"}],"circlet_count":0,"master_deck":["Strike_B","Strike_B","Defend_B","Defend_B","Defend_B","Defend_B","Zap+1","Dualcast","Barrage+1","Ball Lightning","Defragment+1","Cold Snap","Darkness+1","Biased Cognition+1","Creative AI+1","Creative AI+1","Defragment+1","Panic Button","Biased Cognition+1"],"relics":["Cracked Core","Replay:Ringing Soul","Golden Egg","MawBank","Pet Ghost","Golden Idol","Inserter","Dream Catcher","Gremlin Food"],"acts_visited":["Exordium","TheCity"],"potions_floor_usage":[16,18,27],"damage_taken":[{"damage":2,"enemies":"Jaw Worm","floor":1,"turns":3},{"damage":5,"enemies":"Small Slimes","floor":3,"turns":3},{"damage":0,"enemies":"2 Louse","floor":5,"turns":2},{"damage":35,"enemies":"3 Sentries","floor":7,"turns":5},{"damage":1,"enemies":"Exordium Thugs","floor":10,"turns":3},{"damage":0,"enemies":"2 Fungi Beasts","floor":13,"turns":2},{"damage":35,"enemies":"Hexaghost","floor":16,"turns":7},{"damage":2,"enemies":"Spheric Guardian","floor":18,"turns":3},{"damage":21,"enemies":"2 Thieves","floor":21,"turns":4},{"damage":16,"enemies":"Centurion and Healer","floor":24,"turns":5},{"damage":35,"enemies":"Replay:Snechameleon","floor":27,"turns":6},{"damage":47,"enemies":"Snecko","floor":28,"turns":7},{"damage":8,"enemies":"Snake Plant","floor":31,"turns":1}],"seed_played":"7349126027689089270","potions_obtained":[{"floor":1,"key":"Explosive Potion"},{"floor":13,"key":"Reflective Coating"},{"floor":16,"key":"Adrenaline Potion"},{"floor":24,"key":"Weak Potion"},{"floor":28,"key":"Languid Potion"}],"is_trial":false,"path_per_floor":["M","?","M","$","M","R","E","T","T","M","?","R","M","?","R","B",null,"M","?","?","M","?","R","M","R","T","E","M","PTL","PTL","M"],"character_chosen":"DEFECT","items_purchased":["Ball Lightning","Replay:Ringing Soul"],"campfire_rested":2,"item_purchase_floors":[4,4],"current_hp_per_floor":[73,73,68,68,71,71,36,36,36,38,65,65,68,47,72,40,87,85,85,88,70,70,70,57,85,85,53,6,6,6,0,0],"gold":691,"neow_bonus":"UPGRADE_CARD","is_daily":false,"chose_seed":false,"campfire_upgraded":3,"win_rate":0.0,"timestamp":1610655777,"path_taken":["M","?","M","$","M","R","E","?","T","M","?","R","M","?","R","BOSS","M","?","?","?","?","R","M","R","T","E","M","PTL","PTL","M"],"items_purchased_type":["Card","Relic"],"build_version":"2020-12-22","purchased_purges":1,"victory":false,"max_hp_per_floor":[75,75,75,75,78,78,78,78,78,81,81,81,84,84,84,87,87,87,87,90,93,93,93,96,96,96,99,99,99,99,99,99],"card_choices":[{"not_picked":["Conserve Battery","Auto Shields","Static Discharge"],"picked":"SKIP","floor":1},{"not_picked":["Force Field","BasicCrystalCard"],"picked":"Barrage","floor":3},{"not_picked":["BasicCrystalCard","Go for the Eyes"],"picked":"Defragment","floor":5},{"not_picked":["Glacier","Streamline","Auto Shields"],"picked":"SKIP","floor":7},{"not_picked":["ReplayTheSpireMod:Omega Cannon","Turbo"],"picked":"Cold Snap","floor":10},{"not_picked":["Time Bomb","Sweeping Beam"],"picked":"Darkness","floor":13},{"not_picked":["Reboot","Machine Learning"],"picked":"Biased Cognition","floor":16},{"not_picked":["Turbo","Blizzard","Leap"],"picked":"SKIP","floor":18},{"not_picked":["Gash","Melter"],"picked":"Defragment","floor":21},{"not_picked":["Undo+1","FTL"],"picked":"Panic Button","floor":24},{"not_picked":["Turbo","Panic Button"],"picked":"Biased Cognition","floor":27},{"not_picked":["Rebound","Leap","Coolheaded+1"],"picked":"SKIP","floor":28}],"player_experience":286455,"relics_obtained":[{"floor":7,"key":"Golden Egg"},{"floor":8,"key":"MawBank"},{"floor":9,"key":"Pet Ghost"},{"floor":26,"key":"Dream Catcher"},{"floor":27,"key":"Gremlin Food"}],"event_choices":[{"damage_healed":0,"gold_gain":175,"player_choice":"AGREE","damage_taken":0,"max_hp_gain":0,"max_hp_loss":0,"event_name":"Liars Game","floor":2,"gold_loss":0,"cards_obtained":["Doubt"]},{"damage_healed":27,"gold_gain":0,"player_choice":"Banana","damage_taken":0,"max_hp_gain":0,"max_hp_loss":0,"event_name":"Big Fish","floor":11,"gold_loss":0},{"damage_healed":0,"gold_gain":0,"player_choice":"Take Damage","damage_taken":21,"relics_obtained":["Golden Idol"],"max_hp_gain":0,"max_hp_loss":0,"event_name":"Golden Idol","floor":14,"gold_loss":0},{"damage_healed":0,"gold_gain":0,"player_choice":"Ignored","damage_taken":0,"max_hp_gain":0,"max_hp_loss":0,"event_name":"Vampires","floor":19,"gold_loss":0},{"damage_healed":0,"gold_gain":0,"cards_transformed":["Strike_B","Strike_B"],"player_choice":"Became Test Subject","damage_taken":0,"max_hp_gain":0,"max_hp_loss":0,"event_name":"Drug Dealer","floor":20,"gold_loss":0,"cards_obtained":["Creative AI","Creative AI"]},{"damage_healed":0,"gold_gain":0,"player_choice":"Forge","damage_taken":0,"max_hp_gain":0,"max_hp_loss":0,"event_name":"Accursed Blacksmith","floor":22,"gold_loss":0,"cards_upgraded":["Darkness"]}],"is_beta":false,"boss_relics":[{"not_picked":["Ectoplasm","FrozenCore"],"picked":"Inserter"}],"items_purged_floors":[4],"is_endless":false,"potions_floor_spawned":[1,13,16,24,28],"killed_by":"Snake Plant","ascension_level":3}}