{"host":"eu5wvbbtjeiar27l","time":1610644991,"event":{"mods":["Astrologer","BaseMod","Colored Powertips","Conspire","Energized Spire","Hubris","Infinite Spire","Mad Scientist","Melee Mod","Minty Spire (QoL Compilation)","Potionbrewer","Rare Cards Sparkle","StSLib","The Construct","The Factory","The Jungle","The Runesmith","The Valiant","Treasure Hunter","themimic","vexMod"],"gold_per_floor":[109,9,27,27,27,62,62,15,15,15,42,42,57,75,75,173,173,158,173,173,173,40,68,83,94,94,94,44,58,72,91,91,186,186,199,120,139,0,0,35,53,83,83,109,121,121,149,169,169,169,169],"floor_reached":50,"language":"ENG","playtime":4044,"items_purged":["construct:Defend_Gold","construct:Impenetrable"],"score":662,"play_id":"63fc37d2-60e8-4464-8aef-b8b35f449f0c","local_time":"20210114172311","is_ascension_mode":false,"campfire_choices":[{"data":"construct:ReactiveShield","floor":7,"key":"SMITH"},{"data":"construct:DefenseMode","floor":12,"key":"SMITH"},{"data":"construct:BatteryCore","floor":15,"key":"SMITH"},{"data":"infinitespire:NeuralNetwork","floor":27,"key":"SMITH"},{"data":"construct:Autoturret","floor":32,"key":"SMITH"},{"floor":49,"key":"REST"}],"circlet_count":0,"master_deck":["construct:Strike_Gold","construct:Strike_Gold","construct:Strike_Gold","construct:Strike_Gold","construct:Strike_Gold","construct:Defend_Gold","construct:Defend_Gold","construct:Defend_Gold","construct:Defend_Gold","construct:DefenseMode+1","construct:Autoturret","construct:Autoturret+1","construct:ReactiveShield+1","construct:ShieldGenerator","construct:Forcefield","construct:BatteryCore+1","construct:Forcefield","construct:LongRangeLance","infinitespire:NeuralNetwork+1","construct:ShiftGuard","construct:Forcefield","construct:Autoturret","construct:Zapper","construct:Failsafe+1","construct:ShieldGenerator","construct:ShiftGuard","construct:PointDefense","construct:GuardCore+1","infinitespire:Collect","construct:Tumble+1"],"relics":["Runesmith:BrokenRuby","NeowsBlessing","infinitespire:Cubic Diamond","Letter Opener","Lantern","hubris:CrystalStatue","energizedSpire:MagnifyingGlass","Blood Vial","infinitespire:Satchel","potionbrewer:MortarAndPestle","construct:WeddingRing","Red Mask","Mercury Hourglass","Darkstone Periapt","vexMod:MemoryStick","Oddly Smooth Stone","infinitespire:FocusingShard","Ancient Tea Set"],"acts_visited":["Exordium","TheCity","TheBeyond"],"potions_floor_usage":[14,35,35,40,41,42],"damage_taken":[{"damage":0,"enemies":"2 Louse","floor":1,"turns":2},{"damage":0,"enemies":"Jaw Worm","floor":3,"turns":2},{"damage":0,"enemies":"Lagavulin","floor":6,"turns":3},{"damage":14,"enemies":"3 Sentries","floor":11,"turns":9},{"damage":0,"enemies":"Small Slimes","floor":13,"turns":3},{"damage":0,"enemies":"Gremlin Gang","floor":14,"turns":5},{"damage":6,"enemies":"Hexaghost","floor":16,"turns":13},{"damage":15,"enemies":"2 Thieves","floor":18,"turns":5},{"damage":7,"enemies":"Shell Parasite","floor":19,"turns":9},{"damage":0,"enemies":"Nightmare","floor":23,"turns":9},{"damage":15,"enemies":"Snake Plant","floor":24,"turns":5},{"damage":1,"enemies":"Chosen and Byrds","floor":25,"turns":9},{"damage":12,"enemies":"Shelled Parasite and Fungi","floor":29,"turns":6},{"damage":2,"enemies":"3 Cultists","floor":30,"turns":7},{"damage":0,"enemies":"Sentry and Sphere","floor":31,"turns":7},{"damage":38,"enemies":"hubris:MusketHawk","floor":33,"turns":10},{"damage":10,"enemies":"Orb Walker","floor":35,"turns":5},{"damage":2,"enemies":"3 Shapes","floor":37,"turns":6},{"damage":10,"enemies":"Nightmare","floor":40,"turns":8},{"damage":9,"enemies":"Writhing Mass","floor":41,"turns":6},{"damage":12,"enemies":"Reptomancer","floor":42,"turns":6},{"damage":5,"enemies":"Giant Head","floor":44,"turns":8},{"damage":3,"enemies":"Spire Growth","floor":45,"turns":5},{"damage":16,"enemies":"conspire:MimicChest","floor":47,"turns":5},{"damage":14,"enemies":"Transient","floor":48,"turns":5},{"damage":69,"enemies":"hubris:GrandSnecko","floor":50,"turns":14}],"seed_played":"5522023963919867573","potions_obtained":[{"floor":3,"key":"LiquidMemories"},{"floor":11,"key":"ColorlessPotion"},{"floor":13,"key":"potionbrewer:DiscountPotion"},{"floor":16,"key":"potionbrewer:CleansingPotion"},{"floor":30,"key":"PowerPotion"},{"floor":31,"key":"potionbrewer:BarricadePotion"},{"floor":40,"key":"Weak Potion"},{"floor":41,"key":"Fire Potion"},{"floor":48,"key":"SkillPotion"}],"is_trial":false,"path_per_floor":["M","$","M","?","?","E","R","$","T","$","E","R","M","M","R","B",null,"M","M","?","AVR","$","NM","M","M","T","R","?","M","M","M","R","B",null,"M","$","M","?","AVR","NM","M","E","T","E","M","?","?","M","R","B"],"character_chosen":"THE_CONSTRUCT_MOD","items_purchased":["construct:Autoturret","construct:Forcefield","construct:ShiftGuard","construct:Forcefield","construct:PointDefense"],"campfire_rested":1,"item_purchase_floors":[2,8,22,22,36],"current_hp_per_floor":[85,85,85,85,78,78,78,78,78,78,64,64,64,64,64,58,85,70,63,85,85,85,85,70,71,71,71,71,61,66,73,73,37,85,75,75,75,75,75,67,60,50,50,47,46,46,32,20,44,0,0],"gold":169,"neow_bonus":"THREE_ENEMY_KILL","is_daily":false,"chose_seed":false,"campfire_upgraded":5,"win_rate":0.0,"timestamp":1610644991,"path_taken":["M","$","M","?","?","E","R","$","T","?","E","R","M","M","R","BOSS","M","M","?","AVR","?","NM","M","M","T","R","?","?","M","M","R","BOSS","M","$","?","?","AVR","NM","M","E","T","E","M","?","?","?","R","BOSS"],"items_purchased_type":["Card","Card","Card","Card","Card"],"build_version":"2020-12-22","purchased_purges":2,"victory":false,"max_hp_per_floor":[85,85,85,85,85,85,85,85,85,85,85,85,85,85,85,85,85,85,85,85,85,85,85,85,85,85,85,85,85,85,85,85,85,85,85,85,85,85,85,85,85,85,85,85,85,81,81,81,81,81,81],"card_choices":[{"not_picked":["construct:FierceBash","construct:Synchronize"],"picked":"construct:Autoturret","floor":1},{"not_picked":["construct:OmegaCannon","construct:Boost"],"picked":"construct:ReactiveShield","floor":3},{"not_picked":["construct:OmegaCannon","construct:ClusterMines"],"picked":"construct:ShieldGenerator","floor":6},{"not_picked":["TH:DeckOfManyThings","TH:CopperCoins"],"picked":"SKIP","floor":6},{"not_picked":["TH:ElvenBoots","TH:PixieDust"],"picked":"SKIP","floor":9},{"not_picked":["construct:ModeShift","construct:FierceBash"],"picked":"construct:Impenetrable","floor":11},{"not_picked":["TH:EnergyPotion","TH:Mimic"],"picked":"SKIP","floor":11},{"not_picked":["construct:CripplingShot","construct:FocusedBeam"],"picked":"construct:BatteryCore","floor":13},{"not_picked":["construct:HeavyBolt","construct:FierceBash"],"picked":"construct:Forcefield","floor":14},{"not_picked":["construct:GatlingGun","construct:MassProduction"],"picked":"construct:LongRangeLance","floor":16},{"not_picked":["construct:QuickAttack+1","construct:FlakBarrage","construct:Anticipate"],"picked":"SKIP","floor":18},{"not_picked":["construct:Versatility+1","construct:Construct_Overclock","construct:Reinforce+1"],"picked":"SKIP","floor":19},{"not_picked":["TH:BikiniMail","TH:ArmorSpikes"],"picked":"SKIP","floor":23},{"not_picked":["construct:OneWayMirror","construct:Impenetrable","construct:Electrocute"],"picked":"SKIP","floor":23},{"not_picked":["construct:ShiftStrike","construct:Stasis"],"picked":"construct:Autoturret","floor":24},{"not_picked":["construct:LaserCore","construct:VentSteam"],"picked":"construct:Zapper","floor":25},{"not_picked":["TH:DeckOfManyThings","TH:EnergyPotion"],"picked":"SKIP","floor":26},{"not_picked":["construct:OmegaCannon","construct:HardReboot","construct:Versatility+1"],"picked":"SKIP","floor":29},{"not_picked":["construct:Dampening+1","construct:QuickAttack"],"picked":"construct:Failsafe+1","floor":30},{"not_picked":["construct:Anticipate","construct:CriticalHit","construct:ShiftStrike+1"],"picked":"SKIP","floor":31},{"not_picked":["construct:ShiftingStance","construct:BatteryCore"],"picked":"construct:ShieldGenerator","floor":33},{"not_picked":["construct:Accumulate","construct:FlakBarrage"],"picked":"construct:ShiftGuard","floor":35},{"not_picked":["construct:FierceBash","construct:MetalShell"],"picked":"construct:GuardCore+1","floor":37},{"not_picked":["TH:EnergyPotion","TH:DeckOfManyThings"],"picked":"SKIP","floor":40},{"not_picked":["construct:VentSteam","construct:Anticipate+1","construct:Antimatter"],"picked":"SKIP","floor":40},{"not_picked":["construct:FierceBash+1","construct:ClusterMines"],"picked":"construct:Tumble+1","floor":41},{"not_picked":["TH:DeckOfManyThings","TH:CopperCoins"],"picked":"SKIP","floor":42},{"not_picked":["construct:Analyze+1","construct:Failsafe+1","construct:Reinforce"],"picked":"SKIP","floor":42},{"not_picked":["TH:Mimic","TH:TreasureMap"],"picked":"SKIP","floor":43},{"not_picked":["TH:CursedSword","TH:PixieDust"],"picked":"SKIP","floor":44},{"not_picked":["construct:Multistage","construct:Chainstrike+1","construct:Analyze+1"],"picked":"SKIP","floor":44},{"not_picked":["construct:SaveState","construct:ForceCore+1","construct:SweepLaser"],"picked":"SKIP","floor":45},{"not_picked":["construct:Analyze+1","construct:MassProduction","construct:FierceBash"],"picked":"SKIP","floor":48}],"player_experience":173498,"relics_obtained":[{"floor":6,"key":"Letter Opener"},{"floor":9,"key":"Lantern"},{"floor":11,"key":"hubris:CrystalStatue"},{"floor":23,"key":"infinitespire:Satchel"},{"floor":26,"key":"potionbrewer:MortarAndPestle"},{"floor":40,"key":"Darkstone Periapt"},{"floor":42,"key":"vexMod:MemoryStick"},{"floor":43,"key":"Oddly Smooth Stone"},{"floor":44,"key":"infinitespire:FocusingShard"},{"floor":47,"key":"Ancient Tea Set"}],"event_choices":[{"cards_removed":["construct:AttackMode"],"damage_healed":0,"gold_gain":0,"player_choice":"Card Removal","damage_taken":7,"max_hp_gain":0,"max_hp_loss":0,"event_name":"Golden Wing","floor":5,"gold_loss":0},{"damage_healed":28,"gold_gain":0,"player_choice":"Heal","damage_taken":0,"max_hp_gain":0,"max_hp_loss":0,"event_name":"The Library","floor":20,"gold_loss":0},{"damage_healed":0,"gold_gain":0,"player_choice":"Bet on Owner","damage_taken":0,"max_hp_gain":0,"max_hp_loss":0,"event_name":"The Joust","floor":28,"gold_loss":50},{"damage_healed":0,"gold_gain":0,"player_choice":"Paid","damage_taken":0,"relics_obtained":["Red Mask"],"max_hp_gain":0,"max_hp_loss":0,"event_name":"Tomb of Lord Red Mask","floor":38,"gold_loss":139},{"damage_healed":0,"gold_gain":0,"player_choice":"Max HP","damage_taken":0,"max_hp_gain":0,"max_hp_loss":4,"event_name":"Winding Halls","floor":46,"gold_loss":0}],"is_beta":false,"boss_relics":[{"not_picked":["SacredBark","energizedSpire:EnergizedDie"],"picked":"energizedSpire:MagnifyingGlass"},{"not_picked":["Astrolabe","hubris:ScarierMask"],"picked":"construct:WeddingRing"}],"items_purged_floors":[2,39],"is_endless":true,"potions_floor_spawned":[3,11,13,16,23,30,31,40,41,48],"killed_by":"hubris:GrandSnecko","ascension_level":0}}