{"host":"4q6g5wn1adpnm0z5","time":1610615279,"event":{"mods":["2.2 Compatiblity","Aspiration","Astrologer","BaseMod","Hubris","Minty Spire (QoL Compilation)","Replay The Spire","StSLib","The Cursed","The Jungle"],"gold_per_floor":[111,61,61,71,86,118,118,144,222,555,573,604,604,617,617,689,789,804,814,827,603,654,689,689,719,773,808,836,861,887,787,787,864,864,877,877,877,576,576,603,622,656,656,656,656],"floor_reached":44,"language":"ENG","playtime":2870,"items_purged":["Bloodletting","Rupture"],"score":1047,"play_id":"8d7ebec7-806b-43cb-8e65-3d820df3cff0","local_time":"20210114100759","daily_mods":["Insanity","ControlledChaos","Elite Swarm"],"is_ascension_mode":true,"campfire_choices":[{"data":"Heavy Blade","floor":13.0,"key":"SMITH"},{"data":"Perfected Strike","floor":15.0,"key":"SMITH"},{"data":"Perfected Strike","floor":24.0,"key":"SMITH"},{"data":"Uppercut","floor":32.0,"key":"SMITH"}],"circlet_count":0,"master_deck":["AscendersBane","Wild Strike+1","True Grit","hubris:ReadiedAction","Flex","Sword Boomerang","Perfected Strike+1","Defy Death","Flame Barrier+1","Flex","Cleave","True Grit","ReplayTheSpireMod:Strike From Hell","Twin Strike","Flex","Thunderclap","ReplayTheSpireMod:LeadingStrike+1","Armaments","Massacre","Cleave","Inflame","Heavy Blade+1","Iron Wave","Power Through","Power Through","Battle Trance","Sever Soul","Armaments","Uppercut+1","Pommel Strike","Metallicize","Clash","Clothesline","Run Through","Pommel Strike","Sword Boomerang","Clothesline","Shrug It Off","Dual Wield","Battle Trance","ReplayTheSpireMod:Corrosion Curse","Clash","ReplayTheSpireMod:Muscle Training","ReplayTheSpireMod:LeadingStrike","Spot Weakness","Sever Soul+1","Havoc","Feel No Pain","Perfected Strike+1","Replay:Undeath\u0027s Touch","Shrug It Off","ReplayTheSpireMod:Stacked+1"],"relics":["Burning Blood","Frozen Eye","CeramicFish","Eternal Feather","Old Coin","hubris:Teleporter","Replay:Wanted Poster","ClockworkSouvenir","Boot","Pen Nib","aspiration:ChemicalBlood","Anchor","Whetstone","Juzu Bracelet","Bottled Flame","Ring of Misfortune","Charon\u0027s Ashes","Pet Ghost","Oddly Smooth Stone","Pocketwatch"],"acts_visited":["Exordium","TheCity","TheBeyond"],"potions_floor_usage":[42,42,44],"damage_taken":[{"damage":0.0,"enemies":"2 Louse","floor":1.0,"turns":2.0},{"damage":0.0,"enemies":"Small Slimes","floor":4.0,"turns":2.0},{"damage":0.0,"enemies":"Cultist","floor":5.0,"turns":2.0},{"damage":6.0,"enemies":"Gremlin Nob","floor":6.0,"turns":3.0},{"damage":27.0,"enemies":"3 Sentries","floor":8.0,"turns":6.0},{"damage":13.0,"enemies":"Lagavulin","floor":10.0,"turns":4.0},{"damage":14.0,"enemies":"Red Slaver","floor":11.0,"turns":2.0},{"damage":17.0,"enemies":"3 Sentries","floor":12.0,"turns":6.0},{"damage":0.0,"enemies":"Exordium Wildlife","floor":14.0,"turns":2.0},{"damage":14.0,"enemies":"The Guardian","floor":16.0,"turns":12.0},{"damage":9.0,"enemies":"Shell Parasite","floor":18.0,"turns":3.0},{"damage":0.0,"enemies":"Chosen","floor":19.0,"turns":4.0},{"damage":15.0,"enemies":"Centurion and Healer","floor":20.0,"turns":4.0},{"damage":27.0,"enemies":"Book of Stabbing","floor":23.0,"turns":4.0},{"damage":5.0,"enemies":"Slavers","floor":25.0,"turns":4.0},{"damage":10.0,"enemies":"Replay:Snechameleon","floor":27.0,"turns":4.0},{"damage":12.0,"enemies":"Shelled Parasite and Fungi","floor":28.0,"turns":3.0},{"damage":14.0,"enemies":"Gremlin Leader","floor":30.0,"turns":4.0},{"damage":55.0,"enemies":"Automaton","floor":33.0,"turns":8.0},{"damage":0.0,"enemies":"Orb Walker","floor":35.0,"turns":2.0},{"damage":75.0,"enemies":"Giant Head","floor":40.0,"turns":8.0},{"damage":4.0,"enemies":"3 Darklings","floor":41.0,"turns":3.0},{"damage":13,"enemies":"Nemesis","floor":42,"turns":5},{"damage":34,"enemies":"Giant Head","floor":44,"turns":5}],"seed_played":"-6629398008220220826","potions_obtained":[{"floor":4.0,"key":"Toxic Potion"},{"floor":8.0,"key":"SpeedPotion"},{"floor":11.0,"key":"BlessingOfTheForge"},{"floor":20.0,"key":"ColorlessPotion"},{"floor":23.0,"key":"Adrenaline Potion"},{"floor":28.0,"key":"EntropicBrew"},{"floor":33.0,"key":"Fruit Juice"},{"floor":33.0,"key":"Elixir"},{"floor":40.0,"key":"Block Potion"},{"floor":40.0,"key":"SkillPotion"},{"floor":40.0,"key":"BloodPotion"},{"floor":40.0,"key":"Dexterity Potion"},{"floor":42,"key":"Weak Potion"},{"floor":44,"key":"SneckoOil"}],"is_trial":true,"path_per_floor":["M","?","?","M","M","E","?","E","T","E","M","E","R","M","R","B",null,"M","M","M","$","T","E","R","E","T","E","M","T","E","$","R","B",null,"M","?","?","$","?","E","M","E","T","E"],"character_chosen":"IRONCLAD","items_purchased":["ClockworkSouvenir","Charon\u0027s Ashes"],"campfire_rested":0,"item_purchase_floors":[21,38],"current_hp_per_floor":[74,74,74,75,75,75,75,54,54,47,39,28,58,64,75,67,73,70,75,66,66,66,45,75,75,75,71,65,65,57,57,75,31,68,74,74,74,74,76,37,39,32,32,0,0],"gold":656,"neow_bonus":"","is_daily":false,"chose_seed":false,"campfire_upgraded":4,"win_rate":0.0,"timestamp":1610615279,"path_taken":["M","?","?","M","M","E","?","E","T","E","M","E","R","M","R","BOSS","M","M","?","$","?","E","R","E","T","E","M","?","E","$","R","BOSS","M","?","?","$","?","E","M","E","T","E"],"items_purchased_type":["Relic","Relic"],"build_version":"2020-12-22","purchased_purges":2,"victory":false,"max_hp_per_floor":[75,75,75,75,75,75,75,75,75,75,75,75,75,75,75,75,75,75,75,75,75,75,75,75,75,75,75,75,75,75,75,75,80,80,80,76,76,76,76,76,76,76,76,76,76],"card_choices":[{"not_picked":["Feel No Pain","ReplayTheSpireMod:Strike From Hell"],"picked":"Perfected Strike","floor":1.0},{"not_picked":["Massacre","Iron Wave","Burning Pact"],"picked":"SKIP","floor":4.0},{"not_picked":["Sword Boomerang","Sentinel"],"picked":"Replay:Undeath\u0027s Touch","floor":5.0},{"not_picked":["Reaper","Fiend Fire","hubris:StunningStrike"],"picked":"SKIP","floor":6.0},{"not_picked":["Berserk","Eclipse","Fiend Fire"],"picked":"SKIP","floor":8.0},{"not_picked":["Corruption","Demonic Infusion","Feed"],"picked":"SKIP","floor":10.0},{"not_picked":["Flex","Blood for Blood","Searing Blow"],"picked":"SKIP","floor":11.0},{"not_picked":["Brutality","Limit Break","Juggernaut"],"picked":"SKIP","floor":12.0},{"not_picked":["Life Link","Body Slam","Perfected Strike"],"picked":"SKIP","floor":14.0},{"not_picked":["Armaments","Cleave","Warcry"],"picked":"SKIP","floor":18.0},{"not_picked":["Whirlwind","Massacre","Rupture+1"],"picked":"SKIP","floor":19.0},{"not_picked":["ReplayTheSpireMod:Strike From Hell","Thunderclap","Iron Wave"],"picked":"SKIP","floor":20.0},{"not_picked":["Hemogenesis","Exhume","Feed"],"picked":"SKIP","floor":23.0},{"not_picked":["Double Tap","Replay:Many Hands","Immolate"],"picked":"SKIP","floor":25.0},{"not_picked":["Immolate","Exhume","Juggernaut"],"picked":"SKIP","floor":27.0},{"not_picked":["Clash+1","Evolve"],"picked":"Shrug It Off","floor":28.0},{"not_picked":["Impervious","Feed","Hemogenesis"],"picked":"SKIP","floor":30.0},{"not_picked":["hubris:ReadiedAction+1","Cleave","hubris:SharpeningStone"],"picked":"SKIP","floor":35.0},{"not_picked":["Replay:Many Hands","Corruption","Demonic Infusion"],"picked":"SKIP","floor":40.0},{"not_picked":["Hemokinesis+1","ReplayReversal"],"picked":"ReplayTheSpireMod:Stacked+1","floor":41.0},{"not_picked":["Limit Break","Berserk","Exhume"],"picked":"SKIP","floor":42}],"player_experience":2343923,"relics_obtained":[{"floor":6.0,"key":"CeramicFish"},{"floor":9.0,"key":"Eternal Feather"},{"floor":10.0,"key":"Old Coin"},{"floor":12.0,"key":"hubris:Teleporter"},{"floor":22.0,"key":"Boot"},{"floor":23.0,"key":"Pen Nib"},{"floor":25.0,"key":"aspiration:ChemicalBlood"},{"floor":26.0,"key":"Anchor"},{"floor":27.0,"key":"Whetstone"},{"floor":29.0,"key":"Juzu Bracelet"},{"floor":30.0,"key":"Bottled Flame"},{"floor":37.0,"key":"Ring of Misfortune"},{"floor":40.0,"key":"Pet Ghost"},{"floor":42,"key":"Oddly Smooth Stone"},{"floor":43,"key":"Pocketwatch"}],"event_choices":[{"cards_removed":["Combust"],"damage_healed":0.0,"max_hp_gain":0.0,"max_hp_loss":0.0,"gold_gain":0.0,"event_name":"The Cleric","player_choice":"Card Removal","floor":2.0,"gold_loss":50.0,"damage_taken":0.0},{"damage_healed":0.0,"max_hp_gain":0.0,"max_hp_loss":0.0,"gold_gain":0.0,"event_name":"Accursed Blacksmith","player_choice":"Forge","floor":7.0,"gold_loss":0.0,"damage_taken":0.0,"cards_upgraded":["ReplayTheSpireMod:LeadingStrike"]},{"damage_healed":0.0,"max_hp_gain":0.0,"max_hp_loss":4.0,"gold_gain":0.0,"event_name":"Winding Halls","player_choice":"Max HP","floor":36.0,"gold_loss":0.0,"damage_taken":0.0}],"is_beta":false,"boss_relics":[{"not_picked":["hubris:Stopwatch","hubris:Backtick"],"picked":"Replay:Wanted Poster"},{"not_picked":["aspiration:PoetsPen_weak","Runic Pyramid","Ooze Armor"]}],"items_purged_floors":[21,31],"is_endless":false,"potions_floor_spawned":[4,8,11,16,19,20,23,28,40,42],"killed_by":"Giant Head","ascension_level":14}}