{"host":"t9q14bihfoo75lsb","time":1610601046,"event":{"mods":["BaseMod","Better Third Choice","Challenge The Spire","Hermit","Infinite Spire","Koishi","Minty Spire (QoL Compilation)","Reworked Bosses","Shop Mod","Spicy Shops","StSLib","The Cursed","The Dragon Tamer","The Hierophant","The Runesmith","°ºÕÌ“ˆMod°Ω?Ÿ•Ó‹ıÃ?Boss"],"gold_per_floor":[363,363,25,25,25,25,39,70,70,110,128,128,143,166,166,285,285,298,298,316,336,391,391,73,73,73,73],"floor_reached":25,"language":"KOR","playtime":1414,"items_purged":[],"score":436,"play_id":"37bf1708-59c7-489e-a7e0-868ff4244599","local_time":"20210114141046","is_ascension_mode":false,"metric_token":1055,"campfire_choices":[{"data":"DTMod:ComboAttack","floor":6,"key":"SMITH"},{"floor":15,"key":"RECALL"},{"data":"DTMod:DragonDance","floor":23,"key":"SMITH"}],"dtmod_dragon_data":[0,50,1,-1,12,0],"circlet_count":0,"master_deck":["DTMod:Strike","DTMod:Strike","DTMod:Strike","DTMod:Strike","DTMod:DoubleHit","DTMod:TargetDefense","DTMod:TargetDefense","DTMod:TargetDefense","DTMod:TargetDefense+1","DTMod:SwitchingTactic","DTMod:HeatWave","infinitespire:FutureSight","DTMod:ComboAttack+1","DTMod:DarkBreath","DTMod:DragonDance+1","DTMod:PurifyingFlame","DTMod:Training","DTMod:Cover","DTMod:EchoTactic+1","DTMod:CleansingStrike+1","DTMod:Hide+1","Flash of Steel","DTMod:EchoTactic"],"relics":["DTMod:PactStone","Membership Card","Akabeko","Tiny Chest","Golden Idol","DTMod:BasicTextbook","White Beast Statue","Strawberry","Kunai","infinitespire:Cupcake","Bird Faced Urn","CaptainsWheel","War Paint"],"acts_visited":["Exordium","TheCity"],"potions_floor_usage":[8,16,16,16],"damage_taken":[{"damage":0,"enemies":"Cultist","floor":1,"turns":4},{"damage":0,"enemies":"Jaw Worm","floor":7,"turns":2},{"damage":0,"enemies":"Lagavulin","floor":8,"turns":4},{"damage":0,"enemies":"3 Sentries","floor":10,"turns":6},{"damage":0,"enemies":"Small Slimes","floor":11,"turns":2},{"damage":0,"enemies":"Exordium Wildlife","floor":13,"turns":2},{"damage":0,"enemies":"Looter","floor":14,"turns":2},{"damage":0,"enemies":"The Guardian","floor":16,"turns":9},{"damage":0,"enemies":"Spheric Guardian","floor":18,"turns":3},{"damage":0,"enemies":"3 Byrds","floor":20,"turns":5},{"damage":0,"enemies":"Centurion and Healer","floor":21,"turns":6},{"damage":61,"enemies":"Book of Stabbing","floor":25,"turns":6}],"seed_played":"-7110200494899504224","potions_obtained":[{"floor":1,"key":"SneckoOil"},{"floor":7,"key":"GamblersBrew"},{"floor":10,"key":"SkillPotion"},{"floor":11,"key":"SmokeBomb"},{"floor":13,"key":"Dexterity Potion"},{"floor":14,"key":"Dexterity Potion"},{"floor":16,"key":"SpeedPotion"},{"floor":18,"key":"infinitespire:BlackPotion"},{"floor":20,"key":"DistilledChaos"}],"is_trial":false,"path_per_floor":["M","?","$","?","?","R","M","E","T","E","M","T","M","M","R","B",null,"M","?","M","M","T","R","$","E"],"character_chosen":"THE_DT","items_purchased":["Membership Card","Akabeko","Tiny Chest","DTMod:ComboAttack","Bird Faced Urn","CaptainsWheel","War Paint","Flash of Steel","DTMod:EchoTactic"],"campfire_rested":0,"item_purchase_floors":[3,3,3,3,24,24,24,24,24],"current_hp_per_floor":[33,22,22,11,16,16,16,16,16,23,23,23,23,23,23,23,57,57,48,48,48,48,48,48,0,0,0],"gold":73,"neow_bonus":"TWO_FIFTY_GOLD","is_daily":false,"chose_seed":false,"campfire_upgraded":2,"win_rate":0.0,"timestamp":1610601046,"path_taken":["M","?","$","?","?","R","?","E","T","E","M","?","M","M","R","BOSS","M","?","M","M","?","R","$","E"],"items_purchased_type":["Relic","Relic","Relic","Card","Relic","Relic","Relic","Card","Card"],"build_version":"2020-12-22","purchased_purges":0,"victory":false,"max_hp_per_floor":[45,45,45,45,50,50,50,50,50,57,57,57,57,57,57,57,57,57,62,62,62,62,62,62,62,62,62],"card_choices":[{"not_picked":["DTMod:RecklessFlurry","DTMod:MagicField"],"picked":"DTMod:HeatWave","floor":1},{"not_picked":["infinitespire:SealOfDarkness+","infinitespire:Punishment"],"picked":"infinitespire:FutureSight","floor":2},{"not_picked":["DTMod:BlazingStrike","DTMod:BuildUp"],"picked":"DTMod:DarkBreath","floor":7},{"not_picked":["DTMod:BuildUp","DTMod:Prediction"],"picked":"DTMod:DragonDance","floor":8},{"not_picked":["DTMod:TagTeam","DTMod:Hide"],"picked":"DTMod:PurifyingFlame","floor":10},{"not_picked":["DTMod:Hide","DTMod:FlameSlash","DTMod:Punisher"],"picked":"SKIP","floor":11},{"not_picked":["DTMod:BurningForce","DTMod:Punisher"],"picked":"DTMod:Training","floor":13},{"not_picked":["DTMod:BreakAttack","DTMod:BizarreTactic"],"picked":"DTMod:Cover","floor":14},{"not_picked":["DTMod:StunTrap","DTMod:Outburst"],"picked":"DTMod:EchoTactic","floor":16},{"not_picked":["DTMod:DeepFocus+1","DTMod:BlazingStrike+1"],"picked":"DTMod:CleansingStrike+1","floor":18},{"not_picked":["DTMod:BizarreTactic","DTMod:Observe"],"picked":"DTMod:Hide+1","floor":20},{"not_picked":["DTMod:Shift","DTMod:LastStand+1","DTMod:DarkBreath"],"picked":"SKIP","floor":21}],"player_experience":477500,"relics_obtained":[{"floor":8,"key":"DTMod:BasicTextbook"},{"floor":9,"key":"White Beast Statue"},{"floor":10,"key":"Strawberry"},{"floor":12,"key":"Kunai"}],"event_choices":[{"damage_healed":0,"gold_gain":0,"player_choice":"Take Damage","damage_taken":11,"relics_obtained":["Golden Idol"],"max_hp_gain":0,"max_hp_loss":0,"event_name":"Golden Idol","floor":4,"gold_loss":0},{"damage_healed":0,"gold_gain":0,"player_choice":"Donut","damage_taken":0,"max_hp_gain":5,"max_hp_loss":0,"event_name":"Big Fish","floor":5,"gold_loss":0},{"damage_healed":0,"gold_gain":0,"player_choice":"Shed Blood","damage_taken":14,"max_hp_gain":5,"max_hp_loss":0,"event_name":"Forgotten Altar","floor":19,"gold_loss":0}],"is_beta":false,"boss_relics":[{"not_picked":["Cursed Key","Tiny House"],"picked":"infinitespire:Cupcake"}],"items_purged_floors":[],"is_endless":false,"potions_floor_spawned":[1,7,10,11,13,14,16,18,20,21],"killed_by":"Book of Stabbing","ascension_level":0}}