{"host":"6r341r9cz00j2qc1","time":1610661306,"event":{"mods":["BaseMod","Better Third Choice","Downfall","GungeonMod","Hermit","Lobotomy","LobotomyExtend","Minty Spire (QoL Compilation)","Replay The Spire","Shop Mod","StSLib"],"gold_per_floor":[119,130,141,141,416,416,426,457,536,8,0,15,15,28,28,135,185,221,234,257,78,78,78,91,107,107,107,107],"floor_reached":27,"language":"ENG","playtime":2020,"items_purged":["Regret","Regret"],"score":232,"play_id":"f7b002b0-d1b8-4634-bc8a-18699cf24bbb","local_time":"20210114225506","is_ascension_mode":false,"campfire_choices":[{"data":"DemoMod:CrossBow","floor":6,"key":"SMITH"},{"floor":15,"key":"REST"},{"floor":23,"key":"REST"}],"circlet_count":0,"master_deck":["DemoMod:Strike_Huntress","DemoMod:Strike_Huntress","DemoMod:Strike_Huntress","DemoMod:Defend_Huntress","DemoMod:Defend_Huntress","DemoMod:Defend_Huntress","DemoMod:Defend_Huntress","DemoMod:Roll+1","DemoMod:ManualReload","DemoMod:RustySidearm","DemoMod:CrossBow+1","DemoMod:BoxingGlove","DemoMod:TeaPot","DemoMod:HardPowerCard","DemoMod:FullFirepower","DemoMod:MachoBrace","Violence","DemoMod:ChanceBullets+1","DemoMod:BattleInHaste","DemoMod:BattleInHaste","DemoMod:HuntsMan","Enlightenment","DemoMod:HuntsMan","DemoMod:TeaPot","DemoMod:Slinger","DemoMod:ChanceBullets","DemoMod:GunstockTap","DemoMod:ChanceBullets+1","DemoMod:TripleGun+1","DemoMod:ChanceBullets","DemoMod:HuntsMan+1","DemoMod:PotionOfGunFriendShip"],"relics":["DemoMod:Dog","Blue Doll","LetterFromLob","DemoMod:JetPack","Matryoshka","Replay:WaspNest","Tiny House","Blood Vial","ReplayFunnel","MutagenicStrength","Replay:Mystery Machine","Mummified Hand"],"acts_visited":["Exordium","TheCity"],"potions_floor_usage":[7,16,24],"damage_taken":[{"damage":8,"enemies":"Jaw Worm","floor":1,"turns":5},{"damage":0,"enemies":"Small Slimes","floor":2,"turns":3},{"damage":6,"enemies":"Cultist","floor":3,"turns":3},{"damage":6,"enemies":"Exordium Thugs","floor":7,"turns":4},{"damage":17,"enemies":"Exordium Wildlife","floor":8,"turns":5},{"damage":3,"enemies":"Red Slaver","floor":12,"turns":3},{"damage":24,"enemies":"Exordium Thugs","floor":14,"turns":4},{"damage":26,"enemies":"The Guardian","floor":16,"turns":11},{"damage":25,"enemies":"Spheric Guardian","floor":18,"turns":6},{"damage":31,"enemies":"Shell Parasite","floor":19,"turns":6},{"damage":20,"enemies":"Chosen and Byrds","floor":24,"turns":7},{"damage":26,"enemies":"Snake Plant","floor":25,"turns":4},{"damage":15,"enemies":"Shelled Parasite and Fungi","floor":27,"turns":1}],"seed_played":"-303046570381776340","potions_obtained":[{"floor":2,"key":"AttackPotion"},{"floor":8,"key":"LiquidBronze"},{"floor":16,"key":"SkillPotion"},{"floor":17,"key":"Energy Potion"},{"floor":19,"key":"Elixir"}],"is_trial":false,"path_per_floor":["M","M","M","?","?","R","M","M","T","$","?","M","$","M","R","B",null,"M","M","T","$","?","R","M","M","T","M"],"character_chosen":"HUNTRESS","items_purchased":["Replay:WaspNest","Violence","DemoMod:ChanceBullets+1","DemoMod:BattleInHaste","DemoMod:HuntsMan","DemoMod:TripleGun+1","DemoMod:ChanceBullets"],"campfire_rested":2,"item_purchase_floors":[10,10,10,10,10,21,21],"current_hp_per_floor":[62,62,56,56,56,56,50,33,33,33,39,36,36,12,34,8,81,56,25,25,25,25,49,31,7,7,0,0],"gold":107,"neow_bonus":"RANDOM_COMMON_RELIC","is_daily":false,"chose_seed":false,"campfire_upgraded":1,"win_rate":0.0,"timestamp":1610661306,"path_taken":["M","M","M","?","?","R","?","M","T","$","?","M","?","M","R","BOSS","M","M","?","?","?","R","M","M","T","M"],"items_purchased_type":["Relic","Card","Card","Card","Card","Card","Card"],"build_version":"2020-12-22","purchased_purges":2,"victory":false,"max_hp_per_floor":[70,70,70,70,70,70,70,70,70,70,76,76,76,76,76,76,81,81,81,81,81,81,81,81,81,81,81,81],"card_choices":[{"not_picked":["DemoMod:Rummage","DemoMod:FastSwitch"],"picked":"DemoMod:BoxingGlove","floor":1},{"not_picked":["DemoMod:Unmoved","DemoMod:RadGun"],"picked":"DemoMod:TeaPot","floor":2},{"not_picked":["DemoMod:GunstockTap","DemoMod:MachoBrace"],"picked":"DemoMod:HardPowerCard","floor":3},{"not_picked":["DemoMod:TeaPot","DemoMod:JK47"],"picked":"DemoMod:FullFirepower","floor":7},{"not_picked":["DemoMod:DoubleSwitch","DemoMod:GunstockTap"],"picked":"DemoMod:MachoBrace","floor":8},{"not_picked":["DemoMod:GunShield","DemoMod:FastSwitch"],"picked":"DemoMod:HuntsMan","floor":12},{"not_picked":["DemoMod:BoxingGlove","DemoMod:BattleInHaste"],"picked":"DemoMod:TeaPot","floor":14},{"not_picked":["DemoMod:BlankBullets","DemoMod:Gungine"],"picked":"DemoMod:Slinger","floor":16},{"not_picked":["DemoMod:TeaPot","DemoMod:DirectionalPad"],"picked":"DemoMod:ChanceBullets","floor":17},{"not_picked":["DemoMod:BattleInHaste","DemoMod:AC15"],"picked":"DemoMod:GunstockTap","floor":18},{"not_picked":["DemoMod:GunstockTap","DemoMod:BlackHoleGun"],"picked":"DemoMod:ChanceBullets+1","floor":19},{"not_picked":["DemoMod:Ejector","DemoMod:Rummage"],"picked":"DemoMod:HuntsMan+1","floor":24},{"not_picked":["DemoMod:DirectionalPad","DemoMod:BattleInHaste"],"picked":"DemoMod:PotionOfGunFriendShip","floor":25}],"player_experience":504654,"relics_obtained":[{"floor":1,"key":"LetterFromLob"},{"floor":9,"key":"Matryoshka"},{"floor":20,"key":"Blood Vial"},{"floor":20,"key":"ReplayFunnel"},{"floor":26,"key":"Replay:Mystery Machine"},{"floor":26,"key":"Mummified Hand"}],"event_choices":[{"damage_healed":0,"gold_gain":0,"player_choice":"Box","damage_taken":0,"relics_obtained":["DemoMod:JetPack"],"max_hp_gain":0,"max_hp_loss":0,"event_name":"Big Fish","floor":4,"gold_loss":0,"cards_obtained":["Regret"]},{"damage_healed":0,"gold_gain":275,"player_choice":"Desecrate","damage_taken":0,"max_hp_gain":0,"max_hp_loss":0,"event_name":"Golden Shrine","floor":5,"gold_loss":0,"cards_obtained":["Regret"]},{"damage_healed":0,"gold_gain":0,"player_choice":"RENOUNCE","damage_taken":8,"max_hp_gain":0,"max_hp_loss":0,"event_name":"betterThird:BetterSerpent","floor":11,"gold_loss":8,"cards_obtained":["Enlightenment"]},{"damage_healed":0,"gold_gain":0,"player_choice":"Inject Mutagens","damage_taken":0,"relics_obtained":["MutagenicStrength"],"max_hp_gain":0,"max_hp_loss":0,"event_name":"Drug Dealer","floor":22,"gold_loss":0}],"is_beta":false,"boss_relics":[{"not_picked":["Ectoplasm","Honey Jar"],"picked":"Tiny House"}],"items_purged_floors":[10,21],"is_endless":false,"potions_floor_spawned":[2,8,16,19],"killed_by":"Shelled Parasite and Fungi","ascension_level":0}}