{"host":"zdhcon9z6t4xbcdl","time":1610646026,"event":{"mods":["BaseMod","Minty Spire (QoL Compilation)"],"gold_per_floor":[113,125,28,38,53,80,80,106,131,143,143,218,80,91,91,192,192,205,205,7,21,39,68,68,94,149,159,9,9,36,54,54,158,158,177,195,195,195,268,268,268],"floor_reached":40,"language":"ENG","playtime":3058,"items_purged":["Strike_B","Strike_B","Defend_B","Defend_B"],"score":479,"play_id":"47e9800c-7a91-4c0a-b59e-c530a2cb827c","local_time":"20210114174026","is_ascension_mode":true,"campfire_choices":[{"floor":7,"key":"REST"},{"floor":11,"key":"REST"},{"floor":15,"key":"REST"},{"floor":24,"key":"RECALL"},{"floor":29,"key":"REST"},{"floor":32,"key":"REST"}],"circlet_count":0,"master_deck":["Zap","Dualcast","Compile Driver","Barrage","Beam Cell","Defragment","Self Repair","Coolheaded","Seek","Gash","Self Repair","Gash","Echo Form","Static Discharge+1","Coolheaded+1","Chill+1","Lockon+1","FTL","Go for the Eyes+1","Leap","Static Discharge","Redo+1","Conserve Battery+1","Barrage","Doom and Gloom","Thunder Strike","Self Repair","Coolheaded+1","Master of Strategy","Madness","Madness"],"relics":["Cracked Core","NeowsBlessing","Darkstone Periapt","PreservedInsect","Astrolabe","Potion Belt","Vajra","Oddly Smooth Stone","Lantern","Snecko Eye","White Beast Statue"],"acts_visited":["Exordium","TheCity","TheBeyond"],"potions_floor_usage":[16,33,33,33],"damage_taken":[{"damage":0,"enemies":"Cultist","floor":1,"turns":1},{"damage":0,"enemies":"2 Louse","floor":2,"turns":1},{"damage":0,"enemies":"Jaw Worm","floor":4,"turns":1},{"damage":27,"enemies":"Exordium Thugs","floor":5,"turns":4},{"damage":58,"enemies":"Lagavulin","floor":6,"turns":8},{"damage":30,"enemies":"3 Sentries","floor":8,"turns":7},{"damage":6,"enemies":"Blue Slaver","floor":10,"turns":3},{"damage":15,"enemies":"Looter","floor":14,"turns":3},{"damage":27,"enemies":"Slime Boss","floor":16,"turns":10},{"damage":8,"enemies":"Chosen","floor":18,"turns":5},{"damage":8,"enemies":"Spheric Guardian","floor":21,"turns":3},{"damage":26,"enemies":"Cultist and Chosen","floor":22,"turns":4},{"damage":3,"enemies":"Gremlin Leader","floor":23,"turns":5},{"damage":33,"enemies":"Slavers","floor":25,"turns":3},{"damage":27,"enemies":"Shelled Parasite and Fungi","floor":27,"turns":4},{"damage":13,"enemies":"Gremlin Leader","floor":30,"turns":6},{"damage":9,"enemies":"Centurion and Healer","floor":31,"turns":5},{"damage":56,"enemies":"Automaton","floor":33,"turns":7},{"damage":24,"enemies":"3 Darklings","floor":35,"turns":5},{"damage":29,"enemies":"3 Shapes","floor":36,"turns":5},{"damage":46,"enemies":"Nemesis","floor":40,"turns":3}],"seed_played":"3645935763545178222","potions_obtained":[{"floor":4,"key":"FairyPotion"},{"floor":8,"key":"SkillPotion"},{"floor":14,"key":"CultistPotion"},{"floor":16,"key":"DuplicationPotion"},{"floor":21,"key":"PowerPotion"},{"floor":25,"key":"Fire Potion"},{"floor":33,"key":"Weak Potion"},{"floor":36,"key":"Energy Potion"}],"is_trial":false,"path_per_floor":["M","M","$","M","M","E","R","E","T","M","R","?","$","M","R","B",null,"M","?","$","M","M","E","R","E","T","M","$","R","E","M","R","B",null,"M","M","?","?","T","E"],"character_chosen":"DEFECT","items_purchased":["Beam Cell","Self Repair","FTL"],"campfire_rested":5,"item_purchase_floors":[3,13,20],"current_hp_per_floor":[75,75,75,75,48,29,51,28,28,29,51,40,40,39,61,41,75,74,74,74,73,61,65,65,32,32,19,19,41,42,47,69,13,75,65,43,43,34,34,0,0],"gold":268,"neow_bonus":"THREE_ENEMY_KILL","is_daily":false,"chose_seed":false,"campfire_upgraded":0,"win_rate":0.0,"timestamp":1610646026,"path_taken":["M","M","$","M","M","E","R","E","T","?","R","?","$","M","R","BOSS","M","?","?","M","M","E","R","E","T","M","?","R","E","M","R","BOSS","M","M","?","?","?","E"],"items_purchased_type":["Card","Card","Card"],"build_version":"2020-12-22","purchased_purges":4,"victory":false,"max_hp_per_floor":[75,75,75,75,75,75,75,75,75,75,75,75,75,75,75,75,75,75,75,75,75,75,75,75,75,75,75,75,75,75,75,75,75,75,75,75,75,75,75,75,75],"card_choices":[{"not_picked":["Stack","Conserve Battery"],"picked":"Compile Driver","floor":1},{"not_picked":["Auto Shields","Turbo"],"picked":"Barrage","floor":2},{"not_picked":["Fusion","Go for the Eyes"],"picked":"Defragment","floor":4},{"not_picked":["Go for the Eyes","Conserve Battery"],"picked":"Self Repair","floor":5},{"not_picked":["Ball Lightning","Turbo"],"picked":"Coolheaded","floor":6},{"not_picked":["Hyperbeam","Streamline"],"picked":"Seek","floor":8},{"not_picked":["Reprogram","Defragment"],"picked":"Gash","floor":10},{"not_picked":["Steam","Rebound"],"picked":"Gash","floor":14},{"not_picked":["Electrodynamics","Machine Learning"],"picked":"Echo Form","floor":16},{"not_picked":["Steam Power","Ball Lightning"],"picked":"Lockon+1","floor":18},{"not_picked":["Rebound+1","Cold Snap"],"picked":"Go for the Eyes+1","floor":21},{"not_picked":["Cold Snap","Self Repair+1"],"picked":"Leap","floor":22},{"not_picked":["Stack+1","Skim"],"picked":"Static Discharge","floor":23},{"not_picked":["Ball Lightning","Multi-Cast"],"picked":"Redo+1","floor":25},{"not_picked":["Turbo","Sunder+1"],"picked":"Conserve Battery+1","floor":27},{"not_picked":["Amplify","Turbo"],"picked":"Barrage","floor":30},{"not_picked":["Capacitor+1","Streamline"],"picked":"Doom and Gloom","floor":31},{"not_picked":["Fission","Echo Form"],"picked":"Thunder Strike","floor":33},{"not_picked":["Reprogram+1","Heatsinks+1"],"picked":"Self Repair","floor":35},{"not_picked":["Compile Driver+1","Steam"],"picked":"Coolheaded+1","floor":36},{"not_picked":["HandOfGreed","PanicButton"],"picked":"Master of Strategy","floor":37}],"player_experience":61605,"relics_obtained":[{"floor":6,"key":"Darkstone Periapt"},{"floor":8,"key":"PreservedInsect"},{"floor":23,"key":"Potion Belt"},{"floor":25,"key":"Vajra"},{"floor":26,"key":"Oddly Smooth Stone"},{"floor":30,"key":"Lantern"},{"floor":39,"key":"White Beast Statue"}],"event_choices":[{"damage_healed":0,"gold_gain":75,"player_choice":"Gather Gold","damage_taken":11,"max_hp_gain":0,"max_hp_loss":0,"event_name":"World of Goop","floor":12,"gold_loss":0},{"cards_removed":["Defend_B"],"damage_healed":0,"gold_gain":0,"player_choice":"Purged","damage_taken":0,"max_hp_gain":0,"max_hp_loss":0,"event_name":"Purifier","floor":19,"gold_loss":0},{"damage_healed":0,"gold_gain":0,"player_choice":"Memory 1","damage_taken":0,"max_hp_gain":0,"max_hp_loss":0,"event_name":"SensoryStone","floor":37,"gold_loss":0},{"damage_healed":0,"gold_gain":0,"player_choice":"Embrace Madness","damage_taken":9,"max_hp_gain":0,"max_hp_loss":0,"event_name":"Winding Halls","floor":38,"gold_loss":0,"cards_obtained":["Madness","Madness"]}],"is_beta":false,"boss_relics":[{"not_picked":["Coffee Dripper","SlaversCollar"],"picked":"Astrolabe"},{"not_picked":["Busted Crown","Empty Cage"],"picked":"Snecko Eye"}],"items_purged_floors":[3,13,20,28],"is_endless":false,"potions_floor_spawned":[4,8,14,16,21,22,25,33,36],"killed_by":"Nemesis","ascension_level":1}}