{"host":"fjaupvxe7fzqrf4j","time":1610604945,"event":{"mods":["ATMod(°¢èªMod)","BaseMod","Minty Spire (QoL Compilation)","StSLib"],"gold_per_floor":[114,124,124,134,209,237,271,381,407,460,460,516,618,674,674,826,826,863,863,345,81,81,138,188,288,288,390,468,568,630,739,739,837,837,875,1016,1016,1016,504,659,712,768,768,819,876,900,988,1090,1090,1115,1165,1165,1165,503,588,613],"floor_reached":57,"language":"ZHS","playtime":1400,"items_purged":["Conclude","BowlingBash","Consecrate+1"],"score":4577,"play_id":"f1a6598a-6dfe-4fc5-9cf4-de0f32a43e49","local_time":"20210114141545","daily_mods":["SealedDeck","Heirloom","Time Dilation","Flight","Elite Swarm"],"is_ascension_mode":true,"campfire_choices":[{"data":"ForeignInfluence","floor":11.0,"key":"SMITH"},{"data":"Scrawl","floor":15.0,"key":"SMITH"},{"floor":32,"key":"RECALL"},{"data":"DevaForm","floor":49,"key":"SMITH"},{"floor":53,"key":"REST"}],"circlet_count":0,"master_deck":["AscendersBane","ForeignInfluence+1","FlurryOfBlows+1","Tantrum+1","FollowUp+1","TalkToTheHand+1","FearNoEvil+1","Crescendo+1","AT_ChampionStep+1","DeusExMachina+1","Scrawl+1","LessonLearned+1","TalkToTheHand+1","Ragnarok+1","Scrawl+1","AT_ChampionStep+1","Brilliance+1","EmptyMind+1","TalkToTheHand+1","Omniscience+1","Omniscience+1","DevaForm+1","Omniscience+1"],"relics":["PureWater","AT_ATBox","AT_RabadonDeathcap","HornCleat","AT_MibuBalloonWealth","Akabeko","AT_BladeRuinedKing","Damaru","Omamori","SlaversCollar","AT_SilvercatRing","Whetstone","AT_ChloranthyRing","Anchor","PreservedInsect","Pen Nib","Bottled Flame","Singing Bowl","Meat on the Bone","Toxic Egg 2","Black Star","Bag of Preparation","DollysMirror","Centennial Puzzle","TeardropLocket","Strawberry","FossilizedHelix","Dream Catcher","Oddly Smooth Stone","StoneCalendar","Bottled Tornado","Gambling Chip","Regal Pillow","CaptainsWheel","Du-Vu Doll","Ancient Tea Set","AT_ArchangelStaff","Shuriken","AT_RedTearstoneRing","Yang","Turnip"],"acts_visited":["Exordium","TheCity","TheBeyond","TheEnding"],"potions_floor_usage":[56,56],"damage_taken":[{"damage":6.0,"enemies":"Jaw Worm","floor":1.0,"turns":2.0},{"damage":0.0,"enemies":"Cultist","floor":2.0,"turns":1.0},{"damage":0.0,"enemies":"Small Slimes","floor":4.0,"turns":1.0},{"damage":8.0,"enemies":"3 Sentries","floor":6.0,"turns":3.0},{"damage":0.0,"enemies":"Gremlin Nob","floor":7.0,"turns":2.0},{"damage":0.0,"enemies":"3 Sentries","floor":8.0,"turns":2.0},{"damage":0.0,"enemies":"Lagavulin","floor":10.0,"turns":2.0},{"damage":0.0,"enemies":"Gremlin Nob","floor":12.0,"turns":2.0},{"damage":0.0,"enemies":"3 Sentries","floor":13.0,"turns":2.0},{"damage":0.0,"enemies":"Gremlin Nob","floor":14.0,"turns":1.0},{"damage":0.0,"enemies":"Slime Boss","floor":16.0,"turns":3.0},{"damage":0.0,"enemies":"Chosen","floor":18.0,"turns":3.0},{"damage":0.0,"enemies":"Book of Stabbing","floor":23.0,"turns":1.0},{"damage":0.0,"enemies":"Slavers","floor":25.0,"turns":2.0},{"damage":0.0,"enemies":"Gremlin Leader","floor":27.0,"turns":1.0},{"damage":0.0,"enemies":"Slavers","floor":29.0,"turns":1.0},{"damage":0.0,"enemies":"2 Thieves","floor":30.0,"turns":2.0},{"damage":2,"enemies":"Gremlin Leader","floor":31,"turns":2},{"damage":0,"enemies":"Champ","floor":33,"turns":1},{"damage":0,"enemies":"Orb Walker","floor":35,"turns":1},{"damage":0,"enemies":"3 Darklings","floor":36,"turns":1},{"damage":0,"enemies":"Reptomancer","floor":40,"turns":2},{"damage":0,"enemies":"Giant Head","floor":41,"turns":1},{"damage":0,"enemies":"Nemesis","floor":42,"turns":1},{"damage":0,"enemies":"Giant Head","floor":44,"turns":1},{"damage":0,"enemies":"Nemesis","floor":45,"turns":1},{"damage":0,"enemies":"Sphere and 2 Shapes","floor":47,"turns":1},{"damage":0,"enemies":"Reptomancer","floor":48,"turns":1},{"damage":0,"enemies":"Time Eater","floor":50,"turns":1},{"damage":0,"enemies":"Donu and Deca","floor":51,"turns":1},{"damage":0,"enemies":"Shield and Spear","floor":55,"turns":1},{"damage":0,"enemies":"The Heart","floor":56,"turns":4}],"seed_played":"4037488677009879371","potions_obtained":[{"floor":4.0,"key":"Weak Potion"},{"floor":6.0,"key":"Strength Potion"},{"floor":7.0,"key":"SkillPotion"},{"floor":23.0,"key":"DistilledChaos"},{"floor":30.0,"key":"Swift Potion"}],"is_trial":true,"path_per_floor":["M","M","?","M","?","E","E","E","T","E","R","E","E","E","R","B",null,"M","?","$","$","?","E","?","E","T","E","T","E","M","E","R","B",null,"M","M","?","$","$","E","E","E","T","E","E","T","M","E","R","B","B",null,"R","$","E","B",null],"character_chosen":"WATCHER","items_purchased":["AT_SilvercatRing","Whetstone","AT_ChloranthyRing","Bag of Preparation","DollysMirror","Centennial Puzzle","AT_RedTearstoneRing","Yang","DuplicationPotion"],"campfire_rested":1,"item_purchase_floors":[20,20,21,39,39,39,54,54,54],"current_hp_per_floor":[55,55,68,68,57,49,49,49,49,49,49,49,49,49,49,49,63,63,63,63,63,63,63,63,63,63,63,63,65,65,65,65,65,70,70,72,74,74,74,81,81,81,81,83,83,83,85,87,87,87,87,89,91,91,93,93],"gold":613,"neow_bonus":"","is_daily":false,"chose_seed":false,"campfire_upgraded":3,"win_rate":0.0,"timestamp":1610604945,"path_taken":["M","M","?","?","?","E","E","E","T","E","R","E","E","E","R","BOSS","M","?","$","$","?","E","?","E","T","E","?","E","M","E","R","BOSS","M","?","?","$","$","E","E","E","T","E","E","?","M","E","R","BOSS","BOSS","R","$","E","BOSS"],"items_purchased_type":["Relic","Relic","Relic","Relic","Relic","Relic","Relic","Relic","Potion"],"build_version":"2020-12-22","purchased_purges":3,"victory":true,"max_hp_per_floor":[68,68,68,68,68,68,68,68,68,68,68,68,68,68,68,68,68,68,68,68,68,68,68,68,68,68,68,68,70,70,72,72,72,72,72,74,76,76,76,83,83,83,83,85,85,85,87,89,89,89,89,89,91,91,93,93],"card_choices":[{"not_picked":["Prostrate","EmptyFist"],"picked":"Crescendo","floor":1.0},{"not_picked":["Halt","FlurryOfBlows","BattleHymn"],"picked":"SKIP","floor":2.0},{"not_picked":["FlyingSleeves","EmptyBody"],"picked":"AT_ChampionStep","floor":4.0},{"not_picked":["AT_MachinaRedman","Judgement","AT_IrregularMenstruation"],"picked":"SKIP","floor":6.0},{"not_picked":["AT_MachinaRedman","AT_IrregularMenstruation","AT_RealColorLess"],"picked":"SKIP","floor":7.0},{"not_picked":["Vault","ConjureBlade"],"picked":"DeusExMachina","floor":8.0},{"not_picked":["Devotion","AT_RealColorLess","Alpha"],"picked":"SKIP","floor":10.0},{"not_picked":["Establishment","AT_ChampionKick"],"picked":"Scrawl","floor":12.0},{"not_picked":["Devotion","Alpha"],"picked":"LessonLearned","floor":13.0},{"not_picked":["DeusExMachina","Omniscience","DevaForm"],"picked":"SKIP","floor":14.0},{"not_picked":["Prostrate","CutThroughFate+1"],"picked":"TalkToTheHand","floor":18.0},{"not_picked":["Establishment","ConjureBlade"],"picked":"Ragnarok","floor":23.0},{"not_picked":["Ragnarok","Alpha"],"picked":"Scrawl","floor":25.0},{"not_picked":["Blasphemy","Vault","Establishment"],"picked":"SKIP","floor":27.0},{"not_picked":["Vault","Judgement","Blasphemy"],"picked":"Singing Bowl","floor":29.0},{"not_picked":["EmptyBody","Swivel"],"picked":"AT_ChampionStep","floor":30.0},{"not_picked":["Judgement+1","Blasphemy+1","Alpha+1"],"picked":"Singing Bowl","floor":31},{"not_picked":["DeusExMachina+1","AT_ChampionKick"],"picked":"Brilliance","floor":33},{"not_picked":["CutThroughFate","Tantrum+1"],"picked":"EmptyMind+1","floor":35},{"not_picked":["FlurryOfBlows+1","EmptyBody+1","Evaluate+1"],"picked":"Singing Bowl","floor":36},{"not_picked":["Finesse+1","Flash of Steel","Enlightenment+1"],"picked":"Singing Bowl","floor":37},{"not_picked":["AT_ChampionKick","SpiritShield+1"],"picked":"Omniscience+1","floor":40},{"not_picked":["AT_RealColorLess","ConjureBlade+1"],"picked":"Omniscience+1","floor":41},{"not_picked":["ConjureBlade+1","SpiritShield+1"],"picked":"DevaForm","floor":42},{"not_picked":["Ragnarok","Blasphemy+1","AT_MachinaRedman+1"],"picked":"Singing Bowl","floor":44},{"not_picked":["Scrawl+1","Wish+1"],"picked":"Omniscience+1","floor":45},{"not_picked":["AT_SoftenMuscles+1","Prostrate+1","ClearTheMind+1"],"picked":"Singing Bowl","floor":47},{"not_picked":["LessonLearned","AT_IrregularMenstruation+1","Ragnarok"],"picked":"Singing Bowl","floor":48},{"not_picked":["Crescendo+1","Consecrate+1","ClearTheMind+1"],"picked":"Singing Bowl","floor":53},{"not_picked":["Scrawl+1","AT_RealColorLess","AT_IrregularMenstruation+1"],"picked":"Singing Bowl","floor":55}],"player_experience":429486,"relics_obtained":[{"floor":6.0,"key":"HornCleat"},{"floor":7.0,"key":"AT_MibuBalloonWealth"},{"floor":8.0,"key":"Akabeko"},{"floor":10.0,"key":"AT_BladeRuinedKing"},{"floor":12.0,"key":"Damaru"},{"floor":14.0,"key":"Omamori"},{"floor":23.0,"key":"Anchor"},{"floor":25.0,"key":"PreservedInsect"},{"floor":26.0,"key":"Pen Nib"},{"floor":27.0,"key":"Bottled Flame"},{"floor":28.0,"key":"Singing Bowl"},{"floor":29.0,"key":"Meat on the Bone"},{"floor":31,"key":"Toxic Egg 2"},{"floor":40,"key":"TeardropLocket"},{"floor":40,"key":"Strawberry"},{"floor":41,"key":"FossilizedHelix"},{"floor":41,"key":"Dream Catcher"},{"floor":42,"key":"Oddly Smooth Stone"},{"floor":42,"key":"StoneCalendar"},{"floor":43,"key":"Bottled Tornado"},{"floor":44,"key":"Gambling Chip"},{"floor":44,"key":"Regal Pillow"},{"floor":45,"key":"CaptainsWheel"},{"floor":45,"key":"Du-Vu Doll"},{"floor":46,"key":"Ancient Tea Set"},{"floor":48,"key":"AT_ArchangelStaff"},{"floor":48,"key":"Shuriken"},{"floor":55,"key":"Turnip"}],"event_choices":[{"damage_healed":13.0,"max_hp_gain":0.0,"max_hp_loss":0.0,"gold_gain":0.0,"event_name":"Wheel of Change","player_choice":"Full Heal","floor":3.0,"gold_loss":0.0,"damage_taken":0.0},{"damage_healed":0.0,"max_hp_gain":0.0,"max_hp_loss":0.0,"gold_gain":75.0,"event_name":"World of Goop","player_choice":"Gather Gold","floor":5.0,"gold_loss":0.0,"damage_taken":11.0},{"damage_healed":0.0,"max_hp_gain":0.0,"max_hp_loss":0.0,"gold_gain":0.0,"event_name":"The Mausoleum","player_choice":"Ignored","floor":19.0,"gold_loss":0.0,"damage_taken":0.0},{"cards_removed":["Halt"],"damage_healed":0.0,"max_hp_gain":0.0,"max_hp_loss":0.0,"gold_gain":0.0,"event_name":"Back to Basics","player_choice":"Elegance","floor":22.0,"gold_loss":0.0,"damage_taken":0.0},{"damage_healed":0.0,"max_hp_gain":0.0,"max_hp_loss":0.0,"gold_gain":50.0,"event_name":"Nest","player_choice":"Stole From Cult","floor":24.0,"gold_loss":0.0,"damage_taken":0.0},{"damage_healed":0,"gold_gain":0,"player_choice":"Memory 1","damage_taken":0,"max_hp_gain":0,"max_hp_loss":0,"event_name":"SensoryStone","floor":37,"gold_loss":0}],"is_beta":false,"boss_relics":[{"not_picked":["Busted Crown","SacredBark"],"picked":"SlaversCollar"},{"not_picked":["Fusion Hammer","Coffee Dripper"],"picked":"Black Star"}],"items_purged_floors":[20,21,54],"is_endless":false,"potions_floor_spawned":[4,6,7,8,14,16,18,23,27,30,35,36,47,48,55],"ascension_level":20}}