{"host":"iv4l93feeza0hr07","time":1610599386,"event":{"mods":["2.2 Compatiblity","AchievementEnabler","Act Like it!","BaseMod","BetterRewards","Colored Map","Colored Powertips","Conspire","Downfall","GifTheSpireLib","GungeonMod","Hubris","Infinite Spire","LagranYue(???·?)","Mimic Mod","Minty Spire (QoL Compilation)","Quick Restart","StSLib","The Animator","The Bug Knight","The Wild Card","TheSwordswoman","Yuri Mod"],"gold_per_floor":[130,140,140,40,40,40,40,54,54,54,54,54,54,54,54,173,248,323,323,323,323,323,323,358,130,173,173,293,293,140,140,140,259,259,275,275,289,321,384,384,422,422,522,585,598,619,643,701,701,776],"floor_reached":51,"language":"ENG","playtime":2878,"items_purged":["Injury"],"score":812,"play_id":"afad4baa-f5df-4af3-9b15-66a4be95c58e","local_time":"20210113204306","is_ascension_mode":false,"campfire_choices":[{"data":"animator:Shion","floor":6.0,"key":"SMITH"},{"data":"hubris:Fate","floor":11.0,"key":"SMITH"},{"data":"animator:Raven","floor":13.0,"key":"SMITH"},{"data":"animator:Kuribayashi","floor":15.0,"key":"SMITH"},{"data":"animator:Bozes","floor":23.0,"key":"SMITH"},{"data":"animator:Sloth","floor":29.0,"key":"SMITH"},{"data":"animator:Kaijin","floor":32.0,"key":"SMITH"},{"data":"animator:Nanami","floor":40.0,"key":"SMITH"},{"data":"animator:Gilgamesh","floor":42.0,"key":"SMITH"},{"data":"animator:CrowleyEusford","floor":49.0,"key":"SMITH"}],"circlet_count":0,"master_deck":["animator:Strike_GATE+1","animator:Defend_GATE+1","animator:Strike+1","animator:Strike+1","animator:Strike+1","animator:Defend+1","animator:Defend+1","animator:Defend+1","animator:TukaLunaMarceau+1","animator:Kuribayashi+1","animator:Shion+1","animator:TukaLunaMarceau+1","Ghostly+1","hubris:Fate+1","animator:Raven+1","animator:Rimuru","animator:Kaijin+1","animator:Bozes+1","animator:Sloth+1","animator:Berserker+1","animator:Elesis","animator:Mitsuba","hubris:Fate+1","animator:Nanami+1","animator:Tyuule+1","animator:Gilgamesh+6","animator:Rimuru","animator:Pride+1","animator:CrowleyEusford+1"],"relics":["animator:LivingPicture","animator:TheMissingPiece","LagranYue:RandomDrawCardRelic","animator:PurgingStone","NeowsBlessing","hubris:MobiusCoin","Golden Idol","Tiny House","Nilry\u0027s Codex","yuri:PortableGlitches","Singing Bowl","LagranYue:SoulBurningRelic","Vajra","War Paint","DemoMod:MeltedRock","hubris:Icosahedron","LagranYue:MagicReflectiveArmorRelic","Bottled Lightning","animator:HolyGrailRelic","Gambling Chip","infinitespire:ShieldingShard","DemoMod:NanoMachines","infinitespire:PuzzleCube","HornCleat"],"acts_visited":["Exordium","TheCity","TheBeyond"],"potions_floor_usage":[50],"damage_taken":[{"damage":0.0,"enemies":"Small Slimes","floor":1.0,"turns":1.0},{"damage":0.0,"enemies":"Jaw Worm","floor":2.0,"turns":1.0},{"damage":3.0,"enemies":"2 Louse","floor":8.0,"turns":2.0},{"damage":50.0,"enemies":"Slime Boss","floor":16.0,"turns":19.0},{"damage":0.0,"enemies":"Spheric Guardian","floor":18.0,"turns":4.0},{"damage":0.0,"enemies":"Book of Stabbing","floor":24.0,"turns":2.0},{"damage":10.0,"enemies":"Chosen","floor":26.0,"turns":5.0},{"damage":5.0,"enemies":"Chosen","floor":28.0,"turns":2.0},{"damage":3.0,"enemies":"hubris:MusketHawk","floor":33.0,"turns":8.0},{"damage":0.0,"enemies":"Orb Walker","floor":35.0,"turns":3.0},{"damage":3.0,"enemies":"3 Shapes","floor":37.0,"turns":2.0},{"damage":30.0,"enemies":"3 Darklings","floor":38.0,"turns":3.0},{"damage":3.0,"enemies":"Mind Bloom Boss Battle","floor":39.0,"turns":1.0},{"damage":12.0,"enemies":"Giant Head","floor":41.0,"turns":4.0},{"damage":0.0,"enemies":"Writhing Mass","floor":43.0,"turns":10.0},{"damage":0.0,"enemies":"Reptomancer","floor":44.0,"turns":2.0},{"damage":0.0,"enemies":"Writhing Mass","floor":45.0,"turns":1.0},{"damage":3.0,"enemies":"4 Shapes","floor":46.0,"turns":2.0},{"damage":0.0,"enemies":"Writhing Mass","floor":47.0,"turns":3.0},{"damage":0.0,"enemies":"Giant Head","floor":48.0,"turns":3.0},{"damage":27,"enemies":"Awakened One","floor":50,"turns":8}],"seed_played":"-3177382695005380837","potions_obtained":[{"floor":8.0,"key":"LiquidBronze"},{"floor":16.0,"key":"DistilledChaos"},{"floor":17.0,"key":"LiquidBronze"},{"floor":37.0,"key":"animator:GrowthPotion"},{"floor":45.0,"key":"BlessingOfTheForge"},{"floor":48.0,"key":"SteroidPotion"}],"is_trial":false,"path_per_floor":["M","M","$","?","?","R","?","M","T","?","R","$","R","?","R","B",null,"M","?","T","AVR","?","R","E","$","MIM","?","M","R","$","T","R","B",null,"M","?","M","M","?","R","E","R","MIM","E","M","M","M","E","R","B",null],"character_chosen":"THE_ANIMATOR","items_purchased":["War Paint","LagranYue:MagicReflectiveArmorRelic"],"campfire_rested":0,"item_purchase_floors":[25,30],"current_hp_per_floor":[66,66,66,66,66,66,50,62,62,62,62,62,62,62,62,13,72,72,56,56,56,56,56,56,56,46,46,42,42,42,42,42,74,82,83,83,82,53,51,51,40,40,57,57,59,57,58,60,60,33],"gold":776,"neow_bonus":"THREE_ENEMY_KILL","is_daily":false,"chose_seed":false,"campfire_upgraded":10,"win_rate":0.0,"timestamp":1610599386,"path_taken":["M","M","$","?","?","R","?","?","T","?","R","?","R","?","R","BOSS","M","?","?","AVR","?","R","E","$","MIM","?","M","R","$","?","R","BOSS","M","?","?","?","?","R","E","R","MIM","E","M","M","M","E","R","BOSS"],"items_purchased_type":["Relic","Relic"],"build_version":"2020-12-22","purchased_purges":1,"victory":true,"max_hp_per_floor":[66,66,66,66,66,66,66,66,66,66,66,66,66,66,66,67,72,72,72,72,72,72,72,72,72,72,72,74,74,74,74,74,74,82,84,84,88,90,93,93,95,95,101,98,102,104,106,110,110,107],"card_choices":[{"not_picked":["animator:ZankiKiguchi","animator:Ara"],"picked":"animator:Shion","floor":1.0},{"not_picked":["animator:WinryRockbell","animator:Azekura"],"picked":"animator:TukaLunaMarceau","floor":2.0},{"not_picked":["infinitespire:Starlight","infinitespire:Collect"],"picked":"hubris:Fate","floor":7.0},{"not_picked":["animator:MumenRider","animator:Caster"],"picked":"animator:Raven","floor":8.0},{"not_picked":["animator:Shizu","animator:ChaikaTrabant"],"picked":"animator:Rimuru","floor":16.0},{"not_picked":["animator:RoyMustang","animator:Rider"],"picked":"animator:Kaijin","floor":17.0},{"not_picked":["animator:YaoHaDucy","animator:Tyuule"],"picked":"animator:Bozes","floor":18.0},{"not_picked":["animator:Assassin","animator:Shuna"],"picked":"animator:Sloth","floor":24.0},{"not_picked":["animator:Millim","animator:Alexander"],"picked":"animator:Berserker+1","floor":26.0},{"not_picked":["animator:Archer","animator:Souei","animator:SilverFang"],"picked":"Singing Bowl","floor":28.0},{"not_picked":["animator:HigakiRinne","animator:ChaikaTrabant"],"picked":"animator:Elesis","floor":33.0},{"not_picked":["animator:Archer+1","animator:Viivi"],"picked":"animator:Mitsuba","floor":35.0},{"not_picked":["animator:Kuribayashi","animator:Tyuule","animator:LeleiLaLalena"],"picked":"Singing Bowl","floor":37.0},{"not_picked":["animator:Mikaela","animator:Raven"],"picked":"animator:Nanami","floor":38.0},{"not_picked":["animator:Shuna+1","animator:Konayuki"],"picked":"animator:Tyuule+1","floor":39.0},{"not_picked":["animator:Tyuule","animator:Elsword+1"],"picked":"animator:Gilgamesh","floor":41.0},{"not_picked":["animator:Azekura+1","animator:Shion+1","animator:Scar"],"picked":"Singing Bowl","floor":43.0},{"not_picked":["animator:TukaLunaMarceau","animator:WinryRockbell"],"picked":"animator:Rimuru","floor":44.0},{"not_picked":["animator:Chung","animator:Ain","animator:Add"],"picked":"Singing Bowl","floor":45.0},{"not_picked":["animator:Scar+1","animator:Sonic+1"],"picked":"animator:Pride+1","floor":46.0},{"not_picked":["animator:Mikaela","animator:Kuribayashi+1"],"picked":"animator:CrowleyEusford","floor":47.0},{"not_picked":["animator:Melzalgald","animator:Kuribayashi+1","animator:Elsword+1"],"picked":"Singing Bowl","floor":48.0}],"player_experience":160667,"relics_obtained":[{"floor":9.0,"key":"hubris:MobiusCoin"},{"floor":19.0,"key":"Nilry\u0027s Codex"},{"floor":20.0,"key":"yuri:PortableGlitches"},{"floor":24.0,"key":"Vajra"},{"floor":26.0,"key":"DemoMod:MeltedRock"},{"floor":31.0,"key":"Bottled Lightning"},{"floor":39.0,"key":"Gambling Chip"},{"floor":41.0,"key":"infinitespire:ShieldingShard"},{"floor":43.0,"key":"DemoMod:NanoMachines"},{"floor":44.0,"key":"infinitespire:PuzzleCube"},{"floor":48.0,"key":"HornCleat"}],"event_choices":[{"damage_healed":0.0,"max_hp_gain":0.0,"max_hp_loss":0.0,"gold_gain":0.0,"event_name":"conspire:LoneGhost","player_choice":"Argue","floor":4.0,"gold_loss":0.0,"damage_taken":0.0},{"damage_healed":0.0,"max_hp_gain":0.0,"max_hp_loss":0.0,"gold_gain":0.0,"event_name":"Transmorgrifier","player_choice":"Ignored","floor":10.0,"gold_loss":0.0,"damage_taken":0.0},{"damage_healed":0.0,"max_hp_gain":0.0,"max_hp_loss":0.0,"gold_gain":0.0,"event_name":"Golden Idol","player_choice":"Take Wound","floor":14.0,"gold_loss":0.0,"damage_taken":0.0,"relics_obtained":["Golden Idol"],"cards_obtained":["Injury"]},{"damage_healed":0.0,"max_hp_gain":0.0,"max_hp_loss":0.0,"gold_gain":0.0,"event_name":"Cursed Tome","player_choice":"Obtained Book","floor":19.0,"gold_loss":0.0,"damage_taken":16.0},{"damage_healed":0.0,"max_hp_gain":0.0,"max_hp_loss":0.0,"gold_gain":0.0,"event_name":"Back to Basics","player_choice":"Simplicity","floor":22.0,"gold_loss":0.0,"damage_taken":0.0,"cards_upgraded":["animator:Defend_GATE","animator:Strike","animator:Strike","animator:Strike","animator:Defend","animator:Defend","animator:Defend"]},{"damage_healed":0.0,"max_hp_gain":0.0,"max_hp_loss":0.0,"gold_gain":0.0,"event_name":"Duplicator","player_choice":"Copied","floor":36.0,"gold_loss":0.0,"damage_taken":0.0,"cards_obtained":["hubris:Fate"]},{"damage_healed":0.0,"max_hp_gain":0.0,"max_hp_loss":0.0,"gold_gain":0.0,"event_name":"MindBloom","player_choice":"Fight","floor":39.0,"gold_loss":0.0,"damage_taken":0.0}],"is_beta":false,"boss_relics":[{"not_picked":["hubris:VirtuousBlindfold","Fusion Hammer"],"picked":"Tiny House"},{"not_picked":["conspire:SeveredTorchhead","SlaversCollar"],"picked":"animator:HolyGrailRelic"}],"items_purged_floors":[25],"is_endless":false,"potions_floor_spawned":[8,16,24,28,37,38,41,45,48],"ascension_level":0}}