{"host":"0c22z74nxhh6l98a","time":1610583474,"event":{"mods":["BaseMod","BetterRewards","Card Forge","GungeonMod","Hubris","Infinite Spire","Minty Spire (QoL Compilation)","Potionbrewer","Shop Mod","StSLib"],"gold_per_floor":[111,186,196,214,214,214,241,146,146,179,198,227,241,241,241,361,361,385,565,23,93,109,174,198,233,233,287,331,345,365,431,431,589,652,668,691,691,373,373,438,438,471,496,544,564,212,212,265,265,325,325,325,166,197,227],"floor_reached":56,"language":"ENG","playtime":5445,"items_purged":[],"score":2399,"play_id":"805d3dbd-1d7a-4dee-9742-c316786967d6","local_time":"20210113181754","is_ascension_mode":true,"campfire_choices":[{"floor":6,"key":"RECALL"},{"floor":15,"key":"REST"},{"data":"Reflex","floor":32,"key":"SMITH"},{"data":"infinitespire:TheBestDefense","floor":49,"key":"SMITH"},{"data":"Reflex","floor":52,"key":"SMITH"}],"circlet_count":0,"master_deck":["A Thousand Cuts","After Image","Accuracy","Blade Dance","Dagger Throw","Escape Plan","Prepared","Reflex+1","hubris:Sniper","Tactician","Prepared","Masterful Stab","Prepared+1","Escape Plan","Concentrate","Adrenaline","Reflex+1","DemoMod:Deposit","Calculated Gamble+1","Calculated Gamble","Escape Plan","Adrenaline","infinitespire:TheBestDefense+1","Calculated Gamble+1"],"relics":["Ring of the Snake","Hammer of Thor","Seething Fire","Anvil of the Gods","MerchantsRug","DemoMod:OrangeGuonStone","Juzu Bracelet","Question Card","DemoMod:AgedBell","hubris:BundleOfHerbs","Golden Idol","potionbrewer:PotionKit","Potion Belt","Letter Opener","Medical Kit","infinitespire:CheckeredPen","Matryoshka","hubris:TinFlute","Bag of Marbles","Lizard Tail","potionbrewer:WarMedal","DemoMod:ChaffGrenade","hubris:SlimyHat","Sundial","Centennial Puzzle","Akabeko","DollysMirror","infinitespire:Lucky Rock","hubris:Towel","ClockworkSouvenir","hubris:CuriousFeather"],"acts_visited":["Exordium","TheCity","TheBeyond","TheEnding"],"potions_floor_usage":[10,13,16,50,50,55,55,55,55,55,55,55,55,55,55,55],"damage_taken":[{"damage":7,"enemies":"Jaw Worm","floor":1,"turns":2},{"damage":0,"enemies":"2 Louse","floor":3,"turns":1},{"damage":0,"enemies":"Cultist","floor":4,"turns":2},{"damage":1,"enemies":"3 Sentries","floor":7,"turns":3},{"damage":2,"enemies":"Lagavulin","floor":10,"turns":3},{"damage":0,"enemies":"2 Fungi Beasts","floor":11,"turns":2},{"damage":0,"enemies":"Gremlin Nob","floor":12,"turns":2},{"damage":0,"enemies":"Exordium Thugs","floor":13,"turns":1},{"damage":0,"enemies":"Hexaghost","floor":16,"turns":4},{"damage":0,"enemies":"Spheric Guardian","floor":18,"turns":2},{"damage":0,"enemies":"2 Thieves","floor":22,"turns":1},{"damage":0,"enemies":"Gremlin Leader","floor":23,"turns":2},{"damage":0,"enemies":"Snecko","floor":24,"turns":2},{"damage":0,"enemies":"Slavers","floor":25,"turns":3},{"damage":0,"enemies":"Sentry and Sphere","floor":27,"turns":2},{"damage":0,"enemies":"Chosen and Byrds","floor":28,"turns":3},{"damage":0,"enemies":"Snake Plant","floor":29,"turns":1},{"damage":0,"enemies":"Shelled Parasite and Fungi","floor":30,"turns":2},{"damage":0,"enemies":"Gremlin Leader","floor":31,"turns":3},{"damage":0,"enemies":"Collector","floor":33,"turns":3},{"damage":0,"enemies":"3 Shapes","floor":35,"turns":1},{"damage":0,"enemies":"Orb Walker","floor":36,"turns":2},{"damage":0,"enemies":"Nemesis","floor":40,"turns":2},{"damage":0,"enemies":"Giant Head","floor":42,"turns":1},{"damage":0,"enemies":"4 Shapes","floor":44,"turns":1},{"damage":0,"enemies":"Jaw Worm Horde","floor":45,"turns":1},{"damage":0,"enemies":"Writhing Mass","floor":48,"turns":1},{"damage":2,"enemies":"Time Eater","floor":50,"turns":7},{"damage":0,"enemies":"Shield and Spear","floor":54,"turns":1},{"damage":10,"enemies":"The Heart","floor":55,"turns":3}],"seed_played":"5154513247812703837","potions_obtained":[{"floor":3,"key":"Energy Potion"},{"floor":8,"key":"potionbrewer:HastePotion"},{"floor":8,"key":"DistilledChaos"},{"floor":8,"key":"SneckoOil"},{"floor":11,"key":"DistilledChaos"},{"floor":13,"key":"DemoMod:LeadSkinPotion"},{"floor":16,"key":"potionbrewer:BarricadePotion"},{"floor":23,"key":"SkillPotion"},{"floor":24,"key":"AttackPotion"},{"floor":25,"key":"SteroidPotion"},{"floor":29,"key":"CunningPotion"},{"floor":35,"key":"potionbrewer:SplittingPotion"},{"floor":45,"key":"potionbrewer:SplittingPotion"}],"is_trial":false,"path_per_floor":["M","?","M","M","?","R","E","$","T","E","M","E","M","?","R","B",null,"M","?","$","T","M","E","M","E","T","M","M","M","M","E","R","B",null,"M","M","?","$","?","E","AVR","E","T","M","M","$","?","M","R","B",null,"R","$","E","B",null],"character_chosen":"THE_SILENT","items_purchased":["MerchantsRug","DemoMod:OrangeGuonStone","Juzu Bracelet","Cauldron","Potion Belt","Letter Opener","PowerPotion","Medical Kit","DemoMod:Deposit","DemoMod:ChaffGrenade","potionbrewer:SplittingPotion","DollysMirror","infinitespire:Lucky Rock","LiquidMemories","ClockworkSouvenir","LiquidMemories"],"campfire_rested":1,"item_purchase_floors":[0,0,0,8,20,20,20,20,20,38,38,46,46,46,53,53],"current_hp_per_floor":[63,52,52,52,57,57,56,56,56,54,54,54,54,36,58,58,71,71,52,52,52,52,55,55,60,60,60,60,60,60,60,60,60,76,76,76,90,90,90,90,90,90,90,90,90,90,90,90,90,88,90,90,90,90,80],"gold":227,"neow_bonus":"","is_daily":false,"chose_seed":false,"campfire_upgraded":3,"win_rate":0.0,"timestamp":1610583474,"path_taken":["M","?","M","M","?","R","E","?","T","E","M","E","M","?","R","BOSS","M","?","$","?","M","E","M","E","T","M","M","M","M","E","R","BOSS","M","M","?","?","?","E","AVR","E","T","M","M","$","?","M","R","BOSS","R","$","E","BOSS"],"items_purchased_type":["Relic","Relic","Relic","Relic","Relic","Relic","Potion","Relic","Card","Relic","Potion","Relic","Relic","Potion","Relic","Potion"],"build_version":"2020-12-22","purchased_purges":0,"victory":true,"max_hp_per_floor":[70,70,70,70,75,75,75,75,75,75,75,75,75,75,75,75,75,75,75,75,75,75,75,75,75,75,75,75,75,75,75,75,75,80,80,80,90,90,90,90,90,90,90,90,90,90,90,90,90,90,90,90,90,90,90],"card_choices":[{"not_picked":["Caltrops","Flying Knee"],"picked":"Prepared","floor":1},{"not_picked":["Accuracy","Quick Slash"],"picked":"Masterful Stab","floor":3},{"not_picked":["Outmaneuver","Caltrops","hubris:SlightOfHand"],"picked":"SKIP","floor":4},{"not_picked":["Cloak And Dagger","Underhanded Strike","hubris:Counter"],"picked":"SKIP","floor":7},{"not_picked":["Storm of Steel","Underhanded Strike","Riddle With Holes"],"picked":"Prepared","floor":10},{"not_picked":["Blade Dance","Backstab","Dagger Throw","Leg Sweep"],"picked":"SKIP","floor":11},{"not_picked":["Heel Hook","Prepared","Quick Slash"],"picked":"Escape Plan","floor":12},{"not_picked":["Dagger Spray","Footwork","Slice"],"picked":"Concentrate","floor":13},{"not_picked":["Wraith Form v2","Corpse Explosion","Unload"],"picked":"Adrenaline","floor":16},{"not_picked":["Heel Hook","Expertise+1","Bane+1"],"picked":"Reflex","floor":18},{"not_picked":["Sucker Punch","Outmaneuver","Blade Dance","Crippling Poison"],"picked":"SKIP","floor":22},{"not_picked":["Bane","Cloak And Dagger","Setup","Slice+1"],"picked":"SKIP","floor":23},{"not_picked":["hubris:SlightOfHand","Backflip+1","Quick Slash+1","Predator+1"],"picked":"SKIP","floor":24},{"not_picked":["Catalyst","Quick Slash","Setup","Noxious Fumes+1"],"picked":"SKIP","floor":25},{"not_picked":["PiercingWail","Flying Knee","Deadly Poison","Bane"],"picked":"SKIP","floor":27},{"not_picked":["PiercingWail","Flying Knee+1","Underhanded Strike","Bane"],"picked":"SKIP","floor":28},{"not_picked":["Flying Knee","Underhanded Strike","Dagger Spray+1"],"picked":"Calculated Gamble","floor":29},{"not_picked":["Underhanded Strike","Dash","Flechettes"],"picked":"Calculated Gamble","floor":30},{"not_picked":["Dodge and Roll","Sucker Punch","Deadly Poison"],"picked":"Escape Plan","floor":31},{"not_picked":["Bullet Time","infinitespire:Neurotoxin","Corpse Explosion"],"picked":"Adrenaline","floor":33},{"not_picked":["Expertise+1","Bouncing Flask+1","Dash+1","Cloak And Dagger"],"picked":"SKIP","floor":35},{"not_picked":["All Out Attack+1","Skewer","Blade Dance"],"picked":"Adrenaline","floor":36},{"not_picked":["Expertise+1","Choke","Poisoned Stab+1","Outmaneuver+1"],"picked":"SKIP","floor":40},{"not_picked":["Masterful Stab+1","Night Terror","Heel Hook+1","Blade Dance"],"picked":"SKIP","floor":42},{"not_picked":["Dodge and Roll+1","Cloak And Dagger+1","Caltrops","Quick Slash"],"picked":"SKIP","floor":44},{"not_picked":["Deadly Poison","Masterful Stab+1","Outmaneuver+1","Leg Sweep+1"],"picked":"SKIP","floor":45},{"not_picked":["Dash","Bane","Poisoned Stab+1","Sucker Punch+1"],"picked":"SKIP","floor":48},{"not_picked":["hubris:TrickCloak+1","hubris:Counter+1","Endless Agony+1","Sucker Punch+1"],"picked":"SKIP","floor":54}],"player_experience":846698,"relics_obtained":[{"floor":7,"key":"Question Card"},{"floor":10,"key":"DemoMod:AgedBell"},{"floor":12,"key":"hubris:BundleOfHerbs"},{"floor":21,"key":"infinitespire:CheckeredPen"},{"floor":23,"key":"Matryoshka"},{"floor":25,"key":"hubris:TinFlute"},{"floor":26,"key":"Bag of Marbles"},{"floor":26,"key":"Lizard Tail"},{"floor":31,"key":"potionbrewer:WarMedal"},{"floor":40,"key":"hubris:SlimyHat"},{"floor":42,"key":"Sundial"},{"floor":43,"key":"Centennial Puzzle"},{"floor":43,"key":"Akabeko"},{"floor":54,"key":"hubris:CuriousFeather"}],"event_choices":[{"damage_healed":0,"gold_gain":75,"player_choice":"Gather Gold","damage_taken":11,"max_hp_gain":0,"max_hp_loss":0,"event_name":"World of Goop","floor":2,"gold_loss":0},{"damage_healed":0,"gold_gain":0,"player_choice":"Donut","damage_taken":0,"max_hp_gain":5,"max_hp_loss":0,"event_name":"Big Fish","floor":5,"gold_loss":0},{"damage_healed":0,"gold_gain":0,"player_choice":"Take Damage","damage_taken":18,"relics_obtained":["Golden Idol"],"max_hp_gain":0,"max_hp_loss":0,"event_name":"Golden Idol","floor":14,"gold_loss":0},{"damage_healed":0,"gold_gain":180,"player_choice":"GOLD GOLD ","damage_taken":19,"max_hp_gain":0,"max_hp_loss":0,"event_name":"Knowing Skull","floor":19,"potions_obtained":[],"gold_loss":0,"cards_obtained":[]},{"cards_removed":["Adrenaline"],"damage_healed":4,"gold_gain":0,"player_choice":"Offered Rare","damage_taken":0,"max_hp_gain":10,"max_hp_loss":0,"event_name":"Bonfire Elementals","floor":37,"gold_loss":0}],"is_beta":false,"boss_relics":[{"not_picked":["Snecko Eye","Sozu"],"picked":"hubris:Backtick"},{"not_picked":["HoveringKite","Philosopher\u0027s Stone"],"picked":"Tiny House"}],"items_purged_floors":[],"is_endless":false,"potions_floor_spawned":[3,11,13,16,23,24,25,29,35,42,45,54],"ascension_level":5}}