{"host":"pno9h1fupbyz205f","time":1610586183,"event":{"mods":["Aspiration","BaseMod","Better Altar","Better Match","Better Note","Better Sensory Stone","Better Skull","Better Third Choice","Colored Map","Colored Powertips","Downfall","Hubris","Infinite Spire","Jedi Mod","Mad Scientist","Marisa????????","Minty Spire (QoL Compilation)","Permanent Neow","Potionbrewer","Replay The Spire","Shop Mod","Spicy Shops","StSLib","Td1madao Mod","The Blackbeard","The Gatherer","The Hierophant","The Poker Player","The Runesmith","The Servant 0.9.4","The Vixen","thorton","vexMod"],"gold_per_floor":[0,17,31,46,146,146,146,146,181,181,194,214,314,380,398,398,398,398],"floor_reached":16,"language":"ENG","playtime":561,"items_purged":[],"score":104,"play_id":"188de6e6-e9b3-4541-b590-78ec6a5aca9b","local_time":"20210113170303","is_ascension_mode":false,"campfire_choices":[{"data":"Slimebound:Split","floor":1,"key":"SMITH"},{"data":"Slimebound:SplitBruiser","floor":8,"key":"SMITH"},{"data":"Slimebound:SplitLeeching","floor":10,"key":"SMITH"}],"circlet_count":0,"master_deck":["Slimebound:Strike_Slimebound","Slimebound:Strike_Slimebound","Slimebound:Strike_Slimebound","Slimebound:Tackle","Slimebound:Defend_Slimebound","Slimebound:Defend_Slimebound","Slimebound:Defend_Slimebound","Slimebound:Defend_Slimebound","Slimebound:Split+1","Slimebound:CorrosiveSpit+1","Slimebound:MinionMaster","Slimebound:SplitBruiser+1","Slimebound:Nibble","Slimebound:SplitLeeching+1","Slimebound:Schlurp","Slimebound:SlimeTap","Slimebound:GoopSpray","Slimebound:ItLooksTasty"],"relics":["Slimebound:AbsorbEndCombat","potionbrewer:MortarAndPestle","hubris:FunFungus","downfall:CloakOfManyFaces","CultistMask","FaceOfCleric","NlothsMask","GremlinMask","SsserpentHead"],"acts_visited":["Exordium"],"potions_floor_usage":[4,12,16,16,16],"damage_taken":[{"damage":23,"enemies":"Jaw Worm","floor":2,"turns":4},{"damage":24,"enemies":"2 Louse","floor":3,"turns":2},{"damage":12,"enemies":"Cultist","floor":4,"turns":2},{"damage":34,"enemies":"Gremlin Nob","floor":9,"turns":3},{"damage":22,"enemies":"Red Slaver","floor":11,"turns":3},{"damage":41,"enemies":"Lots of Slimes","floor":12,"turns":3},{"damage":40,"enemies":"downfall:FaceTrader","floor":13,"turns":4},{"damage":16,"enemies":"Large Slime","floor":14,"turns":3},{"damage":25,"enemies":"Red Slaver","floor":15,"turns":2},{"damage":29,"enemies":"downfall:Silent","floor":16,"turns":2}],"seed_played":"-7582063129076902104","potions_obtained":[{"floor":2,"key":"potionbrewer:HastePotion"},{"floor":11,"key":"AttackPotion"},{"floor":13,"key":"jedi:StrikingPotion"},{"floor":14,"key":"Venom Potion"},{"floor":15,"key":"Slimebound:SlimedPotion"}],"is_trial":false,"path_per_floor":["R","M","M","M","?","?","T","R","E","R","M","M","?","M","M","B"],"character_chosen":"SLIMEBOUND","items_purchased":[],"campfire_rested":0,"item_purchase_floors":[],"current_hp_per_floor":[60,51,43,51,51,51,51,51,45,45,39,32,17,27,15,0,0,0],"gold":398,"neow_bonus":"THREE_RARE_CARDS","is_daily":false,"chose_seed":false,"campfire_upgraded":3,"win_rate":0.0,"timestamp":1610586183,"path_taken":["R","M","M","M","?","?","T","R","E","R","?","M","?","?","M","BOSS"],"items_purchased_type":[],"build_version":"2020-12-22","purchased_purges":0,"victory":false,"max_hp_per_floor":[60,60,60,60,60,60,60,60,60,60,60,60,60,61,62,62,62,62],"card_choices":[{"not_picked":["Slimebound:MassRepurpose","Slimebound:WasteNot"],"picked":"Slimebound:MinionMaster","floor":0},{"not_picked":["Slimebound:SplitLeeching","Slimebound:SlimeBarrage"],"picked":"Slimebound:SplitBruiser","floor":2},{"not_picked":["Slimebound:LeechEnergy","Slimebound:ItLooksTasty"],"picked":"Slimebound:Nibble","floor":3},{"not_picked":["Slimebound:GrowthPunch","Slimebound:Nibble"],"picked":"Slimebound:SplitLeeching","floor":4},{"not_picked":["Slimebound:LeechLife","Slimebound:RollThrough","Slimebound:LeechingTouch"],"picked":"SKIP","floor":9},{"not_picked":["Slimebound:SlimeBrawl","Slimebound:DisruptingSlam"],"picked":"Slimebound:Schlurp","floor":11},{"not_picked":["Slimebound:SlimeBrawl","Slimebound:FlameTackle"],"picked":"Slimebound:SlimeTap","floor":12},{"not_picked":["Slimebound:SplitLeeching","Slimebound:Replication"],"picked":"Slimebound:GoopSpray","floor":14},{"not_picked":["Slimebound:ViciousTackle","Slimebound:Dissolve"],"picked":"Slimebound:ItLooksTasty","floor":15}],"player_experience":173293,"relics_obtained":[{"floor":7,"key":"potionbrewer:MortarAndPestle"},{"floor":9,"key":"hubris:FunFungus"},{"floor":13,"key":"downfall:CloakOfManyFaces"}],"event_choices":[],"is_beta":false,"boss_relics":[],"items_purged_floors":[],"is_endless":false,"potions_floor_spawned":[2,11,13,14,15],"killed_by":"downfall:Silent","ascension_level":0}}