{"host":"2c1pg2m9wpz3w4c0","time":1610596832,"event":{"mods":["AchievementEnabler","Act Like it!","Aspiration","BaseMod","Better Note","BetterRewards","Curses Come First","Disable Question Mark Monsters","Halation","Hubris","Infinite Spire","Lotus Mark","Marisa????????","Minty Spire (QoL Compilation)","Replay The Spire","StSLib","SuperFastMode","The Clintock","The Jungle","The Marked","The Runesmith","Transform Curses"],"gold_per_floor":[112,212,230,250,270,270,282,282,282,282,282,298,268,287,287,385,385,405,405,405,424,424,424,453,466,466,485,498,509,509,509,509,613,613,632,644,644,644,644,644,644,663,663,663,693,705,717,717,717,821,821,819,858,858,858,853,852,858,858,904,904,902,909,903,883,883,933,933,929,897,881,761,586,586,571,571,571,559,559,559,560,560,560,596,596,581,574,574,560,531,531],"floor_reached":90,"language":"ENG","playtime":11236,"items_purged":[],"score":1545,"play_id":"ecc5a64f-50b5-4d4e-93fe-af78d93b2c67","local_time":"20210113210032","is_ascension_mode":false,"campfire_choices":[{"data":"Apotheosis","floor":6,"key":"SMITH"},{"floor":8,"key":"REST"},{"data":"Runesmith:Refine","floor":10,"key":"SMITH"},{"floor":15,"key":"REST"},{"data":"Runesmith:MetallurgicalResearch","floor":23,"key":"SMITH"},{"data":"Runesmith:Reinforce","floor":30,"key":"SMITH"},{"data":"Runesmith:Fortify","floor":32,"key":"SMITH"},{"data":"Runesmith:CraftObretio","floor":44,"key":"SMITH"},{"floor":49,"key":"REST"},{"floor":59,"key":"REST"},{"floor":61,"key":"REST"}],"circlet_count":0,"master_deck":["Runesmith:Strike_RS","Runesmith:Strike_RS","Runesmith:Strike_RS","Runesmith:Strike_RS","Runesmith:Defend_RS","Runesmith:Defend_RS","Runesmith:Defend_RS","Runesmith:Defend_RS","Runesmith:CraftFirestone","Runesmith:Fortify+1","Runesmith:EarthShield","Runesmith:EarthShield","Runesmith:CraftProtectio","Runesmith:ChiselStab","Runesmith:Grindstone","Secret Weapon","Apotheosis+1","Deep Breath","Runesmith:HammerThrow","Runesmith:Grindstone","Runesmith:Duplicate","Runesmith:Refine+1","Runesmith:FrozenChisel","Runesmith:Reinforce+1","Runesmith:CraftPrismatica","Runesmith:MetallurgicalResearch+1","Runesmith:EarthShield+1","Bandage Up+1","Runesmith:NanitesCloud","Runesmith:Firestorm","Runesmith:ChiselStab+1","Runesmith:CraftProtectio","Runesmith:Prism","infinitespire:FutureSight","ReplayTheSpireMod:Black Plague","Runesmith:DuctTape","Runesmith:HeatedChisel+1","Runesmith:CraftObretio+1","Madness","Madness","Runesmith:BackupBattery","Runesmith:Prism+1","Runesmith:Prism+1","Runesmith:Grindstone+1","Enlightenment","Runesmith:DuctTape","Runesmith:LithiumIon","Runesmith:HeatExchange","Injury","Runesmith:ChiselStab","Runesmith:EarthShield+1","Runesmith:PoweredAnvil","Runesmith:RuneHurl","Runesmith:HammerThrow","Runesmith:CraftMedicinae+1","ReplayTheSpireMod:Faulty Equipment","CommonCold","infinitespire:Collect+1","Runesmith:NanitesCloud+1","Runesmith:Terraform+1","Runesmith:EnergizedChisel+1","Runesmith:EarthShield+1","Runesmith:RuneHurl","infinitespire:Menacing+1","Runesmith:CraftIndustria+1","Runesmith:StaticCage+1","Runesmith:RuneHurl+1"],"relics":["Runesmith:BrokenRuby","Bird Faced Urn","ReplayTheSpireMod:ShopPack","halation:OrihimeAndHikoboshiSamaAndTears","infinitespire:Bottled Soul","halation:SwordOfLegend","Mirror","aspiration:FrozenJewel","Chameleon Ring","Philosopher\u0027s Stone","hubris:Towel","infinitespire:Broken Mirror","hubris:MysteriousPyramids","The Courier","hubris:ScarierMask","Quantum Egg","Toxic Egg 2","MealTicket","Replay:Ancient Bell","Lantern","Golden Egg","aspiration:AnachronicSnailShell","Strange Spoon","theJungle:ShellPeas","Du-Vu Doll","Replay:Bottled Snecko"],"acts_visited":["Exordium","theJungle:Jungle","TheBeyond","Exordium","theJungle:Jungle","TheBeyond"],"potions_floor_usage":[7,14,16,16,16,18,24,25,27,28,28,33,33,35,42,50,50,58,65,67,67,67,75,78,78,81,84,84,84,84,90],"damage_taken":[{"damage":0,"enemies":"Cultist","floor":1,"turns":3},{"damage":7,"enemies":"infinitespire:Voidling","floor":3,"turns":4},{"damage":2,"enemies":"Small Slimes","floor":4,"turns":5},{"damage":0,"enemies":"Red Slaver","floor":5,"turns":5},{"damage":14,"enemies":"Exordium Wildlife","floor":7,"turns":5},{"damage":3,"enemies":"Blue Slaver","floor":12,"turns":4},{"damage":0,"enemies":"Lots of Slimes","floor":14,"turns":5},{"damage":22,"enemies":"Fading Forest","floor":16,"turns":11},{"damage":0,"enemies":"Shell Parasite","floor":18,"turns":7},{"damage":4,"enemies":"theJungle:MUSHROOMGANG","floor":21,"turns":7},{"damage":10,"enemies":"Nightmare","floor":24,"turns":14},{"damage":0,"enemies":"theJungle:SlimyTreeVines","floor":25,"turns":8},{"damage":0,"enemies":"theJungle:Lyon","floor":27,"turns":4},{"damage":15,"enemies":"theJungle:JungleHuntersEncounter","floor":28,"turns":10},{"damage":7,"enemies":"theJungle:SlimyTreeVines","floor":29,"turns":9},{"damage":0,"enemies":"theJungle:QueenSpyder","floor":33,"turns":18},{"damage":13,"enemies":"3 Darklings","floor":35,"turns":7},{"damage":0,"enemies":"Orb Walker","floor":36,"turns":6},{"damage":19,"enemies":"Sphere and 2 Shapes","floor":42,"turns":10},{"damage":14,"enemies":"Nemesis","floor":45,"turns":9},{"damage":58,"enemies":"Transient","floor":46,"turns":5},{"damage":4,"enemies":"4 Shapes","floor":47,"turns":5},{"damage":24,"enemies":"Replay:Hell Engine","floor":50,"turns":16},{"damage":13,"enemies":"Small Slimes","floor":52,"turns":2},{"damage":66,"enemies":"Gremlin Nob","floor":53,"turns":5},{"damage":0,"enemies":"2 Louse","floor":56,"turns":3},{"damage":0,"enemies":"Cultist","floor":57,"turns":5},{"damage":7,"enemies":"Lots of Slimes","floor":58,"turns":2},{"damage":0,"enemies":"Exordium Thugs","floor":62,"turns":4},{"damage":0,"enemies":"Blue Slaver","floor":63,"turns":2},{"damage":3,"enemies":"Gremlin Gang","floor":64,"turns":5},{"damage":21,"enemies":"Large Slime","floor":65,"turns":9},{"damage":4,"enemies":"The Guardian","floor":67,"turns":10},{"damage":0,"enemies":"Shell Parasite","floor":69,"turns":4},{"damage":8,"enemies":"theJungle:5_Spyders","floor":70,"turns":9},{"damage":15,"enemies":"theJungle:2_Flameangoes","floor":71,"turns":8},{"damage":7,"enemies":"theJungle:Snecko_Cultist_And_Trap","floor":75,"turns":6},{"damage":1,"enemies":"theJungle:Lyon","floor":78,"turns":6},{"damage":0,"enemies":"theJungle:JungleHuntersEncounter","floor":81,"turns":3},{"damage":10,"enemies":"theJungle:QueenSpyder","floor":84,"turns":15},{"damage":12,"enemies":"3 Shapes","floor":86,"turns":5},{"damage":22,"enemies":"Orb Walker","floor":87,"turns":5},{"damage":28,"enemies":"Spire Growth","floor":89,"turns":6},{"damage":87,"enemies":"Transient","floor":90,"turns":5}],"seed_played":"-2897124346254050905","potions_obtained":[{"floor":3,"key":"Toxic Potion"},{"floor":12,"key":"GamblersBrew"},{"floor":13,"key":"Adrenaline Potion"},{"floor":13,"key":"Elixir"},{"floor":14,"key":"Languid Potion"},{"floor":16,"key":"Fruit Juice"},{"floor":21,"key":"Reflective Coating"},{"floor":24,"key":"LiquidMemories"},{"floor":25,"key":"FearPotion"},{"floor":28,"key":"GamblersBrew"},{"floor":33,"key":"Adrenaline Potion"},{"floor":36,"key":"Strength Potion"},{"floor":41,"key":"GamblersBrew"},{"floor":41,"key":"Elixir"},{"floor":50,"key":"BlessingOfTheForge"},{"floor":56,"key":"Cursed Concoction"},{"floor":57,"key":"Explosive Potion"},{"floor":64,"key":"Languid Potion"},{"floor":65,"key":"Elixir"},{"floor":66,"key":"SpeedPotion"},{"floor":66,"key":"DistilledChaos"},{"floor":70,"key":"Dexterity Potion"},{"floor":74,"key":"Fire Potion"},{"floor":74,"key":"Swift Potion"},{"floor":78,"key":"Adrenaline Potion"},{"floor":81,"key":"Strength Potion"},{"floor":83,"key":"Venom Potion"},{"floor":83,"key":"Strength Potion"},{"floor":86,"key":"DuplicationPotion"}],"is_trial":false,"path_per_floor":["M","?","M","M","M","R","M","R","T","R","?","M","?","M","R","B",null,"M","T","?","M","?","R","NM","M","T","M","M","M","R","AVR","R","B",null,"M","M","?","?","?","T","R","M","T","R","E","M","M","?","R","B",null,"M","?","?","?","M","M","M","R","T","R","M","M","M","M","R","B",null,"M","M","M","$","?","R","M","?","T","M","AVR","?","M","?","R","B",null,"M","M","$","M","M"],"character_chosen":"RUNESMITH_CLASS","items_purchased":["Runesmith:EarthShield","Runesmith:CraftProtectio","Runesmith:ChiselStab","ReplayTheSpireMod:ShopPack","Runesmith:Grindstone","Strange Spoon"],"campfire_rested":5,"item_purchase_floors":[0,0,0,0,0,72],"current_hp_per_floor":[47,47,47,45,45,45,31,52,52,52,52,49,49,49,70,48,70,75,75,75,75,75,74,67,75,75,75,66,75,75,75,75,75,75,65,71,62,62,62,62,71,66,66,69,63,9,7,7,38,30,75,68,6,6,6,16,22,17,54,54,75,75,75,74,70,75,74,75,75,74,72,75,75,75,68,58,58,63,63,65,73,73,75,75,75,69,57,72,60,0,0],"gold":531,"neow_bonus":"","is_daily":false,"chose_seed":false,"campfire_upgraded":6,"win_rate":0.0,"timestamp":1610596832,"path_taken":["M","?","M","?","M","R","M","R","T","R","?","M","?","M","R","BOSS","M","?","?","?","?","R","NM","M","T","M","M","M","R","AVR","R","BOSS","M","M","?","?","?","?","R","M","T","R","E","M","M","?","R","BOSS","M","?","?","?","M","M","M","R","T","R","M","M","M","M","R","BOSS","M","M","M","$","?","R","M","?","T","M","AVR","?","M","?","R","BOSS","M","M","$","M","M"],"items_purchased_type":["Card","Card","Card","Relic","Card","Relic"],"build_version":"2020-12-22","purchased_purges":0,"victory":false,"max_hp_per_floor":[70,70,70,70,70,70,70,70,70,70,70,70,70,70,70,70,70,75,75,75,75,75,75,75,75,75,75,75,75,75,75,75,75,75,75,75,75,75,75,75,75,75,75,75,75,75,75,75,75,75,75,75,75,75,75,75,75,75,75,75,75,75,75,75,75,75,75,75,75,75,75,75,75,75,75,75,75,75,75,75,75,75,75,75,75,75,75,75,75,75,75],"card_choices":[{"not_picked":["The Bomb","ReplayTheSpireMod:Necrogeddon"],"picked":"Secret Weapon","floor":0},{"not_picked":["Replay:Bootleg Shield Generator","Panacea"],"picked":"Apotheosis","floor":0},{"not_picked":["Replay:Bootleg Shield Generator","Specialist"],"picked":"Deep Breath","floor":0},{"not_picked":["Runesmith:Repurpose","Runesmith:Overpower"],"picked":"Runesmith:HammerThrow","floor":1},{"not_picked":["Runesmith:ShiftingStrike","Runesmith:Overpower"],"picked":"Runesmith:Grindstone","floor":3},{"not_picked":["Runesmith:PerfectChisel","Runesmith:EarthShield"],"picked":"Runesmith:Duplicate","floor":4},{"not_picked":["Runesmith:UnstableHammer","Runesmith:HeatExchange"],"picked":"Runesmith:Refine","floor":5},{"not_picked":["Runesmith:BackupBattery","Runesmith:Repurpose"],"picked":"Runesmith:FrozenChisel","floor":7},{"not_picked":["Runesmith:HeatExchange","Runesmith:ShiftingStrike"],"picked":"Runesmith:Reinforce","floor":12},{"not_picked":["Runesmith:CraftVitae","Runesmith:Retool"],"picked":"Runesmith:CraftPrismatica","floor":14},{"not_picked":["Runesmith:CraftIndustria","Runesmith:CreatorForm"],"picked":"Runesmith:MetallurgicalResearch","floor":16},{"not_picked":["Runesmith:RunicBlueprint+1","Runesmith:RuneHurl"],"picked":"Runesmith:EarthShield+1","floor":18},{"not_picked":["Runesmith:Overpower+1","Runesmith:ShiftingStrike"],"picked":"Runesmith:NanitesCloud","floor":21},{"not_picked":["Runesmith:CraftProtectio","Runesmith:ChaoticBlast+1"],"picked":"Runesmith:Firestorm","floor":24},{"not_picked":["Runesmith:NanitesCloud","Runesmith:Attraction"],"picked":"Runesmith:ChiselStab+1","floor":25},{"not_picked":["Runesmith:UnstableHammer+1","Runesmith:Repurpose"],"picked":"Runesmith:CraftProtectio","floor":27},{"not_picked":["Runesmith:UnstableHammer","Runesmith:HammerTime","Runesmith:FrozenChisel"],"picked":"SKIP","floor":28},{"not_picked":["Runesmith:ShiftingStrike","Runesmith:CraftVitae"],"picked":"Runesmith:Prism","floor":29},{"not_picked":["Runesmith:Duplicate","Runesmith:UnlimitedPower"],"picked":"Runesmith:DuctTape","floor":33},{"not_picked":["Runesmith:OneForEveryone+1","Runesmith:CraftProtectio"],"picked":"Runesmith:HeatedChisel+1","floor":35},{"not_picked":["Runesmith:Refine","Runesmith:ChargedHammer"],"picked":"Runesmith:CraftObretio","floor":36},{"not_picked":["Runesmith:Repurpose","Runesmith:Augment+1","Runesmith:Overpower+1"],"picked":"SKIP","floor":42},{"not_picked":["Runesmith:HammerThrow","Runesmith:EarthShield+1"],"picked":"Runesmith:Prism+1","floor":45},{"not_picked":["Runesmith:LastStand","Runesmith:HeatExchange+1"],"picked":"Runesmith:Prism+1","floor":46},{"not_picked":["Runesmith:Overpower","Runesmith:RuneHurl"],"picked":"Runesmith:Grindstone+1","floor":47},{"not_picked":["Forethought","Mayhem"],"picked":"Enlightenment","floor":48},{"not_picked":["Runesmith:MetallurgicalResearch","Runesmith:CreatorForm"],"picked":"Runesmith:DuctTape","floor":50},{"not_picked":["Runesmith:NegativeSpace","aspiration:UnbridledHammer"],"picked":"Runesmith:LithiumIon","floor":52},{"not_picked":["Runesmith:ShiftingStrike","Runesmith:MakeshiftArmor"],"picked":"Runesmith:HeatExchange","floor":53},{"not_picked":["Runesmith:Grindstone+1","Runesmith:ShiftingStrike"],"picked":"Runesmith:ChiselStab","floor":56},{"not_picked":["Runesmith:Firestorm","Runesmith:MakeshiftArmor+1"],"picked":"Runesmith:EarthShield+1","floor":57},{"not_picked":["Runesmith:Firewall+1","Runesmith:NegativeSpace+1","Runesmith:ChaoticBlast"],"picked":"SKIP","floor":58},{"not_picked":["Runesmith:Grindstone+1","Runesmith:UnlimitedPower"],"picked":"Runesmith:PoweredAnvil","floor":62},{"not_picked":["Runesmith:MakeshiftArmor+1","Runesmith:Overpower","Runesmith:Repurpose+1"],"picked":"SKIP","floor":63},{"not_picked":["Runesmith:Repurpose+1","Runesmith:EnergizedChisel"],"picked":"Runesmith:RuneHurl","floor":64},{"not_picked":["Runesmith:Overpower","Runesmith:Grindstone+1"],"picked":"Runesmith:HammerThrow","floor":65},{"not_picked":["Runesmith:MetallurgicalResearch+1","Runesmith:CraftIndustria+1"],"picked":"Runesmith:CraftMedicinae+1","floor":67},{"not_picked":["hubris:Sloth","Parasite"],"picked":"ReplayTheSpireMod:Faulty Equipment","floor":68},{"not_picked":["CurseOfTheBell","Voices"],"picked":"CommonCold","floor":68},{"not_picked":["Replay:Hysterical Blindness","Normality"],"picked":"Overencumbered","floor":68},{"not_picked":["ReplayTheSpireMod:Black Plague","hubris:Rewind"],"picked":"infinitespire:Collect","floor":68},{"not_picked":["Runesmith:MakeshiftArmor+1","Runesmith:StaticCage+1"],"picked":"Runesmith:NanitesCloud+1","floor":69},{"not_picked":["Runesmith:GenerateForcefield+1","Runesmith:Discharge"],"picked":"Runesmith:Terraform+1","floor":70},{"not_picked":["Runesmith:Repurpose+1","Runesmith:CraftProtectio+1"],"picked":"Runesmith:EnergizedChisel+1","floor":71},{"not_picked":["Runesmith:Grindstone+1","Runesmith:HammerAndChisel+1"],"picked":"Runesmith:EarthShield+1","floor":75},{"not_picked":["Runesmith:NegativeSpace+1","Runesmith:Electrocute"],"picked":"Runesmith:RuneHurl","floor":78},{"not_picked":["Runesmith:ElementalConversion+1","Runesmith:HeatedChisel","Runesmith:Overpower"],"picked":"SKIP","floor":81},{"not_picked":["Runesmith:Duplicate+1","Runesmith:Supernova+1"],"picked":"Runesmith:CraftIndustria+1","floor":84},{"not_picked":["Runesmith:EnergizedChisel+1","Runesmith:HammerThrow+1"],"picked":"Runesmith:StaticCage+1","floor":86},{"not_picked":["Runesmith:MakeshiftArmor+1","Runesmith:Repurpose+1","Runesmith:HammerThrow"],"picked":"SKIP","floor":87},{"not_picked":["Runesmith:ShiftingStrike","Runesmith:Repurpose+1"],"picked":"Runesmith:RuneHurl+1","floor":89}],"player_experience":1170970,"relics_obtained":[{"floor":9,"key":"halation:OrihimeAndHikoboshiSamaAndTears"},{"floor":11,"key":"infinitespire:Bottled Soul"},{"floor":19,"key":"halation:SwordOfLegend"},{"floor":24,"key":"Mirror"},{"floor":26,"key":"aspiration:FrozenJewel"},{"floor":40,"key":"infinitespire:Broken Mirror"},{"floor":43,"key":"hubris:MysteriousPyramids"},{"floor":45,"key":"The Courier"},{"floor":53,"key":"Quantum Egg"},{"floor":60,"key":"MealTicket"},{"floor":77,"key":"Du-Vu Doll"}],"event_choices":[{"damage_healed":0,"gold_gain":100,"player_choice":"Pray","damage_taken":0,"max_hp_gain":0,"max_hp_loss":0,"event_name":"Golden Shrine","floor":2,"gold_loss":0},{"damage_healed":0,"gold_gain":0,"player_choice":"Bought 2 Potions","damage_taken":0,"max_hp_gain":0,"max_hp_loss":0,"event_name":"The Woman in Blue","floor":13,"gold_loss":0},{"cards_removed":["Apotheosis"],"damage_healed":0,"gold_gain":0,"player_choice":"Take \u0026 Give","damage_taken":0,"max_hp_gain":0,"max_hp_loss":0,"event_name":"betterNote:BetterNote","floor":20,"gold_loss":0,"cards_obtained":["Bandage Up"]},{"damage_healed":0,"gold_gain":0,"player_choice":"Embrace Madness","damage_taken":9,"max_hp_gain":0,"max_hp_loss":0,"event_name":"Winding Halls","floor":37,"gold_loss":0,"cards_obtained":["Madness","Madness"]},{"damage_healed":0,"gold_gain":0,"player_choice":"Memory 1","damage_taken":0,"max_hp_gain":0,"max_hp_loss":0,"event_name":"SensoryStone","floor":48,"gold_loss":0},{"damage_healed":0,"gold_gain":0,"player_choice":"Searched \u00271\u0027 times","damage_taken":0,"max_hp_gain":0,"max_hp_loss":0,"event_name":"Dead Adventurer","floor":53,"gold_loss":0}],"is_beta":false,"boss_relics":[{"not_picked":["Replay:Drink Me","hubris:CrackedHourglass","hubris:GrandSneckoEye"]},{"not_picked":["Runesmith:UraniumAnvil","Busted Crown"],"picked":"Philosopher\u0027s Stone"},{"not_picked":["aspiration:RunicSpoon","Black Star"],"picked":"hubris:ScarierMask"},{"not_picked":["halation:SmartPhone","aspiration:MarisaSkillbook"],"picked":"Replay:Ancient Bell"},{"not_picked":["Replay:Mystery Machine","Regal Pillow"],"picked":"Lantern"},{"not_picked":["hubris:Reverence","hubris:CrystalStatue"],"picked":"Golden Egg"},{"not_picked":["halation:BlackBeret","WingedGreaves"],"picked":"aspiration:AnachronicSnailShell"},{"not_picked":["infinitespire:Cupcake","ReplayTheSpireMod:DimensionalGlitch","Runesmith:UraniumAnvil"]}],"items_purged_floors":[],"is_endless":true,"potions_floor_spawned":[3,12,14,16,21,24,25,28,33,36,50,56,57,64,65,70,78,81,86],"killed_by":"Transient","ascension_level":0}}