{"host":"yfdtuf6ojcxn06xg","time":1610668521,"event":{"mods":["2.2 Compatiblity","AchievementEnabler","BaseMod","Colored Map","Colored Powertips","Downfall","Hermit","JesterMod","Jorbs\u0027s Wanderer Trilogy","Minty Spire (QoL Compilation)","Quick Restart","Rare Cards Sparkle","Relic Stats","Replay The Spire","StSLib","The Cursed","The Disciple","The Hierophant","The Jungle","The Necromancer","The Servant 0.9.4"],"gold_per_floor":[117,135,66,76,2,35,35],"floor_reached":6,"language":"ENG","playtime":316,"items_purged":[],"score":51,"play_id":"5182ec54-06f0-4d5a-a72d-ecf930420ff1","local_time":"20210114185521","is_ascension_mode":true,"campfire_choices":[],"circlet_count":0,"master_deck":["Strike_G","Strike_G","Strike_G","Strike_G","Strike_G","Defend_G","Defend_G","Defend_G","Defend_G","Defend_G","Survivor","Neutralize","Noxious Fumes","Distraction","Crippling Poison","Bane","Footwork"],"relics":["Ring of the Snake","Bag of Marbles"],"acts_visited":["Exordium"],"potions_floor_usage":[],"damage_taken":[{"damage":3,"enemies":"Jaw Worm","floor":1,"turns":5},{"damage":0,"enemies":"Cultist","floor":2,"turns":4},{"damage":12,"enemies":"2 Louse","floor":4,"turns":3},{"damage":23,"enemies":"3 Sentries","floor":6,"turns":9}],"seed_played":"5506776473322025134","potions_obtained":[],"is_trial":false,"path_per_floor":["M","M","$","M","$","E"],"character_chosen":"THE_SILENT","items_purchased":["Crippling Poison","Footwork"],"campfire_rested":0,"item_purchase_floors":[3,5],"current_hp_per_floor":[67,67,67,55,55,32,32],"gold":35,"neow_bonus":"THREE_CARDS","is_daily":false,"chose_seed":false,"campfire_upgraded":0,"win_rate":0.0,"timestamp":1610668521,"path_taken":["M","M","$","M","$","E"],"items_purchased_type":["Card","Card"],"build_version":"2020-12-22","purchased_purges":0,"victory":false,"max_hp_per_floor":[70,70,70,70,70,70,70],"relic_stats":{"counters":[4,21],"obtain_stats":[{"Bag of Marbles":6,"Ring of the Snake":0},{"Bag of Marbles":4,"Ring of the Snake":0},{"Bag of Marbles":21,"Ring of the Snake":0}],"Ring of the Snake":[8]},"card_choices":[{"not_picked":["Sneak Up","Backflip"],"picked":"Noxious Fumes","floor":0},{"not_picked":["Underhanded Strike","Flying Knee","Dodge and Roll"],"picked":"SKIP","floor":1},{"not_picked":["Blade Dance","Cloak And Dagger"],"picked":"Distraction","floor":2},{"not_picked":["Dodge and Roll","All Out Attack"],"picked":"Bane","floor":4}],"player_experience":200808,"relics_obtained":[{"floor":6,"key":"Bag of Marbles"}],"event_choices":[],"is_beta":false,"boss_relics":[],"items_purged_floors":[],"is_endless":false,"potions_floor_spawned":[],"killed_by":"3 Sentries","ascension_level":2}}