{"host":"6p0attdrtjqaih7v","time":1610651631,"event":{"mods":["2.2 Compatiblity","AchievementEnabler","Bard","BaseMod","Better Skull","Better Third Choice","Colored Powertips","Hermit","Highlight Path","Jorbs\u0027s Wanderer Trilogy","Key Reminder","Minty Spire (QoL Compilation)","Permanent Neow","Quick Restart","Random Character Button","Relic Stats","Replay The Spire","Robot Space Explorer","StSLib"],"gold_per_floor":[118,118,134,182,196,227,245,258,312,312,312,332,362,158,158,234,234,246,86,101,15,26,26,43,43,69,99,122,134,146,168,180,192,192],"floor_reached":33,"language":"ENG","playtime":1873,"items_purged":["Strike_G"],"score":608,"play_id":"0dce4200-34b0-4f4e-9411-f32cd200f1c7","local_time":"20210114141351","is_ascension_mode":true,"campfire_choices":[{"data":"Deadly Poison","floor":10,"key":"SMITH"},{"data":"Replay:Poison Smokescreen","floor":15,"key":"SMITH"},{"data":"Noxious Fumes","floor":23,"key":"SMITH"},{"floor":25,"key":"REST"},{"data":"Deadly Poison","floor":29,"key":"SMITH"},{"floor":32,"key":"REST"}],"circlet_count":0,"master_deck":["AscendersBane","Survivor+1","Neutralize","Backflip","Leg Sweep+1","Deadly Poison+1","Backflip","Bane","Dagger Spray","Acrobatics","Poisoned Stab","Replay:Poison Smokescreen+1","Storm of Steel","ReplayTheSpireMod:Speed Training","Bane","Reflex","PiercingWail","Toxin Wave","Catalyst","Noxious Fumes+1","Poisoned Stab","PiercingWail","Backstab+1","Acrobatics","Leg Sweep","Crippling Poison","Draining Mist+1","Bullet Time","Backflip+1","Deadly Poison+1","PiercingWail"],"relics":["Ring of the Snake","War Paint","Snake Skull","ReplayFunnel","NlothsMask","Pandora\u0027s Box","Membership Card","Orrery","MawBank"],"acts_visited":["Exordium","TheCity"],"potions_floor_usage":[6,13,16,16,27,33,33],"damage_taken":[{"damage":1,"enemies":"2 Louse","floor":1,"turns":3},{"damage":7,"enemies":"Jaw Worm","floor":3,"turns":8},{"damage":0,"enemies":"Cultist","floor":5,"turns":5},{"damage":15,"enemies":"Lagavulin","floor":6,"turns":7},{"damage":4,"enemies":"Exordium Wildlife","floor":7,"turns":6},{"damage":0,"enemies":"Looter","floor":8,"turns":3},{"damage":7,"enemies":"3 Louse","floor":12,"turns":3},{"damage":0,"enemies":"Replay:BlueRogue","floor":13,"turns":7},{"damage":12,"enemies":"Slime Boss","floor":16,"turns":8},{"damage":6,"enemies":"Spheric Guardian","floor":18,"turns":4},{"damage":0,"enemies":"3 Byrds","floor":20,"turns":5},{"damage":8,"enemies":"Cultist and Chosen","floor":22,"turns":6},{"damage":19,"enemies":"Centurion and Healer","floor":24,"turns":9},{"damage":19,"enemies":"Book of Stabbing","floor":27,"turns":6},{"damage":0,"enemies":"Snecko","floor":28,"turns":4},{"damage":7,"enemies":"Snake Plant","floor":31,"turns":4},{"damage":34,"enemies":"Automaton","floor":33,"turns":6}],"seed_played":"7151254476362046734","potions_obtained":[{"floor":0,"key":"FairyPotion"},{"floor":0,"key":"Toxic Potion"},{"floor":1,"key":"DuplicationPotion"},{"floor":7,"key":"Regen Potion"},{"floor":24,"key":"GamblersBrew"},{"floor":27,"key":"Dexterity Potion"},{"floor":31,"key":"ColorlessPotion"}],"is_trial":false,"path_per_floor":["M","?","M","T","M","E","M","M","T","R","?","M","E","$","R","B",null,"M","$","M","$","M","R","M","R","T","E","M","R","?","M","R","B"],"character_chosen":"THE_SILENT","items_purchased":["Replay:Poison Smokescreen","Dexterity Potion","Membership Card","Orrery"],"campfire_rested":2,"item_purchase_floors":[14,14,19,21],"current_hp_per_floor":[58,51,44,44,44,29,25,25,25,25,25,18,33,33,33,21,55,49,49,49,49,41,41,22,41,41,22,22,22,22,15,34,0,0],"gold":192,"neow_bonus":"THREE_SMALL_POTIONS","is_daily":false,"chose_seed":false,"campfire_upgraded":4,"win_rate":0.0,"timestamp":1610651631,"path_taken":["M","?","M","?","M","E","M","M","T","R","?","M","E","$","R","BOSS","M","?","M","$","M","R","M","R","T","E","M","R","?","M","R","BOSS"],"items_purchased_type":["Card","Potion","Relic","Relic"],"build_version":"2020-12-22","purchased_purges":1,"victory":false,"max_hp_per_floor":[66,66,66,66,66,66,66,66,66,66,66,66,66,66,66,66,66,66,66,66,66,66,66,66,66,66,66,66,66,66,66,66,66,66],"relic_stats":{"counters":[17,94],"Pandora\u0027s Box":["ReplayTheSpireMod:Speed Training","Bane","Reflex","PiercingWail","Toxin Wave","Catalyst","Noxious Fumes","Poisoned Stab"],"Snake Skull":[65],"War Paint":["Survivor","Leg Sweep"],"MawBank":72,"obtain_stats":[{"ReplayFunnel":9,"Orrery":21,"Pandora\u0027s Box":17,"Snake Skull":6,"Membership Card":19,"War Paint":4,"MawBank":27,"Ring of the Snake":0,"NlothsMask":11},{"ReplayFunnel":6,"Orrery":11,"Pandora\u0027s Box":9,"Snake Skull":4,"Membership Card":10,"War Paint":2,"MawBank":14,"Ring of the Snake":0,"NlothsMask":6},{"ReplayFunnel":32,"Orrery":59,"Pandora\u0027s Box":50,"Snake Skull":23,"Membership Card":54,"War Paint":11,"MawBank":80,"Ring of the Snake":0,"NlothsMask":32}],"Ring of the Snake":[34]},"card_choices":[{"not_picked":["Riddle With Holes","Well Laid Plans"],"picked":"Backflip","floor":1},{"not_picked":["Escape Plan","Deadly Poison"],"picked":"Leg Sweep","floor":3},{"not_picked":["Accuracy","PiercingWail"],"picked":"Deadly Poison","floor":5},{"not_picked":["Dash","Leg Sweep"],"picked":"Backflip","floor":6},{"not_picked":["Outmaneuver","Dodge and Roll"],"picked":"Bane","floor":7},{"not_picked":["Deflect","Acrobatics"],"picked":"Dagger Spray","floor":8},{"not_picked":["Blur","Bane"],"picked":"Acrobatics","floor":12},{"not_picked":["Wraith Form v2","Flechettes"],"picked":"Poisoned Stab","floor":13},{"not_picked":["Venomology","Unload"],"picked":"Storm of Steel","floor":16},{"not_picked":["Dagger Throw","Predator"],"picked":"PiercingWail","floor":18},{"not_picked":["Predator","Flying Knee"],"picked":"Backstab+1","floor":20},{"not_picked":["Sucker Punch","Slice"],"picked":"Acrobatics","floor":21},{"not_picked":["Accuracy","Cloak And Dagger"],"picked":"Leg Sweep","floor":21},{"not_picked":["Infinite Blades","Bane"],"picked":"Crippling Poison","floor":21},{"not_picked":["Outmaneuver","Dagger Spray"],"picked":"Draining Mist+1","floor":22},{"not_picked":["Draining Mist","Calculated Gamble"],"picked":"Bullet Time","floor":24},{"not_picked":["Expertise","Infinite Blades"],"picked":"Backflip+1","floor":27},{"not_picked":["Poisoned Stab","Prepared"],"picked":"Deadly Poison","floor":28},{"not_picked":["Dagger Spray","Deflect"],"picked":"PiercingWail","floor":31}],"player_experience":837313,"relics_obtained":[{"floor":4,"key":"War Paint"},{"floor":6,"key":"Snake Skull"},{"floor":9,"key":"ReplayFunnel"},{"floor":27,"key":"MawBank"}],"event_choices":[{"cards_removed":["Defend_G"],"damage_healed":0,"gold_gain":0,"player_choice":"Card Removal","damage_taken":7,"max_hp_gain":0,"max_hp_loss":0,"event_name":"Golden Wing","floor":2,"gold_loss":0},{"damage_healed":0,"gold_gain":0,"player_choice":"Trade","damage_taken":0,"relics_obtained":["NlothsMask"],"max_hp_gain":0,"max_hp_loss":0,"event_name":"FaceTrader","floor":11,"gold_loss":0},{"damage_healed":0,"gold_gain":0,"player_choice":"Ignored","damage_taken":0,"max_hp_gain":0,"max_hp_loss":0,"event_name":"The Mausoleum","floor":30,"gold_loss":0}],"is_beta":false,"boss_relics":[{"not_picked":["Black Star","Busted Crown"],"picked":"Pandora\u0027s Box"}],"items_purged_floors":[14],"is_endless":false,"potions_floor_spawned":[1,3,7,8,24,27,31],"killed_by":"Automaton","ascension_level":20}}