{"host":"qa029bqsloh3rj2z","time":1610652194,"event":{"mods":["AchievementEnabler","BaseMod","Colored Powertips","DeckTracker","Minty Spire (QoL Compilation)","Permanent Neow","Waifu the Spire"],"gold_per_floor":[110,110,18,37,37,37,61,105,151,151,76,76,101,126,126,249,249,270,256,256,156,156,196,196,196],"floor_reached":24,"language":"ENG","playtime":1171,"items_purged":["Strike_R","Defend_R"],"score":212,"play_id":"a9f6a946-4a1d-40ca-b8e6-126c9b43bb91","local_time":"20210114142314","is_ascension_mode":false,"campfire_choices":[{"data":"Shrug It Off","floor":6,"key":"SMITH"},{"floor":10,"key":"REST"},{"floor":15,"key":"REST"}],"circlet_count":0,"master_deck":["Strike_R+1","Strike_R","Strike_R+1","Defend_R+1","Defend_R+1","Defend_R","Bash+1","Shrug It Off+1","Wild Strike"],"relics":["Burning Blood","Golden Idol","Centennial Puzzle","War Paint","Sundial","Oddly Smooth Stone","SlaversCollar","Whetstone"],"acts_visited":["Exordium","TheCity"],"potions_floor_usage":[16,16,23],"damage_taken":[{"damage":10,"enemies":"Jaw Worm","floor":1,"turns":4},{"damage":10,"enemies":"Small Slimes","floor":4,"turns":3},{"damage":47,"enemies":"3 Sentries","floor":8,"turns":10},{"damage":0,"enemies":"Cultist","floor":13,"turns":3},{"damage":1,"enemies":"Looter","floor":14,"turns":3},{"damage":66,"enemies":"The Guardian","floor":16,"turns":17},{"damage":51,"enemies":"3 Byrds","floor":18,"turns":11},{"damage":19,"enemies":"2 Thieves","floor":19,"turns":4},{"damage":18,"enemies":"Book of Stabbing","floor":23,"turns":6},{"damage":14,"enemies":"Sentry and Sphere","floor":24,"turns":3}],"seed_played":"1541027493139874520","potions_obtained":[{"floor":4,"key":"BlessingOfTheForge"},{"floor":13,"key":"Strength Potion"},{"floor":14,"key":"FearPotion"},{"floor":18,"key":"LiquidBronze"}],"is_trial":false,"path_per_floor":["M","?","?","M","?","R","T","E","T","R","$","?","M","M","R","B",null,"M","M","?","$","?","E","M"],"character_chosen":"IRONCLAD","items_purchased":[],"campfire_rested":2,"item_purchase_floors":[],"current_hp_per_floor":[76,56,56,52,78,78,78,37,37,61,61,61,67,72,80,20,80,35,22,22,22,22,10,0,0],"gold":196,"neow_bonus":"UPGRADE_CARD","is_daily":false,"chose_seed":false,"campfire_upgraded":1,"win_rate":0.0,"timestamp":1610652194,"path_taken":["M","?","?","?","?","R","?","E","T","R","$","?","M","M","R","BOSS","M","M","?","$","?","E","?"],"items_purchased_type":[],"build_version":"2020-12-22","purchased_purges":2,"victory":false,"max_hp_per_floor":[80,80,80,80,80,80,80,80,80,80,80,80,80,80,80,80,80,80,80,80,80,80,80,80,80],"card_choices":[{"not_picked":["Clothesline","Second Wind","Warcry"],"picked":"SKIP","floor":1},{"not_picked":["Reckless Charge","Metallicize"],"picked":"Shrug It Off","floor":4},{"not_picked":["Pummel","Headbutt","Spot Weakness"],"picked":"SKIP","floor":8},{"not_picked":["Anger","Blood for Blood","Wild Strike"],"picked":"SKIP","floor":13},{"not_picked":["Thunderclap","Dual Wield","Perfected Strike"],"picked":"SKIP","floor":14},{"not_picked":["Headbutt+1","Uppercut","Shrug It Off+1"],"picked":"SKIP","floor":18},{"not_picked":["Hemokinesis","Pommel Strike","Armaments+1"],"picked":"SKIP","floor":19},{"not_picked":["True Grit","Shrug It Off","Pummel"],"picked":"SKIP","floor":23}],"player_experience":44507,"relics_obtained":[{"floor":7,"key":"War Paint"},{"floor":8,"key":"Sundial"},{"floor":9,"key":"Oddly Smooth Stone"},{"floor":23,"key":"Whetstone"}],"event_choices":[{"damage_healed":0,"gold_gain":0,"player_choice":"Take Damage","damage_taken":20,"relics_obtained":["Golden Idol"],"max_hp_gain":0,"max_hp_loss":0,"event_name":"Golden Idol","floor":2,"gold_loss":0},{"damage_healed":0,"gold_gain":0,"player_choice":"Paid Gold","damage_taken":0,"relics_obtained":["Centennial Puzzle"],"max_hp_gain":0,"max_hp_loss":0,"event_name":"WeMeetAgain","floor":3,"gold_loss":92},{"damage_healed":26,"gold_gain":0,"player_choice":"Banana","damage_taken":0,"max_hp_gain":0,"max_hp_loss":0,"event_name":"Big Fish","floor":5,"gold_loss":0},{"damage_healed":0,"gold_gain":0,"player_choice":"Ignored","damage_taken":0,"max_hp_gain":0,"max_hp_loss":0,"event_name":"Shining Light","floor":12,"gold_loss":0},{"damage_healed":0,"gold_gain":0,"player_choice":"Ignored","damage_taken":0,"max_hp_gain":0,"max_hp_loss":0,"event_name":"Ghosts","floor":20,"gold_loss":0},{"damage_healed":0,"gold_gain":0,"cards_transformed":["Strike_R"],"player_choice":"Transformed","damage_taken":0,"max_hp_gain":0,"max_hp_loss":0,"event_name":"Transmorgrifier","floor":22,"gold_loss":0,"cards_obtained":["Wild Strike"]}],"is_beta":false,"boss_relics":[{"not_picked":["Tiny House","SacredBark"],"picked":"SlaversCollar"}],"items_purged_floors":[11,21],"is_endless":false,"potions_floor_spawned":[4,13,14,18],"killed_by":"Sentry and Sphere","ascension_level":0}}