{"host":"mbj2cbgnaexp1bjw","time":1610636785,"event":{"mods":["BaseMod","BetterRewards","DNKmod","Dota2Spire","Friendly Minions","Grow up Mod","Highlight Path","Minty Spire (QoL Compilation)","Remove Card Discount Mod","Spicy Shops","StSLib","The Cursed"],"gold_per_floor":[1019,1031,1042,591,609,643,643,643,695,724,389,422,432,432,432,535,535,553,570,590,590,256,282,298,328,328,59,159,189,201,236,236,335,335,347,347,359,369,381,415,433,451,451,479,491,506,533,209,209,209,209,209,36,68,68],"floor_reached":56,"language":"ZHS","playtime":4291,"items_purged":["Pain","TheCursedMod:Strike_TheCursed","TheCursedMod:Strike_TheCursed","TheCursedMod:Strike_TheCursed","TheCursedMod:Defend_TheCursed","TheCursedMod:Defend_TheCursed","TheCursedMod:Defend_TheCursed","TheCursedMod:Strike_TheCursed","TheCursedMod:Defend_TheCursed","Pain","TheCursedMod:CursedWand+1","TheCursedMod:CircleOfAbyss","TheCursedMod:CircleOfFlame","TheCursedMod:EmpowerCircles","TheCursedMod:CircleOfCorruption","TheCursedMod:ManaBullet+1","TheCursedMod:CircleOfFocus+1"],"score":2199,"play_id":"d0e59e1b-ac90-49fc-b51f-d5c55630da05","local_time":"20210114230625","is_ascension_mode":true,"campfire_choices":[{"data":"TheCursedMod:CleanUpWorkshop","floor":7,"key":"SMITH"},{"floor":15,"key":"RECALL"},{"data":"TheCursedMod:ManaCirculation","floor":32,"key":"SMITH"},{"data":"TheCursedMod:SpitefulPray","floor":49,"key":"SMITH"},{"data":"TheCursedMod:LuckyCharm","floor":52,"key":"SMITH"}],"circlet_count":0,"master_deck":["TheCursedMod:CleanUpWorkshop+1","TheCursedMod:Dregs","TheCursedMod:Wield+1","TheCursedMod:CursedSpellbook+1","TheCursedMod:LuckyCharm+1","TheCursedMod:BlessingInDisguise+1","TheCursedMod:SpitefulPray+1","TheCursedMod:WearCloak","TheCursedMod:ManaCirculation+1","TheCursedMod:HellfireBreathing","TheCursedMod:CursedRelics+1","TheCursedMod:CursedBlade+1","TheCursedMod:HellfireBreathing","TheCursedMod:LuckyCharm","Worship"],"relics":["TheCursedMod:BlackMagic101","NeowsBlessing","Membership Card","Whetstone","HornCleat","Anchor","Darkstone Periapt","Strawberry","Matryoshka","Letter Opener","War Paint","Dota2Spire:EtherealBlade","Du-Vu Doll","Dota2Spire:RefresherOrb","WarpedTongs","Molten Egg 2","Dota2Spire:MonkeyKingBar","TheCursedMod:PinkPellets","Dota2Spire:PhaseBoots","Tiny Chest","Dota2Spire:MaskOfMadness","Incense Burner","Medical Kit","ClockworkSouvenir","Ornamental Fan","TheCursedMod:CrystalBall","Pantograph","Nunchaku","Bottled Flame","Black Star","Dota2Spire:DivineRapier","FossilizedHelix","Dota2Spire:MantaStyle","InkBottle","Dota2Spire:OctarineCore","Lantern","Dota2Spire:LotusOrb","PrismaticShard","Dota2Spire:EchoSabre","Frozen Eye","Singing Bowl","Dota2Spire:LinkenSphere","Bag of Preparation","Kunai","Dota2Spire:BladeMail"],"acts_visited":["Exordium","TheCity","TheBeyond","TheEnding"],"potions_floor_usage":[33],"damage_taken":[{"damage":0,"enemies":"2 Louse","floor":1,"turns":1},{"damage":0,"enemies":"Small Slimes","floor":2,"turns":1},{"damage":0,"enemies":"Cultist","floor":3,"turns":1},{"damage":0,"enemies":"Exordium Thugs","floor":5,"turns":2},{"damage":0,"enemies":"Lagavulin","floor":6,"turns":3},{"damage":0,"enemies":"3 Sentries","floor":10,"turns":4},{"damage":1,"enemies":"Lagavulin","floor":12,"turns":3},{"damage":0,"enemies":"Exordium Wildlife","floor":13,"turns":2},{"damage":1,"enemies":"Slime Boss","floor":16,"turns":5},{"damage":0,"enemies":"2 Thieves","floor":18,"turns":2},{"damage":0,"enemies":"Shell Parasite","floor":19,"turns":1},{"damage":0,"enemies":"Cultist and Chosen","floor":20,"turns":2},{"damage":6,"enemies":"Book of Stabbing","floor":23,"turns":2},{"damage":3,"enemies":"3 Cultists","floor":24,"turns":1},{"damage":1,"enemies":"Slavers","floor":25,"turns":1},{"damage":13,"enemies":"Colosseum Slavers","floor":28,"turns":2},{"damage":3,"enemies":"Colosseum Nobs","floor":28,"turns":3},{"damage":0,"enemies":"Book of Stabbing","floor":29,"turns":2},{"damage":0,"enemies":"Centurion and Healer","floor":30,"turns":3},{"damage":0,"enemies":"Gremlin Leader","floor":31,"turns":4},{"damage":4,"enemies":"Collector","floor":33,"turns":7},{"damage":1,"enemies":"3 Shapes","floor":35,"turns":5},{"damage":0,"enemies":"3 Darklings","floor":37,"turns":2},{"damage":0,"enemies":"Sphere and 2 Shapes","floor":38,"turns":3},{"damage":9,"enemies":"4 Shapes","floor":39,"turns":3},{"damage":0,"enemies":"Nemesis","floor":40,"turns":3},{"damage":0,"enemies":"3 Darklings","floor":41,"turns":2},{"damage":0,"enemies":"Jaw Worm Horde","floor":42,"turns":2},{"damage":0,"enemies":"Giant Head","floor":44,"turns":2},{"damage":0,"enemies":"Maw","floor":45,"turns":3},{"damage":0,"enemies":"Transient","floor":46,"turns":5},{"damage":0,"enemies":"Nemesis","floor":47,"turns":3},{"damage":6,"enemies":"Awakened One","floor":50,"turns":5},{"damage":0,"enemies":"Shield and Spear","floor":54,"turns":2},{"damage":22,"enemies":"The Heart","floor":55,"turns":4}],"seed_played":"-4246338611028199784","potions_obtained":[{"floor":3,"key":"BlessingOfTheForge"},{"floor":5,"key":"Energy Potion"},{"floor":12,"key":"Dota2Spire:HealingSalve"},{"floor":19,"key":"FairyPotion"},{"floor":20,"key":"Strength Potion"},{"floor":31,"key":"GamblersBrew"},{"floor":35,"key":"FairyPotion"},{"floor":47,"key":"CultistPotion"}],"is_trial":false,"path_per_floor":["M","M","M","$","M","E","R","?","T","E","$","E","M","?","R","B",null,"M","M","M","?","$","E","M","E","T","$","?","E","M","E","R","B",null,"M","?","M","M","M","E","M","M","T","E","M","M","E","$","R","B",null,"R","$","E","B",null],"character_chosen":"THE_CURSED","items_purchased":["Membership Card","Whetstone","HornCleat","Anchor","TheCursedMod:CursedSpellbook","Matryoshka","Letter Opener","War Paint","Molten Egg 2","Dota2Spire:MonkeyKingBar","TheCursedMod:PinkPellets","Medical Kit","TheCursedMod:HellfireBreathing","ClockworkSouvenir","Ornamental Fan","PrismaticShard","Dota2Spire:EchoSabre","Frozen Eye","Singing Bowl","Dota2Spire:LinkenSphere","Bag of Preparation","TheCursedMod:LuckyCharm"],"campfire_rested":0,"item_purchase_floors":[4,4,4,4,4,11,11,11,22,22,22,27,27,27,27,48,48,48,48,53,53,53],"current_hp_per_floor":[120,130,140,150,160,170,180,190,200,217,227,236,246,256,266,275,287,297,307,317,333,343,347,354,363,373,383,377,387,397,407,417,448,463,472,482,492,502,503,513,523,533,543,553,563,573,583,593,603,617,633,643,653,663,651],"gold":68,"neow_bonus":"THREE_ENEMY_KILL","is_daily":false,"chose_seed":false,"campfire_upgraded":4,"win_rate":0.0,"timestamp":1610636785,"path_taken":["M","M","M","$","M","E","R","?","T","E","$","E","M","?","R","BOSS","M","M","M","?","?","E","?","E","T","$","?","E","M","E","R","BOSS","M","?","M","M","M","E","M","M","T","E","M","M","E","$","R","BOSS","R","$","E","BOSS"],"items_purchased_type":["Relic","Relic","Relic","Relic","Card","Relic","Relic","Relic","Relic","Relic","Relic","Relic","Card","Relic","Relic","Relic","Relic","Relic","Relic","Relic","Relic","Card"],"build_version":"2020-12-22","purchased_purges":17,"victory":true,"max_hp_per_floor":[120,130,140,150,160,170,180,190,200,217,227,237,247,257,267,277,287,297,307,317,333,343,353,363,373,383,393,403,413,423,433,443,453,463,473,483,493,503,513,523,533,543,553,563,573,583,593,603,613,623,633,643,653,663,673],"card_choices":[{"not_picked":["TheCursedMod:CursedShiv","TheCursedMod:StingEye","TheCursedMod:CursedMace"],"picked":"SKIP","floor":1},{"not_picked":["TheCursedMod:WearCloak","TheCursedMod:Stigma"],"picked":"TheCursedMod:Wield","floor":2},{"not_picked":["TheCursedMod:SurpriseAttack","TheCursedMod:EmpowerCircles","TheCursedMod:SaltUponWound"],"picked":"SKIP","floor":3},{"not_picked":["TheCursedMod:SpitefulStrike","TheCursedMod:SurpriseAttack","TheCursedMod:Stigma"],"picked":"SKIP","floor":5},{"not_picked":["TheCursedMod:UltimatePain","TheCursedMod:VitalStrike"],"picked":"TheCursedMod:LuckyCharm","floor":6},{"not_picked":["TheCursedMod:CursedMace","TheCursedMod:Obscuration"],"picked":"TheCursedMod:BlessingInDisguise","floor":10},{"not_picked":["TheCursedMod:Stretching","TheCursedMod:SpitefulStrike","TheCursedMod:Hemoplague"],"picked":"SKIP","floor":12},{"not_picked":["TheCursedMod:Mangle","TheCursedMod:BlessingInDisguise"],"picked":"TheCursedMod:SpitefulPray","floor":13},{"not_picked":["TheCursedMod:ParallelWorld","TheCursedMod:OutForBlood"],"picked":"TheCursedMod:CircleOfAbyss","floor":16},{"not_picked":["TheCursedMod:TacticalStrike","TheCursedMod:LuckyCharm+1"],"picked":"TheCursedMod:CircleOfFlame","floor":18},{"not_picked":["TheCursedMod:Stretching+1","TheCursedMod:BlessingInDisguise","TheCursedMod:CursedAmulet+1"],"picked":"SKIP","floor":19},{"not_picked":["TheCursedMod:Wield","TheCursedMod:Obscuration","TheCursedMod:FleshFromBone+1"],"picked":"SKIP","floor":20},{"not_picked":["TheCursedMod:FleshFromBone+1","TheCursedMod:CursedAmulet+1"],"picked":"TheCursedMod:WearCloak","floor":23},{"not_picked":["TheCursedMod:Obscuration","TheCursedMod:SurpriseAttack+1"],"picked":"TheCursedMod:ManaCirculation","floor":24},{"not_picked":["TheCursedMod:CursedAmulet","TheCursedMod:RapidMovement"],"picked":"TheCursedMod:CircleOfCorruption","floor":25},{"not_picked":["TheCursedMod:SurpriseAttack+1","TheCursedMod:SoulReap+1","TheCursedMod:Stigma+1"],"picked":"SKIP","floor":29},{"not_picked":["TheCursedMod:Obscuration","TheCursedMod:CursedShiv+1","TheCursedMod:CircleOfWindfury"],"picked":"SKIP","floor":30},{"not_picked":["TheCursedMod:CircleOfCorruption","TheCursedMod:CursedBoomerang+1"],"picked":"TheCursedMod:ManaBullet+1","floor":31},{"not_picked":["TheCursedMod:StunningStrike+1","TheCursedMod:AntiAging"],"picked":"TheCursedMod:CursedRelics+1","floor":33},{"not_picked":["TheCursedMod:SpitefulPlan+1","TheCursedMod:FleshFromBone+1"],"picked":"TheCursedMod:EmpowerCircles","floor":35},{"not_picked":["TheCursedMod:TroublousMinions","TheCursedMod:Stretching","TheCursedMod:VitalStrike+1"],"picked":"SKIP","floor":37},{"not_picked":["TheCursedMod:Hemoplague","TheCursedMod:TacticalStrike+1","TheCursedMod:CursedSpellbook"],"picked":"SKIP","floor":38},{"not_picked":["TheCursedMod:SurpriseAttack+1","TheCursedMod:FleshFromBone+1","TheCursedMod:CircleOfAbyss"],"picked":"SKIP","floor":39},{"not_picked":["TheCursedMod:TacticalStrike+1","TheCursedMod:RapidMovement+1"],"picked":"TheCursedMod:CircleOfFocus+1","floor":40},{"not_picked":["TheCursedMod:SpitefulPray+1","TheCursedMod:CircleOfCorruption+1"],"picked":"TheCursedMod:CursedBlade+1","floor":41},{"not_picked":["TheCursedMod:ReleasedStrength","TheCursedMod:Stretching","TheCursedMod:CursedShiv+1"],"picked":"SKIP","floor":42},{"not_picked":["TheCursedMod:PrepareRite+1","TheCursedMod:SmokeScreen"],"picked":"TheCursedMod:HellfireBreathing","floor":44},{"not_picked":["TheCursedMod:WearCloak+1","TheCursedMod:CircleOfFocus+1","TheCursedMod:FleshFromBone"],"picked":"SKIP","floor":45},{"not_picked":["TheCursedMod:Stretching+1","TheCursedMod:FleshFromBone+1","TheCursedMod:CursedStaff+1"],"picked":"SKIP","floor":46},{"not_picked":["TheCursedMod:FleshFromBone","TheCursedMod:PrepareRite","TheCursedMod:Mangle+1"],"picked":"SKIP","floor":47},{"not_picked":["Protect","Deep Breath"],"picked":"Worship","floor":54}],"player_experience":84807,"relics_obtained":[{"floor":6,"key":"Darkstone Periapt"},{"floor":10,"key":"Strawberry"},{"floor":12,"key":"Dota2Spire:EtherealBlade"},{"floor":23,"key":"Dota2Spire:PhaseBoots"},{"floor":25,"key":"Tiny Chest"},{"floor":26,"key":"Dota2Spire:MaskOfMadness"},{"floor":26,"key":"Incense Burner"},{"floor":28,"key":"TheCursedMod:CrystalBall"},{"floor":28,"key":"Pantograph"},{"floor":29,"key":"Nunchaku"},{"floor":31,"key":"Bottled Flame"},{"floor":40,"key":"Dota2Spire:DivineRapier"},{"floor":40,"key":"FossilizedHelix"},{"floor":43,"key":"Dota2Spire:MantaStyle"},{"floor":43,"key":"InkBottle"},{"floor":44,"key":"Dota2Spire:OctarineCore"},{"floor":47,"key":"Lantern"},{"floor":47,"key":"Dota2Spire:LotusOrb"},{"floor":54,"key":"Kunai"},{"floor":54,"key":"Dota2Spire:BladeMail"}],"event_choices":[{"damage_healed":0,"gold_gain":0,"player_choice":"Leave","damage_taken":0,"max_hp_gain":0,"max_hp_loss":0,"event_name":"The Cleric","floor":8,"gold_loss":0},{"damage_healed":0,"gold_gain":0,"player_choice":"Gave Potion","damage_taken":0,"relics_obtained":["Du-Vu Doll"],"max_hp_gain":0,"max_hp_loss":0,"event_name":"WeMeetAgain","floor":14,"gold_loss":0},{"damage_healed":0,"gold_gain":0,"player_choice":"Rummage","damage_taken":0,"relics_obtained":["WarpedTongs"],"max_hp_gain":0,"max_hp_loss":0,"event_name":"Accursed Blacksmith","floor":21,"gold_loss":0,"cards_obtained":["Pain"]},{"damage_healed":0,"gold_gain":0,"player_choice":"Fight","damage_taken":0,"max_hp_gain":0,"max_hp_loss":0,"event_name":"Colosseum","floor":28,"gold_loss":0},{"damage_healed":0,"gold_gain":0,"player_choice":"Fought Nobs","damage_taken":0,"max_hp_gain":0,"max_hp_loss":0,"event_name":"Colosseum","floor":28,"gold_loss":0},{"damage_healed":0,"gold_gain":0,"player_choice":"Ignored","damage_taken":0,"max_hp_gain":0,"max_hp_loss":0,"event_name":"Tomb of Lord Red Mask","floor":36,"gold_loss":0}],"is_beta":false,"boss_relics":[{"not_picked":["Runic Pyramid","TheCursedMod:BlackMagicAdvanced"],"picked":"Dota2Spire:RefresherOrb"},{"not_picked":["Sozu","Dota2Spire:Bloodstone"],"picked":"Black Star"}],"items_purged_floors":[4,4,4,4,4,4,4,4,11,27,48,48,48,48,48,48,48],"is_endless":false,"potions_floor_spawned":[3,5,12,19,20,24,28,30,31,35,38,40,44,47],"ascension_level":4}}