{"host":"l2dnabsh5e0fsksb","time":1610606355,"event":{"mods":["2.2 Compatiblity","BaseMod","Downfall","Minty Spire (QoL Compilation)","Quick Restart","StSLib"],"gold_per_floor":[99,117,392,402,422,455,502,60,160,173,23,198,103,130,147,147,147,147],"floor_reached":16,"language":"ENG","playtime":662,"items_purged":["Regret","Doubt"],"score":176,"play_id":"caafce6f-0b65-412f-a504-299864133fc1","local_time":"20210114170915","is_ascension_mode":true,"campfire_choices":[{"floor":1,"key":"RECALL"},{"floor":11,"key":"REST"}],"circlet_count":0,"master_deck":["AscendersBane","champ:Strike","champ:Strike","champ:Strike","champ:Strike","champ:Defend","champ:Defend","champ:Defend","champ:Defend","champ:Execute","champ:Taunt","champ:BringItOn","champ:BringItOn","champ:FlashCut","champ:BerserkerStyle","champ:StanceDance","champ:ViciousMockery","champ:BerserkerStyle","champ:AdrenalArmor","champ:FanOfKnives","champ:RageSigil","champ:StanceDance"],"relics":["champ:ChampionCrown","Guardian:PocketSentry","Gremlin Horn","Kunai","downfall:GremlinWheel","downfall:HeartBlessingRed","downfall:HeartBlessingBlue","The Courier","Smiling Mask"],"acts_visited":["Exordium"],"potions_floor_usage":[13,16],"damage_taken":[{"damage":12,"enemies":"Cultist","floor":2,"turns":4},{"damage":11,"enemies":"Small Slimes","floor":4,"turns":3},{"damage":0,"enemies":"2 Louse","floor":5,"turns":2},{"damage":31,"enemies":"Gremlin Nob","floor":6,"turns":5},{"damage":9,"enemies":"downfall:FleeingMerchant","floor":8,"turns":4},{"damage":26,"enemies":"downfall:FleeingMerchant","floor":9,"turns":5},{"damage":16,"enemies":"Exordium Thugs","floor":10,"turns":5},{"damage":26,"enemies":"downfall:FleeingMerchant","floor":13,"turns":4},{"damage":38,"enemies":"Lagavulin","floor":14,"turns":6},{"damage":12,"enemies":"Lots of Slimes","floor":15,"turns":4},{"damage":37,"enemies":"downfall:Defect","floor":16,"turns":4}],"seed_played":"7052722267493666771","potions_obtained":[{"floor":5,"key":"GamblersBrew"},{"floor":6,"key":"GamblersBrew"},{"floor":14,"key":"SteroidPotion"},{"floor":15,"key":"SkillPotion"}],"is_trial":false,"path_per_floor":["R","M","?","M","M","E","T","$","?","M","R","?","$","E","M","B"],"character_chosen":"THE_CHAMP","items_purchased":["champ:ViciousMockery","Kunai","champ:BerserkerStyle"],"campfire_rested":1,"item_purchase_floors":[8,8,8],"current_hp_per_floor":[81,79,79,73,73,42,42,38,17,6,46,46,36,22,22,0,0,0],"gold":147,"neow_bonus":"RANDOM_COMMON_RELIC","is_daily":false,"chose_seed":false,"campfire_upgraded":0,"win_rate":0.0,"timestamp":1610606355,"path_taken":["R","M","?","?","M","E","T","$","?","?","R","?","$","E","M","BOSS"],"items_purchased_type":["Card","Relic","Card"],"build_version":"2020-12-22","purchased_purges":2,"victory":false,"max_hp_per_floor":[90,90,90,90,90,90,90,90,90,90,100,100,100,100,100,100,100,100],"card_choices":[{"not_picked":["champ:Haymaker","champ:Shatter"],"picked":"champ:BringItOn","floor":2},{"not_picked":["champ:CrookedStrike","champ:Haymaker"],"picked":"champ:BringItOn","floor":4},{"not_picked":["champ:CrookedStrike","champ:GladiatorsShout"],"picked":"champ:FlashCut","floor":5},{"not_picked":["champ:Shatter","champ:ArenaPreparation"],"picked":"champ:BerserkerStyle","floor":6},{"not_picked":["champ:BringItOn","champ:IgnorePain"],"picked":"champ:StanceDance","floor":8},{"not_picked":["champ:FlashCut","champ:GladiatorsShout"],"picked":"champ:AdrenalArmor","floor":10},{"not_picked":["champ:EnchantShield","champ:Haymaker"],"picked":"champ:FanOfKnives","floor":13},{"not_picked":["champ:DefensiveShout","champ:FocusedGladiator"],"picked":"champ:RageSigil","floor":14},{"not_picked":["champ:BladeFlurry","champ:ShieldSigil"],"picked":"champ:StanceDance","floor":15}],"player_experience":1786149,"relics_obtained":[{"floor":6,"key":"Gremlin Horn"},{"floor":9,"key":"downfall:GremlinWheel"},{"floor":11,"key":"The Courier"},{"floor":14,"key":"Smiling Mask"}],"event_choices":[{"damage_healed":0,"gold_gain":0,"player_choice":"Relic","damage_taken":0,"max_hp_gain":0,"max_hp_loss":0,"event_name":"Wheel of Change","floor":11,"gold_loss":0}],"is_beta":false,"boss_relics":[],"items_purged_floors":[8,13],"is_endless":false,"potions_floor_spawned":[5,6,14,15],"killed_by":"downfall:Defect","ascension_level":12}}