{"host":"wshh0nphwn6jv7vj","time":1610597510,"event":{"mods":["BaseMod","Bestiary","Minty Spire (QoL Compilation)","Relic Stats"],"gold_per_floor":[119,16,29,29,29,59,76,111,161,161,177,192,222,237,237,311,311,326,90,100,112,122,150,163,163,163,163,178,189,189,189],"floor_reached":30,"language":"ENG","playtime":1594,"items_purged":["Clumsy","Strike_B"],"score":492,"play_id":"707646d9-a67f-4577-b07e-d1ecaa499ca9","local_time":"20210113231150","is_ascension_mode":true,"campfire_choices":[{"data":"Defragment","floor":10,"key":"SMITH"},{"data":"Hologram","floor":15,"key":"SMITH"},{"floor":25,"key":"REST"},{"data":"Aggregate","floor":27,"key":"SMITH"}],"circlet_count":0,"master_deck":["AscendersBane","Strike_B","Defend_B","Defend_B","Defend_B","Defend_B","Zap","Dualcast","FTL","Hologram","Sweeping Beam","Defragment+1","Hello World","Go for the Eyes","Echo Form","Sunder","Undo","Hologram+1","Rainbow","Leap","Capacitor","Go for the Eyes","Cold Snap","Aggregate+1","Double Energy","Fission","Coolheaded","Hologram","Compile Driver"],"relics":["Cracked Core","Kunai","Vajra","Dead Branch","Anchor","StoneCalendar","Nuclear Battery","Bottled Lightning","Ginger"],"acts_visited":["Exordium","TheCity"],"potions_floor_usage":[8,18,21,23,30],"damage_taken":[{"damage":9,"enemies":"Small Slimes","floor":1,"turns":3},{"damage":7,"enemies":"2 Louse","floor":3,"turns":3},{"damage":31,"enemies":"Lagavulin","floor":6,"turns":9},{"damage":3,"enemies":"Cultist","floor":7,"turns":3},{"damage":6,"enemies":"3 Sentries","floor":8,"turns":6},{"damage":0,"enemies":"Large Slime","floor":11,"turns":3},{"damage":0,"enemies":"3 Louse","floor":12,"turns":3},{"damage":0,"enemies":"Looter","floor":14,"turns":2},{"damage":7,"enemies":"Slime Boss","floor":16,"turns":7},{"damage":8,"enemies":"3 Byrds","floor":18,"turns":4},{"damage":18,"enemies":"Chosen","floor":20,"turns":5},{"damage":17,"enemies":"Snecko","floor":21,"turns":6},{"damage":0,"enemies":"Snake Plant","floor":22,"turns":5},{"damage":8,"enemies":"Book of Stabbing","floor":23,"turns":6},{"damage":14,"enemies":"Shelled Parasite and Fungi","floor":24,"turns":7},{"damage":6,"enemies":"Cultist and Chosen","floor":28,"turns":6},{"damage":21,"enemies":"Sentry and Sphere","floor":29,"turns":6},{"damage":11,"enemies":"Shelled Parasite and Fungi","floor":30,"turns":1}],"seed_played":"379612019937200382","potions_obtained":[{"floor":3,"key":"Block Potion"},{"floor":11,"key":"FocusPotion"},{"floor":14,"key":"LiquidMemories"},{"floor":18,"key":"SneckoOil"},{"floor":20,"key":"Regen Potion"},{"floor":29,"key":"SteroidPotion"}],"is_trial":false,"path_per_floor":["M","$","M","?","?","E","M","E","T","R","M","M","?","M","R","B",null,"M","$","M","M","M","E","M","R","T","R","M","M","M"],"character_chosen":"DEFECT","items_purchased":["Sweeping Beam","Capacitor","Go for the Eyes"],"campfire_rested":1,"item_purchase_floors":[2,19,19],"current_hp_per_floor":[55,55,48,3,71,40,37,31,31,31,31,31,31,31,31,24,59,51,51,33,31,31,23,9,30,30,30,24,3,0,0],"gold":189,"neow_bonus":"TRANSFORM_TWO_CARDS","is_daily":false,"chose_seed":false,"campfire_upgraded":3,"win_rate":0.0,"timestamp":1610597510,"path_taken":["M","$","M","?","?","E","M","E","T","R","?","M","?","M","R","BOSS","M","$","M","M","M","E","M","R","T","R","M","M","M"],"items_purchased_type":["Card","Card","Card"],"build_version":"2020-12-22","purchased_purges":2,"victory":false,"max_hp_per_floor":[71,71,71,71,71,71,71,71,71,71,71,71,71,71,71,71,71,71,71,71,71,71,71,71,71,71,71,71,71,71,71],"relic_stats":{"counters":[18,85],"Dead Branch":[55],"StoneCalendar":[54],"Kunai":[37],"Ginger":[3],"obtain_stats":[{"Anchor":9,"Dead Branch":8,"Vajra":6,"StoneCalendar":13,"Kunai":4,"Bottled Lightning":23,"Ginger":26,"Cracked Core":0,"Nuclear Battery":17},{"Anchor":5,"Dead Branch":5,"Vajra":3,"StoneCalendar":7,"Kunai":2,"Bottled Lightning":14,"Ginger":15,"Cracked Core":0,"Nuclear Battery":9},{"Anchor":24,"Dead Branch":24,"Vajra":15,"StoneCalendar":30,"Kunai":6,"Bottled Lightning":65,"Ginger":72,"Cracked Core":0,"Nuclear Battery":39}]},"card_choices":[{"not_picked":["Chill","Blizzard"],"picked":"Hologram","floor":1},{"not_picked":["Steam","Beam Cell"],"picked":"Defragment","floor":3},{"not_picked":["Conserve Battery","Turbo"],"picked":"Hello World","floor":6},{"not_picked":["Stack","Barrage"],"picked":"Go for the Eyes","floor":7},{"not_picked":["Hologram","Sweeping Beam"],"picked":"Echo Form","floor":8},{"not_picked":["Rip and Tear","Heatsinks"],"picked":"Sunder","floor":11},{"not_picked":["Lockon","Ball Lightning"],"picked":"Undo","floor":12},{"not_picked":["Consume","Force Field"],"picked":"Hologram","floor":14},{"not_picked":["Biased Cognition","Machine Learning"],"picked":"Rainbow","floor":16},{"not_picked":["Loop","Hello World"],"picked":"Leap","floor":18},{"not_picked":["Auto Shields","Gash+1"],"picked":"Cold Snap","floor":20},{"not_picked":["Barrage","Recycle"],"picked":"Aggregate","floor":21},{"not_picked":["Force Field","Storm"],"picked":"Double Energy","floor":22},{"not_picked":["Steam","Leap"],"picked":"Fission","floor":23},{"not_picked":["Leap","Conserve Battery"],"picked":"Coolheaded","floor":24},{"not_picked":["Storm","Heatsinks"],"picked":"Hologram","floor":28},{"not_picked":["Genetic Algorithm","Echo Form"],"picked":"Compile Driver","floor":29}],"player_experience":1570648,"relics_obtained":[{"floor":6,"key":"Vajra"},{"floor":8,"key":"Dead Branch"},{"floor":9,"key":"Anchor"},{"floor":23,"key":"Bottled Lightning"},{"floor":26,"key":"Ginger"}],"event_choices":[{"damage_healed":0,"gold_gain":0,"player_choice":"Success","damage_taken":45,"relics_obtained":["Kunai"],"max_hp_gain":0,"max_hp_loss":0,"event_name":"Scrap Ooze","floor":4,"gold_loss":0},{"cards_removed":["FTL"],"damage_healed":68,"gold_gain":0,"player_choice":"Offered Uncommon","damage_taken":0,"max_hp_gain":0,"max_hp_loss":0,"event_name":"Bonfire Elementals","floor":5,"gold_loss":0},{"damage_healed":0,"gold_gain":30,"player_choice":"Searched \u00272\u0027 times","damage_taken":0,"relics_obtained":["StoneCalendar"],"max_hp_gain":0,"max_hp_loss":0,"event_name":"Dead Adventurer","floor":13,"gold_loss":0}],"is_beta":false,"boss_relics":[{"not_picked":["Tiny House","Velvet Choker"],"picked":"Nuclear Battery"}],"items_purged_floors":[2,19],"is_endless":false,"potions_floor_spawned":[3,11,14,18,20,29],"killed_by":"Shelled Parasite and Fungi","ascension_level":17}}