{"host":"kdt6w7ix8lwe69i9","time":1610591033,"event":{"mods":["100% Spire Juice","Bartender","BaseMod","ChefMod","Downfall","Evolution","Fiend Mod","Jorbs\u0027s Wanderer Trilogy","Minty Spire (QoL Compilation)","Reimu（博丽灵梦）","Robot Space Explorer","Shade Mod","StSLib","The Caster","The Cursed","The Disciple","The Dragon Tamer","The Druid","The Fake Hero","The Forsaken","The Gatherer","The Marked","TheBandit","TheSwordswoman"],"gold_per_floor":[119,119,119,66,79,114,114,127,127,143,161,161,161,161],"floor_reached":13,"language":"ENG","playtime":981,"items_purged":[],"score":85,"play_id":"125d2813-86a4-42a1-a7c0-58113299981f","local_time":"20210113212353","is_ascension_mode":false,"campfire_choices":[{"floor":7,"key":"REST"}],"circlet_count":0,"master_deck":["chefmod:Strike","chefmod:Strike","chefmod:Strike","chefmod:QuickThaw","chefmod:Defend","chefmod:Defend","chefmod:Defend","chefmod:Defend","chefmod:TodaysSpecial","chefmod:DoubleChop+1","chefmod:FireUp","chefmod:FiveAlarmChili","chefmod:Sorbet","chefmod:Sorbet","chefmod:Chop","chefmod:DimSum"],"relics":["EVO:Axolotl","Silver_Glasses","Ginger","Mummified Hand","Shovel"],"acts_visited":["Exordium"],"potions_floor_usage":[13,13,13],"damage_taken":[{"damage":0,"enemies":"2 Louse","floor":1,"turns":2},{"damage":4,"enemies":"Small Slimes","floor":5,"turns":2},{"damage":34,"enemies":"Gremlin Nob","floor":6,"turns":5},{"damage":5,"enemies":"Jaw Worm","floor":8,"turns":2},{"damage":6,"enemies":"Exordium Wildlife","floor":10,"turns":5},{"damage":7,"enemies":"Blue Slaver","floor":11,"turns":3},{"damage":35,"enemies":"3 Sentries","floor":13,"turns":6}],"seed_played":"-8367159265061201492","potions_obtained":[{"floor":5,"key":"SteroidPotion"},{"floor":8,"key":"PowerPotion"},{"floor":10,"key":"Energy Potion"},{"floor":11,"key":"PowerPotion"}],"is_trial":false,"path_per_floor":["M","?","?","$","M","E","R","M","T","M","M","?","E"],"character_chosen":"THE_CHEF","items_purchased":["chefmod:FireUp"],"campfire_rested":1,"item_purchase_floors":[4],"current_hp_per_floor":[76,69,69,69,65,31,53,48,48,42,35,32,0,0],"gold":161,"neow_bonus":"BOSS_RELIC","is_daily":false,"chose_seed":false,"campfire_upgraded":0,"win_rate":0.0,"timestamp":1610591033,"path_taken":["M","?","?","?","?","E","R","M","T","M","M","?","E"],"items_purchased_type":["Card"],"build_version":"2020-12-22","purchased_purges":0,"victory":false,"max_hp_per_floor":[76,76,76,76,76,76,76,76,76,76,76,76,76,76],"card_choices":[{"not_picked":["chefmod:VegetableTart","chefmod:MonsterBait"],"picked":"chefmod:DoubleChop","floor":1},{"not_picked":["chefmod:SliceAndDice","chefmod:Sorbet"],"picked":"chefmod:FiveAlarmChili","floor":5},{"not_picked":["chefmod:TonkotsuRamen","chefmod:AlooGobi"],"picked":"chefmod:Sorbet","floor":6},{"not_picked":["chefmod:LocoMoco","chefmod:FiveAlarmChili"],"picked":"chefmod:Sorbet","floor":8},{"not_picked":["chefmod:DinoKale","chefmod:FryPan"],"picked":"chefmod:Chop","floor":10},{"not_picked":["chefmod:ZaruSoba","chefmod:Chop"],"picked":"chefmod:DimSum","floor":11}],"player_experience":1784025,"relics_obtained":[{"floor":6,"key":"Ginger"},{"floor":9,"key":"Mummified Hand"}],"event_choices":[{"damage_healed":0,"gold_gain":0,"player_choice":"Ignored","damage_taken":0,"max_hp_gain":0,"max_hp_loss":0,"event_name":"Golden Wing","floor":3,"gold_loss":0},{"damage_healed":0,"gold_gain":0,"player_choice":"Success","damage_taken":3,"relics_obtained":["Shovel"],"max_hp_gain":0,"max_hp_loss":0,"event_name":"Scrap Ooze","floor":12,"gold_loss":0}],"is_beta":false,"boss_relics":[],"items_purged_floors":[],"is_endless":false,"potions_floor_spawned":[5,8,10,11],"killed_by":"3 Sentries","ascension_level":0}}