{"host":"tm3ghj8mno6gwywm","time":1610603766,"event":{"mods":["2.2 Compatiblity","AchievementEnabler","Bard","BaseMod","Beaked The Cultist","Better Third Choice","Colored Map","Colored Powertips","Conspire","Downfall","GungeonMod","Halation","Hermit","Hubris","Infinite Spire","Jorbs\u0027s Wanderer Trilogy","Lobotomy","Mad Scientist","Marisa????????","Marked Mod","Mimic Mod","Minty Spire (QoL Compilation)","Potionbrewer","Quick Restart","READ ME - Guardian Mod","Replay The Spire","Shade Mod","Shop Mod","Somnambulant","Spicy Shops","StSLib","SuperFastMode","The Bug Knight","The Construct","The Cursed","The Disciple","The Factory","The Hierophant","The IronCluck","The Judge","The Jungle","The Necromancer","The Runesmith","The Servant 0.9.4","egg"],"gold_per_floor":[112,112,112,112,123,134,163,177,208,227,227,9,24,57,57,153,153,168,183,183,202,217,217,230,230,230,85,85,85,99,119,119,218,218,228,228,275,293,305,305,305,317,343,262,262,290,290,323,323,323,323,323,323,19,46,46],"floor_reached":57,"language":"ENG","playtime":1958,"items_purged":[],"score":1369,"play_id":"cbb1c574-7572-4177-8170-f88cb64dc076","local_time":"20210114005606","is_ascension_mode":false,"campfire_choices":[{"floor":11,"key":"REST"},{"floor":15,"key":"RECALL"},{"floor":23,"key":"REST"},{"data":"Dualcast","floor":29,"key":"SMITH"},{"data":"Defend_B","floor":32,"key":"SMITH"},{"floor":40,"key":"REST"},{"floor":45,"key":"REST"},{"floor":47,"key":"REST"},{"floor":49,"key":"REST"},{"data":"Defend_B","floor":53,"key":"SMITH"}],"circlet_count":0,"master_deck":["Strike_B","Strike_B","Strike_B","Strike_B","Defend_B","Defend_B","Defend_B+1","Defend_B+1","Zap+1","Dualcast+1","Go for the Eyes+1","Hologram+1","Beam Cell+1","Gash+1","ReplayTheSpireMod:System Scan+1","Gash+1","ReplayGash+1","Machine Learning+1","Steam+1","Conserve Battery+1","Electrodynamics+1","Conserve Battery+1","Streamline+1","Gash+1","Gash+1","Blind+1","Scrape+1","Steam Power+1","Echo Form+1","ReplayTheSpireMod:Calculation Training+1","Turbo+1","ReplayTheSpireMod:Repulse+1","Steam Power+1","ReplayTheSpireMod:Calculation Training+1","Replay:SS_forest_2+1","Scrape+1","Skim+1"],"relics":["Cracked Core","WingedGreaves","Membership Card","Quantum Egg","Frozen Egg 2","Toxic Egg 2","Molten Egg 2","Black Star","Mummified Hand","Lizard Tail","NlothsMask","Replay:Bottled Flurry","MealTicket","FossilizedHelix","hubris:Potato","potionbrewer:AlchemistFlask","Membership Card","infinitespire:Lucky Rock","CatCart","infinitespire:Beetle Shell","Replay:Wax Seal","Chameleon Ring","Mango","Replay:Mystery Machine","HandDrill","potionbrewer:Torch","conspire:BottledYoYo","Cables","Golden Egg"],"acts_visited":["Exordium","TheCity","TheBeyond","TheEnding"],"potions_floor_usage":[16,16,16,39,56,56,56],"damage_taken":[{"damage":0,"enemies":"conspire:RoseBush","floor":1,"turns":2},{"damage":0,"enemies":"2 Louse","floor":5,"turns":2},{"damage":0,"enemies":"Cultist","floor":6,"turns":3},{"damage":8,"enemies":"HollowMod:MossKnight","floor":7,"turns":12},{"damage":13,"enemies":"conspire:2 RoseBushes","floor":8,"turns":4},{"damage":6,"enemies":"Large Slime","floor":9,"turns":5},{"damage":0,"enemies":"Large Slime","floor":10,"turns":4},{"damage":0,"enemies":"Blue Slaver","floor":13,"turns":3},{"damage":3,"enemies":"3 Sentries","floor":14,"turns":5},{"damage":15,"enemies":"The Guardian","floor":16,"turns":7},{"damage":0,"enemies":"Spheric Guardian","floor":18,"turns":3},{"damage":5,"enemies":"conspire:HollyBat","floor":19,"turns":7},{"damage":22,"enemies":"Snake Plant","floor":21,"turns":4},{"damage":0,"enemies":"Centurion and Healer","floor":22,"turns":3},{"damage":5,"enemies":"conspire:HollyBat","floor":24,"turns":6},{"damage":0,"enemies":"Snecko","floor":30,"turns":4},{"damage":0,"enemies":"Cultist and Chosen","floor":31,"turns":5},{"damage":18,"enemies":"hubris:MusketHawk","floor":33,"turns":6},{"damage":0,"enemies":"Orb Walker","floor":35,"turns":3},{"damage":43,"enemies":"Orin","floor":37,"turns":10},{"damage":27,"enemies":"3 Darklings","floor":38,"turns":5},{"damage":0,"enemies":"Transient","floor":39,"turns":5},{"damage":26,"enemies":"Spire Growth","floor":42,"turns":4},{"damage":28,"enemies":"Reptomancer","floor":46,"turns":6},{"damage":0,"enemies":"Sphere and 2 Shapes","floor":48,"turns":6},{"damage":39,"enemies":"Donu and Deca","floor":50,"turns":6},{"damage":15,"enemies":"Shield and Spear","floor":55,"turns":4},{"damage":4,"enemies":"The Heart","floor":56,"turns":6}],"seed_played":"-8129213232354969993","potions_obtained":[{"floor":1,"key":"Dexterity Potion"},{"floor":6,"key":"Adrenaline Potion"},{"floor":13,"key":"ColorlessPotion"},{"floor":21,"key":"hexamod:EctoCoolerPotion"},{"floor":24,"key":"ColorlessPotion"},{"floor":31,"key":"Adrenaline Potion"},{"floor":33,"key":"PowerPotion"},{"floor":37,"key":"FocusPotion"},{"floor":42,"key":"Energy Potion"}],"is_trial":false,"path_per_floor":["M","?","?","?","M","M","E","M","MIM","M","R","$","M","E","R","B",null,"M","M","?","M","M","R","M","?","T","$","?","R","M","M","R","B",null,"M","?","?","M","M","R","?","M","T","$","R","E","R","MIM","R","B",null,null,"R","$","E","B",null],"character_chosen":"DEFECT","items_purchased":["Gash+1","ReplayGash+1","Machine Learning+1","Steam+1","Conserve Battery+1","Membership Card","Gash+1","Blind+1","infinitespire:Lucky Rock","ReplayTheSpireMod:Calculation Training+1","Replay:SS_forest_2+1","HandDrill","potionbrewer:Torch","conspire:BottledYoYo","DistilledChaos"],"campfire_rested":6,"item_purchase_floors":[12,12,12,12,12,27,27,27,27,44,44,54,54,54,54],"current_hp_per_floor":[75,75,75,75,75,75,67,54,48,48,70,75,75,72,72,57,75,75,70,70,48,48,70,65,65,65,75,69,69,69,69,69,51,75,75,75,32,5,5,27,27,1,1,16,38,10,32,46,72,33,33,89,89,89,74,70],"gold":46,"neow_bonus":"RANDOM_EVENT","is_daily":false,"chose_seed":false,"campfire_upgraded":3,"win_rate":0.0,"timestamp":1610603766,"path_taken":["M","?","?","?","M","M","E","M","MIM","M","R","?","M","E","R","BOSS","M","M","?","M","?","R","M","?","T","$","?","R","?","M","R","BOSS","M","?","?","M","M","R","?","?","T","?","R","E","R","?","R","BOSS","R","$","E","BOSS"],"items_purchased_type":["Card","Card","Card","Card","Card","Relic","Card","Card","Relic","Card","Card","Relic","Relic","Relic","Potion"],"build_version":"2020-12-22","purchased_purges":0,"victory":true,"max_hp_per_floor":[75,75,75,75,75,75,75,75,75,75,75,75,75,75,75,75,75,75,75,75,75,75,75,75,75,75,75,75,75,75,75,75,75,75,75,75,75,75,75,75,75,75,75,75,75,75,75,89,89,89,89,89,89,89,89,89],"card_choices":[{"not_picked":["Auto Shields+1","Fission+1"],"picked":"Go for the Eyes+1","floor":1},{"not_picked":["Barrage+1","ReplayTheSpireMod:Dual Polarity+1"],"picked":"Hologram+1","floor":5},{"not_picked":["Ball Lightning+1","hubris:Ukulele+1"],"picked":"Beam Cell+1","floor":6},{"not_picked":["Darkness+1","hubris:DoWhile+1"],"picked":"Gash+1","floor":7},{"not_picked":["Hologram+1","Turbo+1"],"picked":"ReplayTheSpireMod:System Scan+1","floor":8},{"not_picked":["Fusion+1","Tempest+1","Panic Button+1"],"picked":"SKIP","floor":10},{"not_picked":["Panic Button+1","Steam+1","hubris:PowerSurge+1"],"picked":"SKIP","floor":13},{"not_picked":["Self Repair+1","Mirror Shield+1","Ball Lightning+1"],"picked":"SKIP","floor":14},{"not_picked":["Meteor Strike+1","ReplayTheSpireMod:Fabricate Wheel+1"],"picked":"Electrodynamics+1","floor":16},{"not_picked":["Chaos+1","Double Energy+1","Heatsinks+1"],"picked":"SKIP","floor":18},{"not_picked":["ReplayTheSpireMod:System Scan+1","Consume+1","Rebound+1"],"picked":"SKIP","floor":19},{"not_picked":["Turbo+1","ReplayTheSpireMod:Dual Polarity+1"],"picked":"Conserve Battery+1","floor":21},{"not_picked":["Leap+1","conspire:Rain+1"],"picked":"Streamline+1","floor":22},{"not_picked":["BasicCrystalCard+1","Conserve Battery+1"],"picked":"Gash+1","floor":24},{"not_picked":["Rip and Tear+1","Redo+1"],"picked":"Scrape+1","floor":30},{"not_picked":["Ball Lightning+1","Loop+1"],"picked":"Steam Power+1","floor":31},{"not_picked":["Mirror Shield+1","Biased Cognition+1"],"picked":"Echo Form+1","floor":33},{"not_picked":["Hologram+1","hubris:PowerSurge+1","Fusion+1"],"picked":"SKIP","floor":35},{"not_picked":["Beam Cell+1","Double Energy+1"],"picked":"Turbo+1","floor":38},{"not_picked":["Compile Driver+1","hubris:Prefetch+1"],"picked":"ReplayTheSpireMod:Repulse+1","floor":39},{"not_picked":["Barrage+1","Cold Snap+1"],"picked":"Steam Power+1","floor":42},{"not_picked":["Ball Lightning+1","Storm+1"],"picked":"Scrape+1","floor":46},{"not_picked":["Auto Shields+1","Hologram+1"],"picked":"Skim+1","floor":48},{"not_picked":["Aggregate+1","Chaos+1","FTL+1"],"picked":"SKIP","floor":55}],"player_experience":791459,"relics_obtained":[{"floor":7,"key":"Replay:Bottled Flurry"},{"floor":7,"key":"MealTicket"},{"floor":9,"key":"FossilizedHelix"},{"floor":14,"key":"hubris:Potato"},{"floor":14,"key":"potionbrewer:AlchemistFlask"},{"floor":37,"key":"CatCart"},{"floor":43,"key":"infinitespire:Beetle Shell"},{"floor":46,"key":"Replay:Wax Seal"},{"floor":46,"key":"Chameleon Ring"},{"floor":48,"key":"Mango"},{"floor":48,"key":"Replay:Mystery Machine"},{"floor":55,"key":"Cables"},{"floor":55,"key":"Golden Egg"}],"event_choices":[{"damage_healed":0,"gold_gain":0,"player_choice":"Grow","damage_taken":0,"max_hp_gain":0,"max_hp_loss":0,"event_name":"Living Wall","floor":0,"gold_loss":0,"cards_upgraded":["Zap"]},{"damage_healed":0,"gold_gain":0,"player_choice":"Leave","damage_taken":0,"max_hp_gain":0,"max_hp_loss":0,"event_name":"The Cleric","floor":3,"gold_loss":0},{"damage_healed":0,"gold_gain":0,"player_choice":"Trade","damage_taken":0,"relics_obtained":["NlothsMask"],"max_hp_gain":0,"max_hp_loss":0,"event_name":"FaceTrader","floor":4,"gold_loss":0},{"damage_healed":0,"gold_gain":0,"player_choice":"Ignored","damage_taken":0,"max_hp_gain":0,"max_hp_loss":0,"event_name":"Purifier","floor":20,"gold_loss":0},{"damage_healed":0,"gold_gain":0,"player_choice":"Ignored","damage_taken":0,"max_hp_gain":0,"max_hp_loss":0,"event_name":"Ghosts","floor":25,"gold_loss":0},{"damage_healed":0,"gold_gain":0,"player_choice":"","damage_taken":6,"max_hp_gain":0,"max_hp_loss":0,"event_name":"Knowing Skull","floor":28,"potions_obtained":[],"gold_loss":0,"cards_obtained":[]},{"damage_healed":0,"gold_gain":0,"player_choice":"Fight","damage_taken":0,"max_hp_gain":0,"max_hp_loss":0,"event_name":"OrinTheCat","floor":37,"gold_loss":0},{"damage_healed":0,"gold_gain":0,"player_choice":"Ignored","damage_taken":0,"max_hp_gain":0,"max_hp_loss":0,"event_name":"Transmorgrifier","floor":41,"gold_loss":0}],"is_beta":false,"boss_relics":[{"not_picked":["Runesmith:UraniumAnvil","ReplayTheSpireMod:SealedPack","halation:PinkAlligatorPlush"]},{"not_picked":["conspire:SlowCooker","Replay:Fungal Core","Sozu"]}],"items_purged_floors":[],"is_endless":false,"potions_floor_spawned":[1,6,13,21,24,31,33,37,38,42,46],"ascension_level":0}}