{"host":"8anlmvy5ylhozj27","time":1610664361,"event":{"mods":["2.2 Compatiblity","Act Like it!","Aspiration","BaseMod","Best Route Mod","Better Match","Better Note","Better Sensory Stone","Better Skull","Better Third Choice","BetterRewards","Block Reminder","Colored Map","Colored Powertips","Conspire","Curses Come First","Duelist Mod","Energized Spire","GifTheSpireLib","Gold Saver","Halation","Hermit","Highlight Path","Hubris","Infinite Spire","Ironclad Rager","Minty Spire (QoL Compilation)","Permanent Neow","Quick Restart","Rare Cards Sparkle","Replay The Spire","Robot Space Explorer","Spicy Shops","StSLib","Stuff the Spire","The Bladedancer","The Blue Laboratory","The Disciple","The Exalted","The Necromancer","The Sage","Transform Curses","Wandering Minibosses","vexMod"],"gold_per_floor":[1471,1471,706,717,729,729,748,748,748,748,748,761,773,805,805,805,805],"floor_reached":16,"language":"FRA","playtime":581,"items_purged":["Defend_R"],"score":102,"play_id":"079286fc-f482-4db0-a460-3f17c12b191e","local_time":"20210114234601","is_ascension_mode":false,"campfire_choices":[{"data":"ReplayUltimateDefense","floor":6,"key":"SMITH"},{"data":"Iron Wave","floor":8,"key":"SMITH"},{"data":"Perfected Strike","floor":10,"key":"SMITH"},{"data":"Offering","floor":15,"key":"SMITH"}],"circlet_count":0,"master_deck":["Strike_R","Strike_R","Strike_R","Strike_R","Defend_R","Defend_R","Defend_R","Bash","Perfected Strike+1","ReplayUltimateDefense+1","Shrug It Off","Havoc","Iron Wave+1","Offering+1","Shrug It Off","Body Slam","Shrug It Off"],"relics":["Burning Blood","HandDrill","hubris:TenFootPole","Bag of Preparation","Letter Opener","hubris:BundleOfHerbs"],"acts_visited":["Exordium"],"potions_floor_usage":[],"damage_taken":[{"damage":9,"enemies":"2 Louse","floor":1,"turns":3},{"damage":4,"enemies":"Small Slimes","floor":4,"turns":4},{"damage":6,"enemies":"Jaw Worm","floor":5,"turns":2},{"damage":10,"enemies":"Lots of Slimes","floor":7,"turns":6},{"damage":6,"enemies":"Exordium Thugs","floor":12,"turns":4},{"damage":6,"enemies":"2 Fungi Beasts","floor":13,"turns":3},{"damage":23,"enemies":"Gremlin Nob","floor":14,"turns":4},{"damage":61,"enemies":"Slime Boss","floor":16,"turns":13}],"seed_played":"-1719405796831052492","potions_obtained":[{"floor":5,"key":"blueLaboratory:HorrorPotion"},{"floor":7,"key":"BlessingOfTheForge"},{"floor":14,"key":"Doom Potion"}],"is_trial":true,"path_per_floor":["M","?","$","M","M","R","M","R","T","R","WH","M","M","E","R","B"],"character_chosen":"IRONCLAD","items_purchased":["Perfected Strike","HandDrill","hubris:TenFootPole","Bag of Preparation","ReplayUltimateDefense"],"campfire_rested":0,"item_purchase_floors":[3,3,3,3,3],"current_hp_per_floor":[77,77,77,79,79,79,75,75,75,75,72,72,72,55,55,0,0],"gold":805,"neow_bonus":"THREE_RARE_CARDS","is_daily":false,"chose_seed":false,"campfire_upgraded":4,"win_rate":0.0,"timestamp":1610664361,"path_taken":["M","?","$","M","M","R","M","R","T","R","WH","M","M","E","R","BOSS"],"items_purchased_type":["Card","Relic","Relic","Relic","Card"],"build_version":"2020-12-22","purchased_purges":1,"victory":false,"max_hp_per_floor":[80,80,80,80,80,80,80,80,80,80,72,72,72,72,72,72,72],"card_choices":[{"not_picked":["ReplayTheSpireMod:LeadingStrike","Armaments","StuffTheSpire:Pyroclast"],"picked":"SKIP","floor":1},{"not_picked":["Body Slam","ReplayTheSpireMod:Strike From Hell"],"picked":"Shrug It Off","floor":4},{"not_picked":["Dropkick","Second Wind"],"picked":"Havoc","floor":5},{"not_picked":["Dropkick","Evolve"],"picked":"Iron Wave","floor":7},{"not_picked":["conspire:HitWhereItHurts","Bludgeon"],"picked":"Offering","floor":11},{"not_picked":["Replay:Undeath\u0027s Touch","Anger"],"picked":"Shrug It Off","floor":12},{"not_picked":["Warcry","Replay:Undeath\u0027s Touch"],"picked":"Body Slam","floor":13},{"not_picked":["Juggernaut","Uppercut"],"picked":"Shrug It Off","floor":14}],"player_experience":170818,"relics_obtained":[{"floor":9,"key":"Letter Opener"},{"floor":14,"key":"hubris:BundleOfHerbs"}],"event_choices":[],"is_beta":false,"boss_relics":[],"items_purged_floors":[3],"is_endless":false,"potions_floor_spawned":[5,7,14],"killed_by":"Slime Boss","ascension_level":0}}