{"host":"2nhpogk5xa0u9xre","time":1610665499,"event":{"mods":["Aspiration","BaseMod","Colored Powertips","Googly Eyes","Hubris","Infinite Spire","Minty Spire (QoL Compilation)","Rare Cards Sparkle","Replay The Spire","StSLib","The Construct","The Hayseed","The Hierophant","The Runesmith","The Senshi","everything is the same but u backflip on backflip"],"gold_per_floor":[109,284,298,60,60,90,115,203,227,28,28,54,54,78,78,201,201,223,257,347,347,347,390,390,451,499,499,499,191,191,223,223,333,333,369,407,317,515,546,546,578,578,601,601,640,705,744,775,775,904,954,969,969,969,969,1144,1204,1203,1203,1203,1203,732,623,736,736,736,762,762,777,715,738,731,735,735,739,754,754,754,768,787,843,840,840,947,997,1016,698,763,752,798,798,789,799,799,812,833,836,629,623,623,708,708,726,743,743,758,772,774,774,783,783,783,801,810,810,810,810,902,902,909,909,764,773,773,800,800,800,849,862,880,880,880,894,894,982,982,1002,1002,1055,844,860,860,860,860,860,895,853,876,915,914,914,908,1008,1008,932,960,1012],"floor_reached":158,"language":"ENG","playtime":6513,"items_purged":[],"score":4412,"play_id":"4a365b95-ca79-42da-91bb-87a532fc0ed8","local_time":"20210114180459","daily_mods":["SealedDeck"],"is_ascension_mode":false,"campfire_choices":[{"data":"Noxious Fumes","floor":15,"key":"SMITH"},{"data":"infinitespire:Neurotoxin","floor":28,"key":"SMITH"},{"data":"Pommel Strike","floor":30,"key":"SMITH"},{"data":"Flying Knee","floor":32,"key":"SMITH"},{"data":"Brutality","floor":40,"key":"SMITH"},{"data":"Genetic Algorithm","floor":42,"key":"SMITH"},{"data":"construct:FlameCore","floor":44,"key":"SMITH"},{"data":"Cloak And Dagger","floor":49,"key":"SMITH"},{"data":"Noxious Fumes","floor":61,"key":"SMITH"},{"data":"Sadistic Nature","floor":66,"key":"SMITH"},{"data":"theSenshi:MoonlightKnight","floor":74,"key":"SMITH"},{"data":"construct:BatteryAcid","floor":78,"key":"SMITH"},{"data":"ReplayUltimateDefense","floor":83,"key":"SMITH"},{"data":"Specialist","floor":91,"key":"SMITH"},{"data":"Double Energy","floor":100,"key":"SMITH"},{"data":"construct:GuardCore","floor":109,"key":"SMITH"},{"data":"construct:HyperBeam","floor":112,"key":"SMITH"},{"data":"Alpha","floor":115,"key":"SMITH"},{"data":"construct:SyphonStrike","floor":117,"key":"SMITH"},{"data":"Stack","floor":126,"key":"SMITH"},{"data":"Poisoned Stab","floor":131,"key":"SMITH"},{"data":"Panache","floor":134,"key":"SMITH"},{"data":"Amplify","floor":142,"key":"SMITH"},{"data":"Panache","floor":144,"key":"SMITH"},{"data":"Panache","floor":151,"key":"SMITH"},{"data":"Burst","floor":154,"key":"SMITH"}],"circlet_count":0,"master_deck":["Deadly Poison+1","Dodge and Roll","Deflect","Backflip","Cloak And Dagger+1","Quick Slash+1","Noxious Fumes+1","Poisoned Stab+1","Poisoned Stab+1","Deadly Poison+1","Cloak And Dagger","Doubt","Bane","Bane","Catalyst+1","Infinite Blades+1","Bane+1","Cloak And Dagger","infinitespire:Neurotoxin+1","Flying Knee+1","Catalyst","Dodge and Roll+1","Cloak And Dagger+1","Pommel Strike+1","Sucker Punch+1","Brutality+1","AbeCurse","infinitespire:OneForAll+1","construct:FlameCore+1","infinitespire:Fortify","Deflect+1","Genetic Algorithm+1","Runesmith:HammerThrow+1","Havoc+1","Cloak And Dagger+1","ReplayTheSpireMod:Stacked","construct:GoldenBullet","Doubt","Noxious Fumes+1","construct:SyphonStrike+1","Sadistic Nature+1","Deadly Poison","Accuracy+1","infinitespire:Gouge+1","SpiritShield","ReplayTheSpireMod:Necrosis+1","Runesmith:Permafrost+1","theSenshi:MoonlightKnight+1","Double Energy+1","Blade Dance+1","construct:BatteryAcid+1","ReplayTheSpireMod:Corrosion Curse","Evolve+1","ReplayUltimateDefense+1","construct:HyperBeam+1","infinitespire:SevenWalls","Panache+1","Dark Shackles","Specialist+1","hubris:EnhanceAbility","Blur","After Image+1","Flying Knee+1","Alpha+1","construct:GuardCore+1","Flash of Steel+1","Poisoned Stab+1","Stack+1","infinitespire:Neurotoxin+1","Dramatic Entrance+1","Amplify+1","Panache+1","Panache+1","Flash of Steel+1","Parasite","Burst+1"],"relics":["Ring of the Snake","Eternal Feather","Ring of Misfortune","Matryoshka","Juzu Bracelet","Replay:Bandana","hubris:MobiusCoin","Toy Ornithopter","Potion Belt","Boot","Smiling Mask","SlaversCollar","hubris:Towel","Replay:Rubber Ducky","aspiration:Lifesprig","PrismaticShard","aspiration:HummingbirdHeart","hubris:AncientText","hubris:BundleOfHerbs","infinitespire:FocusingShard","Abe\u0027s Treasure","Basket Of Snakes","Pen Nib","Question Card","aspiration:RunicSpoon","hubris:FunFungus","infinitespire:CheckeredPen","Membership Card","MealTicket","Snake Skull","infinitespire:Broken Mirror","aspiration:MobileForge","aspiration:StickyExplosives_weak","aspiration:SecretTechniqueScroll","Letter Opener","infinitespire:EmpoweringShard","ReplayTheSpireMod:ShopPack","Mango","Singing Bowl","Ornamental Fan","Garlic","Molten Egg 2","hubris:ScarierMask","Replay:Baseball","Vajra","Black Star","Nunchaku","Peace Pipe","Happy Flower","hubris:ToyBattleship","theSenshi:SpiralHeartMoonRodRelic","Blue Doll","Ginger","Replay:Wax Seal","Replay:Bottled Eggs","Ninja Scroll","Runesmith:AutoHammer","Lizard Tail","infinitespire:Lucky Rock","infinitespire:ShieldingShard","Snack Pack","Replay:Wanted Poster","TheAbacus","Tiny Chest","Whetstone"],"acts_visited":["Exordium","TheCity","TheBeyond","Exordium","TheCity","TheBeyond","Exordium","TheCity","TheBeyond","TheEnding"],"potions_floor_usage":[16,19,20,25,36,46,46,47,50,50,73,73,84,84,95,97,99,152,152,152,157],"damage_taken":[{"damage":0,"enemies":"Small Slimes","floor":1,"turns":3},{"damage":5,"enemies":"Jaw Worm","floor":3,"turns":4},{"damage":3,"enemies":"Replay:BlueRogue","floor":6,"turns":4},{"damage":2,"enemies":"3 Sentries","floor":8,"turns":6},{"damage":7,"enemies":"2 Louse","floor":12,"turns":2},{"damage":0,"enemies":"Exordium Wildlife","floor":14,"turns":2},{"damage":26,"enemies":"Hexaghost","floor":16,"turns":6},{"damage":8,"enemies":"Shell Parasite","floor":18,"turns":4},{"damage":6,"enemies":"Chosen","floor":19,"turns":4},{"damage":18,"enemies":"3 Cultists","floor":20,"turns":5},{"damage":12,"enemies":"Book of Stabbing","floor":23,"turns":4},{"damage":2,"enemies":"Replay:Snechameleon","floor":25,"turns":3},{"damage":7,"enemies":"Centurion and Healer","floor":31,"turns":4},{"damage":0,"enemies":"Champ","floor":33,"turns":5},{"damage":10,"enemies":"3 Shapes","floor":35,"turns":4},{"damage":0,"enemies":"3 Darklings","floor":36,"turns":5},{"damage":29,"enemies":"infinitespire:Three Voidlings","floor":38,"turns":5},{"damage":31,"enemies":"Nightmare_Alpha","floor":38,"turns":7},{"damage":0,"enemies":"4 Shapes","floor":39,"turns":5},{"damage":2,"enemies":"Transient","floor":41,"turns":5},{"damage":0,"enemies":"Jaw Worm Horde","floor":45,"turns":3},{"damage":1,"enemies":"Reptomancer","floor":46,"turns":4},{"damage":4,"enemies":"3 Darklings","floor":47,"turns":4},{"damage":0,"enemies":"4 Shapes","floor":48,"turns":4},{"damage":28,"enemies":"Awakened One","floor":50,"turns":8},{"damage":0,"enemies":"Jaw Worm","floor":52,"turns":2},{"damage":1,"enemies":"3 Sentries","floor":57,"turns":4},{"damage":0,"enemies":"Small Slimes","floor":58,"turns":2},{"damage":1,"enemies":"Cultist","floor":64,"turns":2},{"damage":0,"enemies":"Fading Forest","floor":67,"turns":8},{"damage":0,"enemies":"Chosen","floor":69,"turns":2},{"damage":3,"enemies":"2 Thieves","floor":71,"turns":2},{"damage":1,"enemies":"Sentry and Sphere","floor":72,"turns":3},{"damage":10,"enemies":"Centurion and Healer","floor":73,"turns":2},{"damage":1,"enemies":"Cultist and Chosen","floor":75,"turns":3},{"damage":4,"enemies":"Snake Plant","floor":76,"turns":2},{"damage":1,"enemies":"Centurion and Healer","floor":79,"turns":2},{"damage":2,"enemies":"Sentry and Sphere","floor":80,"turns":3},{"damage":0,"enemies":"3 Cultists","floor":81,"turns":3},{"damage":0,"enemies":"Snake Plant","floor":82,"turns":3},{"damage":11,"enemies":"Champ","floor":84,"turns":4},{"damage":0,"enemies":"Orb Walker","floor":86,"turns":1},{"damage":1,"enemies":"3 Darklings","floor":88,"turns":2},{"damage":12,"enemies":"Jaw Worm Horde","floor":89,"turns":2},{"damage":1,"enemies":"Mind Bloom Boss Battle","floor":90,"turns":2},{"damage":1,"enemies":"Transient","floor":92,"turns":5},{"damage":3,"enemies":"Nightmare","floor":93,"turns":4},{"damage":3,"enemies":"Spire Growth","floor":95,"turns":4},{"damage":1,"enemies":"R_Hoarder","floor":96,"turns":3},{"damage":3,"enemies":"4 Shapes","floor":97,"turns":3},{"damage":1,"enemies":"3 Darklings","floor":99,"turns":3},{"damage":2,"enemies":"Donu and Deca","floor":101,"turns":5},{"damage":0,"enemies":"2 Louse","floor":103,"turns":1},{"damage":0,"enemies":"Jaw Worm","floor":104,"turns":1},{"damage":0,"enemies":"Cultist","floor":106,"turns":2},{"damage":1,"enemies":"Looter","floor":107,"turns":2},{"damage":1,"enemies":"Lagavulin","floor":108,"turns":2},{"damage":0,"enemies":"Lots of Slimes","floor":110,"turns":1},{"damage":0,"enemies":"2 Fungi Beasts","floor":113,"turns":1},{"damage":1,"enemies":"Large Slime","floor":114,"turns":3},{"damage":0,"enemies":"The Guardian","floor":118,"turns":1},{"damage":1,"enemies":"2 Thieves","floor":120,"turns":2},{"damage":1,"enemies":"Chosen","floor":123,"turns":2},{"damage":1,"enemies":"Centurion and Healer","floor":124,"turns":2},{"damage":1,"enemies":"Book of Stabbing","floor":125,"turns":2},{"damage":3,"enemies":"Slavers","floor":129,"turns":2},{"damage":1,"enemies":"Snecko","floor":130,"turns":2},{"damage":0,"enemies":"Snake Plant","floor":133,"turns":2},{"damage":2,"enemies":"Champ","floor":135,"turns":3},{"damage":1,"enemies":"3 Darklings","floor":137,"turns":2},{"damage":0,"enemies":"2 Orb Walkers","floor":139,"turns":1},{"damage":1,"enemies":"3 Shapes","floor":141,"turns":2},{"damage":0,"enemies":"Reptomancer","floor":146,"turns":2},{"damage":0,"enemies":"Jaw Worm Horde","floor":148,"turns":1},{"damage":1,"enemies":"R_Hoarder","floor":149,"turns":2},{"damage":0,"enemies":"Writhing Mass","floor":150,"turns":2},{"damage":92,"enemies":"infinitespire:LordOfFortification","floor":152,"turns":11},{"damage":0,"enemies":"Shield and Spear","floor":156,"turns":2},{"damage":97,"enemies":"The Heart","floor":157,"turns":6}],"seed_played":"3048000418722509694","potions_obtained":[{"floor":1,"key":"SkillPotion"},{"floor":14,"key":"LiquidMemories"},{"floor":18,"key":"Weak Potion"},{"floor":19,"key":"GamblersBrew"},{"floor":33,"key":"Block Potion"},{"floor":38,"key":"SkillPotion"},{"floor":39,"key":"Strength Potion"},{"floor":46,"key":"LiquidMemories"},{"floor":47,"key":"ColorlessPotion"},{"floor":48,"key":"SkillPotion"},{"floor":50,"key":"SteroidPotion"},{"floor":64,"key":"Death Potion"},{"floor":67,"key":"Regen Potion"},{"floor":69,"key":"BlessingOfTheForge"},{"floor":72,"key":"SkillPotion"},{"floor":73,"key":"Regen Potion"},{"floor":76,"key":"EssenceOfSteel"},{"floor":89,"key":"Regen Potion"},{"floor":93,"key":"Milkshake"},{"floor":95,"key":"Weak Potion"},{"floor":101,"key":"LifebloodPotion"},{"floor":103,"key":"Fire Potion"},{"floor":104,"key":"Regen Potion"},{"floor":110,"key":"CunningPotion"},{"floor":148,"key":"CunningPotion"}],"is_trial":true,"path_per_floor":["M","?","M","$","?","E","T","E","T","$","T","M","$","M","R","B",null,"M","M","M","?","?","E","?","E","T","T","R","$","R","M","R","B",null,"M","M","?","?","M","R","M","R","T","R","M","E","M","M","R","B",null,"M","?","?","?","?","E","M","?","T","R","$","$","M","AVR","R","B",null,"M","$","M","M","M","R","M","M","T","R","M","M","M","M","R","B",null,"M","$","M","M","?","R","M","NM","T","M","E","M","$","M","R","B",null,"M","M","$","M","M","E","R","M","T","R","M","M","R","?","R","B",null,"M","?","$","M","M","E","R","?","T","E","M","R","?","M","R","B",null,"M","?","?","$","M","R","AVR","R","T","E","$","M","E","M","R","B",null,"R","$","E","B",null],"character_chosen":"THE_SILENT","items_purchased":["Eternal Feather","Infinite Blades+1","Boot","infinitespire:FocusingShard","Sucker Punch","Sadistic Nature","Deadly Poison","Membership Card","MealTicket","Accuracy","Snake Skull","ReplayTheSpireMod:Necrosis+1","Letter Opener","infinitespire:EmpoweringShard","ReplayTheSpireMod:ShopPack","After Image+1","Molten Egg 2","Flying Knee+1","Flash of Steel+1","Nunchaku","Poisoned Stab+1","Panache","Replay:Wax Seal","Replay:Bottled Eggs","Flash of Steel+1","TheAbacus"],"campfire_rested":0,"item_purchase_floors":[4,10,10,29,29,62,62,62,62,63,63,70,87,87,87,98,98,98,122,122,122,140,140,140,147,155],"current_hp_per_floor":[70,70,65,65,65,62,62,60,60,60,60,53,53,53,62,41,70,62,61,48,48,48,36,28,31,31,31,46,46,61,54,69,69,70,60,65,65,27,27,45,43,61,61,70,70,69,67,67,70,42,70,70,56,56,56,56,55,55,55,55,70,70,70,69,69,70,70,70,70,70,67,66,66,70,69,65,65,70,69,67,70,70,70,62,70,70,70,69,57,70,84,83,85,85,86,89,92,92,94,94,92,94,96,96,96,98,99,101,102,104,104,104,106,107,108,86,108,110,110,111,111,112,113,112,113,116,116,116,113,116,118,118,120,120,120,120,122,122,124,124,126,126,126,126,126,128,128,130,132,134,134,105,134,134,134,136,63],"gold":1012,"neow_bonus":"","is_daily":false,"chose_seed":false,"campfire_upgraded":26,"win_rate":0.0,"timestamp":1610665499,"path_taken":["M","?","M","$","?","E","?","E","T","?","?","M","$","M","R","BOSS","M","M","M","?","?","E","?","E","T","?","R","$","R","M","R","BOSS","M","M","?","?","M","R","M","R","T","R","M","E","M","M","R","BOSS","M","?","?","?","?","E","M","?","T","R","?","$","M","AVR","R","BOSS","M","$","M","M","M","R","M","M","T","R","M","M","M","M","R","BOSS","M","$","M","M","?","R","M","NM","T","M","E","M","$","M","R","BOSS","M","M","$","M","M","E","R","M","T","R","M","M","R","?","R","BOSS","M","?","$","M","M","E","R","?","T","E","M","R","?","M","R","BOSS","M","?","?","?","M","R","AVR","R","T","E","$","M","E","M","R","BOSS","R","$","E","BOSS"],"items_purchased_type":["Relic","Card","Relic","Relic","Card","Card","Card","Relic","Relic","Card","Relic","Card","Relic","Relic","Relic","Card","Relic","Card","Card","Relic","Card","Card","Relic","Relic","Card","Relic"],"build_version":"2020-12-22","purchased_purges":0,"victory":true,"max_hp_per_floor":[70,70,70,70,70,70,70,70,70,70,70,70,70,70,70,70,70,70,70,70,70,70,70,70,70,70,70,70,70,70,70,70,70,70,70,70,70,70,70,70,70,70,70,70,70,70,70,70,70,70,70,70,70,70,70,70,70,70,70,70,70,70,70,70,70,70,70,70,70,70,70,70,70,70,70,70,70,70,70,70,70,70,70,70,70,70,70,70,70,84,84,84,86,86,88,90,92,92,94,94,94,94,96,96,96,98,100,102,102,104,104,104,106,108,108,108,108,110,110,112,112,112,114,114,116,116,116,116,116,118,118,118,120,120,120,120,122,122,124,124,126,126,126,126,126,128,128,130,132,134,134,134,134,134,134,136,138],"card_choices":[{"not_picked":["Masterful Stab","Finisher"],"picked":"Cloak And Dagger","floor":1},{"not_picked":["Quick Slash","hubris:Counter"],"picked":"Bane","floor":3},{"not_picked":["PiercingWail","Quick Slash"],"picked":"Bane","floor":6},{"not_picked":["ReplayTheSpireMod:Speed Training","hubris:Sniper"],"picked":"Catalyst","floor":8},{"not_picked":["Slice","Tools of the Trade"],"picked":"Bane","floor":12},{"not_picked":["Replay:Poison Smokescreen","Blade Dance"],"picked":"Cloak And Dagger","floor":14},{"not_picked":["After Image","ReplayTheSpireMod:From All Sides"],"picked":"infinitespire:Neurotoxin","floor":16},{"not_picked":["Hidden Blade","Bane"],"picked":"Flying Knee","floor":18},{"not_picked":["Hidden Blade","Flying Knee+1"],"picked":"Catalyst","floor":19},{"not_picked":["Outmaneuver","Tactician+1"],"picked":"Dodge and Roll+1","floor":20},{"not_picked":["Skewer","ReplayTheSpireMod:Scrap Shanks+1","Underhanded Strike+1"],"picked":"SKIP","floor":23},{"not_picked":["Poisoned Stab","Terror+1"],"picked":"Cloak And Dagger+1","floor":24},{"not_picked":["ThirdEye","Runesmith:EarthShield+1"],"picked":"Pommel Strike","floor":25},{"not_picked":["hubris:DoWhile","Runesmith:MakeshiftArmor","construct:UnbalancingBlast"],"picked":"SKIP","floor":31},{"not_picked":["Midas Touch","Berserk"],"picked":"Brutality","floor":33},{"not_picked":["construct:ScrapCannon+1","theSenshi:SailorPlanetAttack"],"picked":"infinitespire:OneForAll+1","floor":35},{"not_picked":["hierophant:RustyCrate+1","construct:FierceBash+1"],"picked":"construct:FlameCore","floor":36},{"not_picked":["infinitespire:Menacing","infinitespire:FinalStrike"],"picked":"infinitespire:Fortify","floor":38},{"not_picked":["Compile Driver+1","Runesmith:WhiteBalance+1"],"picked":"Deflect+1","floor":39},{"not_picked":["theSenshi:LunasBite","construct:VentSteam+1"],"picked":"Genetic Algorithm","floor":41},{"not_picked":["TheSimpletonMod:CullingStrike+1","Cold Snap"],"picked":"Runesmith:HammerThrow+1","floor":45},{"not_picked":["theSenshi:PlutosSolemnity+1","Replay:DivineShield+1"],"picked":"Havoc+1","floor":46},{"not_picked":["hubris:Sniper+1","construct:SaveState+1","Calculated Gamble"],"picked":"Cloak And Dagger+1","floor":47},{"not_picked":["construct:Dampening","Iron Wave","Runesmith:Repurpose"],"picked":"ReplayTheSpireMod:Stacked","floor":48},{"not_picked":["TheSimpletonMod:Biorefinement","Burst","Doppelganger"],"picked":"construct:GoldenBullet","floor":50},{"not_picked":["Runesmith:EarthShield","Eviscerate","Auto Shields","TheSimpletonMod:Thresh"],"picked":"SKIP","floor":52},{"not_picked":["Undo","TheSimpletonMod:RootDown","TheSimpletonMod:GoToMarket"],"picked":"Noxious Fumes","floor":57},{"not_picked":["theSenshi:MoonPrincessHalation","Runesmith:PerfectChisel","TheSimpletonMod:Potatoes"],"picked":"construct:SyphonStrike","floor":58},{"not_picked":["Gash","construct:BatteryAcid","Crystallizer","Acrobatics"],"picked":"SKIP","floor":64},{"not_picked":["Gash","construct:BatteryAcid","Crystallizer","Acrobatics"],"picked":"SKIP","floor":64},{"not_picked":["TheSimpletonMod:CropDiversity","Bullet Time","construct:Reserves"],"picked":"SpiritShield","floor":67},{"not_picked":["hubris:ReadiedAction","hubris:SharpeningStone","ReplayReversal","Underhanded Strike+1"],"picked":"SKIP","floor":69},{"not_picked":["hierophant:Smite","Run Through","hierophant:DeathKnell"],"picked":"Runesmith:Permafrost+1","floor":71},{"not_picked":["Runesmith:HeatExchange","Feed","FlyingSleeves"],"picked":"theSenshi:MoonlightKnight","floor":72},{"not_picked":["Flying Knee","hierophant:Determination","Replay:BluntJabs+1"],"picked":"Double Energy","floor":73},{"not_picked":["Hologram+1","hierophant:Remorse+1","Runesmith:EarthShield"],"picked":"Blade Dance+1","floor":75},{"not_picked":["theSenshi:SteeledNerves+1","Impatience","TheSimpletonMod:Barnstorm"],"picked":"construct:BatteryAcid","floor":76},{"not_picked":["EmptyBody","Secret Weapon","Runesmith:HeatExchange"],"picked":"ReplayTheSpireMod:Corrosion Curse","floor":79},{"not_picked":["Discovery","construct:Analyze+1","Aggregate"],"picked":"Evolve+1","floor":80},{"not_picked":["theSenshi:SchoolBag","TheSimpletonMod:SlashAndBurn","Runesmith:EnergizedChisel","Gash"],"picked":"SKIP","floor":81},{"not_picked":["Panacea","CrushJoints","TheSimpletonMod:SaladShooter"],"picked":"ReplayUltimateDefense","floor":82},{"not_picked":["Runesmith:MetallurgicalResearch","Fiend Fire","Hyperbeam"],"picked":"construct:HyperBeam","floor":84},{"not_picked":["infinitespire:SealOfDarkness+","hubris:Fate"],"picked":"infinitespire:SevenWalls","floor":85},{"not_picked":["TheSimpletonMod:BumperCrop+1","Runesmith:ShiftingStrike+1","theSenshi:YouCanTalk","ThirdEye+1"],"picked":"SKIP","floor":86},{"not_picked":["hubris:EnhanceAbility","Transmutation","HandOfGreed"],"picked":"Panache","floor":87},{"not_picked":["HandOfGreed","Replay:Dark Deal","Jack Of All Trades"],"picked":"Dark Shackles","floor":87},{"not_picked":["Forethought","ReplayTheSpireMod:Necrogeddon","Replay:Sssssssssshield"],"picked":"Specialist","floor":87},{"not_picked":["construct:Analyze+1","construct:HeavyBolt+1","Replay:Undeath\u0027s Touch"],"picked":"hubris:EnhanceAbility","floor":88},{"not_picked":["hierophant:HammerAndAnvil","hierophant:Refuge+1","theSenshi:TallSilhouette+1","Consume+1"],"picked":"SKIP","floor":89},{"not_picked":["Replay:Hum+1","theSenshi:TallSilhouette+1","TheSimpletonMod:BumperCrop"],"picked":"Blur","floor":90},{"not_picked":["Runesmith:Empowerment","TheSimpletonMod:OnionBloom","Mirror Shield","Runesmith:CraftMagma"],"picked":"SKIP","floor":92},{"not_picked":["Flame Barrier","TheSimpletonMod:PestManagement","Protect+1","hierophant:Dazzle+1"],"picked":"Singing Bowl","floor":93},{"not_picked":["Redo+1","construct:ShiftStrike+1","Doppelganger","hierophant:Zeal"],"picked":"Singing Bowl","floor":95},{"not_picked":["theSenshi:MoonPower","hierophant:HolyVerse+1","ReplayTheSpireMod:Shiv Toss","Runesmith:ChaoticBlast+1"],"picked":"Singing Bowl","floor":96},{"not_picked":["theSenshi:MoonPunch+1","ReplayTheSpireMod:Scrap Shanks+1","Outmaneuver+1","construct:Accumulate"],"picked":"Singing Bowl","floor":97},{"not_picked":["construct:Overcharge","Turbo","theSenshi:SailorVenusAssists+1","hubris:Counter+1"],"picked":"Singing Bowl","floor":99},{"not_picked":["TheSimpletonMod:TakeHeart","construct:SiegeForm","Venomology"],"picked":"Alpha","floor":101},{"not_picked":["Turbo","theSenshi:Sidestep","TalkToTheHand+1","Havoc"],"picked":"Singing Bowl","floor":103},{"not_picked":["construct:FierceBash+1","theSenshi:SailorVenusAssists+1","hierophant:DisplayOfPower+1"],"picked":"construct:GuardCore","floor":104},{"not_picked":["hierophant:RepressedViolence+1","theSenshi:MoonTiaraMagic+1","TheSimpletonMod:HitTheSack+1","construct:ShiftStrike+1"],"picked":"Singing Bowl","floor":106},{"not_picked":["Iron Wave+1","hierophant:Sermon","TheSimpletonMod:Artichokes","theSenshi:SailorChibiMoonAssists+1"],"picked":"Singing Bowl","floor":107},{"not_picked":["Runesmith:Firestorm","Pray","Dagger Throw+1","Runesmith:ShiftingStrike+1"],"picked":"Singing Bowl","floor":108},{"not_picked":["Wallop+1","Life Link","construct:ScrapCannon+1","Finisher+1"],"picked":"Singing Bowl","floor":110},{"not_picked":["TheSimpletonMod:ToughenUp","theSenshi:TuxedoSmokingBomber+1","theSenshi:SailorPlanetPower+1","ReplayTheSpireMod:From All Sides+1"],"picked":"Singing Bowl","floor":113},{"not_picked":["Replay:Hum","construct:SuppressiveFire+1","construct:FocusedBeam+1","Sword Boomerang+1"],"picked":"Singing Bowl","floor":114},{"not_picked":["Glass Knife+1","Unload+1","theSenshi:SailorPlutoAssists+1","The Bomb"],"picked":"Singing Bowl","floor":118},{"not_picked":["TheSimpletonMod:Sunseed+1","CutThroughFate+1","theSenshi:TallSilhouette","Rebound+1"],"picked":"Singing Bowl","floor":120},{"not_picked":["Runesmith:ChiselStab+1","TheSimpletonMod:Turnips+1","Good Instincts+1","hierophant:SealAway+1"],"picked":"Singing Bowl","floor":123},{"not_picked":["hierophant:Sermon+1","Runesmith:Discharge+1","Bane+1"],"picked":"Stack","floor":124},{"not_picked":["JustLucky+1","construct:Hazardproof","construct:FierceBash+1","construct:MassProduction"],"picked":"Singing Bowl","floor":125},{"not_picked":["Footwork+1","EmptyFist+1","theSenshi:SailorVenusAssists+1"],"picked":"Dramatic Entrance+1","floor":129},{"not_picked":["Replay:AtTheReady","Runesmith:EnergizedChisel+1","TheSimpletonMod:GoToMarket","Halt"],"picked":"Singing Bowl","floor":130},{"not_picked":["JustLucky+1","Massacre+1","Runesmith:Permafrost","Runesmith:CraftProtectio"],"picked":"Singing Bowl","floor":133},{"not_picked":["theSenshi:InTheNameOfTheMoon","theSenshi:IWillPunishYou","HandOfGreed+1"],"picked":"Amplify","floor":135},{"not_picked":["Run Through+1","FollowUp+1","TheSimpletonMod:Swelter+1","Evolve"],"picked":"Singing Bowl","floor":137},{"not_picked":["theSenshi:YouCanTalk","hierophant:Sermon","Conserve Battery+1","JustLucky+1"],"picked":"Singing Bowl","floor":139},{"not_picked":["Coolheaded","SashWhip+1","TheSimpletonMod:PestManagement+1","hierophant:RepressedViolence+1"],"picked":"Singing Bowl","floor":141},{"not_picked":["Hologram","Streamline+1","BasicCrystalCard+1","Conclude+1"],"picked":"Singing Bowl","floor":146},{"not_picked":["TheSimpletonMod:PestManagement+1","WreathOfFlame","Runesmith:Retool","ReplayTheSpireMod:Strike From Hell+1"],"picked":"Singing Bowl","floor":148},{"not_picked":["Carnage+1","Runesmith:Augment+1","Outmaneuver+1","Sucker Punch+1"],"picked":"Singing Bowl","floor":149},{"not_picked":["Loop+1","construct:Antimatter+1","TheSimpletonMod:SaladShooter+1","TheSimpletonMod:CloseScrape+1"],"picked":"Singing Bowl","floor":150},{"not_picked":["Replay:Bag of Tricks","TheSimpletonMod:Biorefinement","Devotion"],"picked":"Burst","floor":152},{"not_picked":["construct:Impenetrable+1","Chrysalis","hierophant:Martyrdom+1","ReplayTheSpireMod:Limb From Limb+1"],"picked":"Singing Bowl","floor":156},{"not_picked":["theSenshi:LunaSensingAllies","Buffer","Hyperbeam+1","Runesmith:CreatorForm"],"picked":"Singing Bowl","floor":157}],"player_experience":250058,"relics_obtained":[{"floor":5,"key":"Ring of Misfortune"},{"floor":6,"key":"Matryoshka"},{"floor":7,"key":"Juzu Bracelet"},{"floor":7,"key":"Replay:Bandana"},{"floor":8,"key":"hubris:MobiusCoin"},{"floor":9,"key":"Toy Ornithopter"},{"floor":9,"key":"Potion Belt"},{"floor":11,"key":"Smiling Mask"},{"floor":23,"key":"aspiration:Lifesprig"},{"floor":24,"key":"PrismaticShard"},{"floor":25,"key":"aspiration:HummingbirdHeart"},{"floor":26,"key":"hubris:AncientText"},{"floor":27,"key":"hubris:BundleOfHerbs"},{"floor":38,"key":"Basket Of Snakes"},{"floor":43,"key":"Pen Nib"},{"floor":46,"key":"Question Card"},{"floor":57,"key":"hubris:FunFungus"},{"floor":60,"key":"infinitespire:CheckeredPen"},{"floor":77,"key":"aspiration:StickyExplosives_weak"},{"floor":90,"key":"Mango"},{"floor":93,"key":"Singing Bowl"},{"floor":94,"key":"Ornamental Fan"},{"floor":96,"key":"Garlic"},{"floor":108,"key":"Replay:Baseball"},{"floor":111,"key":"Vajra"},{"floor":125,"key":"Peace Pipe"},{"floor":125,"key":"Happy Flower"},{"floor":128,"key":"hubris:ToyBattleship"},{"floor":129,"key":"theSenshi:SpiralHeartMoonRodRelic"},{"floor":129,"key":"Blue Doll"},{"floor":139,"key":"Ginger"},{"floor":145,"key":"Runesmith:AutoHammer"},{"floor":146,"key":"Lizard Tail"},{"floor":146,"key":"infinitespire:Lucky Rock"},{"floor":149,"key":"infinitespire:ShieldingShard"},{"floor":149,"key":"Snack Pack"},{"floor":156,"key":"Tiny Chest"},{"floor":156,"key":"Whetstone"}],"event_choices":[{"damage_healed":0,"gold_gain":175,"player_choice":"AGREE","damage_taken":0,"max_hp_gain":0,"max_hp_loss":0,"event_name":"Liars Game","floor":2,"gold_loss":0,"cards_obtained":["Doubt"]},{"cards_removed":["Doubt"],"damage_healed":0,"gold_gain":0,"player_choice":"Upgrade and Remove","damage_taken":0,"max_hp_gain":0,"max_hp_loss":0,"event_name":"Designer","floor":37,"gold_loss":90,"cards_upgraded":["Bane"]},{"damage_healed":0,"gold_gain":0,"player_choice":"Entered Light","damage_taken":14,"max_hp_gain":0,"max_hp_loss":0,"event_name":"Shining Light","floor":53,"gold_loss":0,"cards_upgraded":["Deadly Poison","Sucker Punch"]},{"damage_healed":0,"gold_gain":0,"player_choice":"Ignored","damage_taken":0,"max_hp_gain":0,"max_hp_loss":0,"event_name":"NoteForYourself","floor":55,"gold_loss":0},{"damage_healed":0,"gold_gain":175,"player_choice":"AGREE","damage_taken":0,"max_hp_gain":0,"max_hp_loss":0,"event_name":"Liars Game","floor":56,"gold_loss":0,"cards_obtained":["Doubt"]},{"cards_removed":["TheSimpletonMod:Nettles"],"damage_healed":0,"gold_gain":0,"player_choice":"Purged","damage_taken":0,"max_hp_gain":0,"max_hp_loss":0,"event_name":"Purifier","floor":59,"gold_loss":0},{"damage_healed":0,"gold_gain":0,"player_choice":"Fight","damage_taken":0,"max_hp_gain":0,"max_hp_loss":0,"event_name":"MindBloom","floor":90,"gold_loss":0},{"damage_healed":0,"gold_gain":0,"player_choice":"Entered Light","damage_taken":22,"max_hp_gain":0,"max_hp_loss":0,"event_name":"Shining Light","floor":116,"gold_loss":0,"cards_upgraded":["Deadly Poison","Poisoned Stab"]},{"damage_healed":0,"gold_gain":0,"player_choice":"Copied","damage_taken":0,"max_hp_gain":0,"max_hp_loss":0,"event_name":"Duplicator","floor":127,"gold_loss":0,"cards_obtained":["infinitespire:Neurotoxin"]},{"damage_healed":0,"gold_gain":0,"player_choice":"Upgraded","damage_taken":0,"max_hp_gain":0,"max_hp_loss":0,"event_name":"Upgrade Shrine","floor":132,"gold_loss":0,"cards_upgraded":["Accuracy"]},{"damage_healed":0,"gold_gain":0,"player_choice":"Ignored","damage_taken":0,"max_hp_gain":0,"max_hp_loss":0,"event_name":"Tomb of Lord Red Mask","floor":138,"gold_loss":0},{"damage_healed":0,"gold_gain":0,"player_choice":"Fight","damage_taken":0,"max_hp_gain":0,"max_hp_loss":0,"event_name":"Mysterious Sphere","floor":139,"gold_loss":0}],"is_beta":false,"boss_relics":[{"not_picked":["aspiration:RunesmithSkillbook","Ring of the Serpent"],"picked":"SlaversCollar"},{"not_picked":["Snecko Eye","hubris:TerracottaHorce"],"picked":"Abe\u0027s Treasure"},{"not_picked":["Runic Pyramid","hubris:VirtuousBlindfold"],"picked":"aspiration:RunicSpoon"},{"not_picked":["Fusion Hammer","Runic Dome"],"picked":"aspiration:MobileForge"},{"not_picked":["Tiny House","hubris:TerracottaHorce"],"picked":"aspiration:SecretTechniqueScroll"},{"not_picked":["ReplayTheSpireMod:DimensionalGlitch","hubris:Backtick"],"picked":"hubris:ScarierMask"},{"not_picked":["aspiration:RitualDagger","Busted Crown"],"picked":"Black Star"},{"not_picked":["aspiration:DefectSkillbook","Replay:Drink Me","ReplayTheSpireMod:DimensionalGlitch"]},{"not_picked":["construct:WeddingRing","hubris:CrackedHourglass"],"picked":"Replay:Wanted Poster"}],"items_purged_floors":[],"is_endless":true,"potions_floor_spawned":[1,14,18,19,33,38,39,46,47,48,50,64,67,69,72,73,76,80,89,93,95,101,103,104,108,110,113,124,125,130,141,146,148],"ascension_level":0}}