{"host":"gk9qdtkqd8dwfeg2","time":1610640263,"event":{"mods":["Aspiration","BaseMod","Colored Powertips","KomeijiMod","Minty Spire (QoL Compilation)","Quick Restart","Replay The Spire","Shop Mod","StSLib","TestMod","The Gatherer","The Servant 0.9.4","Waifu the Spire","WarShipGirlsR/战舰少女R mod","Yuri Mod","vexMod"],"gold_per_floor":[114,124,124,124,150,184,16,16,16,41,41,6,6,34,34,113,113,156,156,156],"floor_reached":19,"language":"ZHS","playtime":286,"items_purged":[],"score":412,"play_id":"4e8d144d-a7e7-4d55-9841-d469ddfd0e69","local_time":"20210115000423","is_ascension_mode":true,"campfire_choices":[{"data":"Eruption","floor":8,"key":"SMITH"},{"data":"Adaptation","floor":13,"key":"SMITH"},{"data":"Vault","floor":15,"key":"SMITH"}],"circlet_count":0,"master_deck":["Strike_P","Strike_P","Strike_P","Strike_P","Defend_P","Defend_P","Defend_P","Defend_P","Eruption+1","Vigilance","SignatureMove+1","FlurryOfBlows","yuri:RhapsodyCurse","Voices","Spreading Infection","Replay:Hysterical Blindness","Weave+1","Adaptation+1","SashWhip","Wish","FlyingSleeves","Vault+1","Devotion","DeusExMachina","FlurryOfBlows","Study"],"relics":["PureWater","testmod-TestBox","testmod-Brilliant","testmod-Laevatain","Potion Belt","ReplayTheSpireMod:Lightbulb","Guide Book","vexMod:HeadHunter","Unceasing Top","Bottled Tornado","testmod-Fanaticism"],"acts_visited":["Exordium","TheCity"],"potions_floor_usage":[16],"damage_taken":[{"damage":0,"enemies":"Small Slimes","floor":1,"turns":1},{"damage":0,"enemies":"Jaw Worm","floor":2,"turns":1},{"damage":6,"enemies":"Gremlin Nob","floor":6,"turns":3},{"damage":0,"enemies":"Lagavulin","floor":10,"turns":3},{"damage":8,"enemies":"Gremlin Nob","floor":14,"turns":3},{"damage":44,"enemies":"Hexaghost","floor":16,"turns":5},{"damage":0,"enemies":"Chosen","floor":18,"turns":3},{"damage":0,"enemies":"3 Byrds","floor":19,"turns":1}],"seed_played":"4018843372550465444","potions_obtained":[{"floor":2,"key":"CalmPotion"},{"floor":10,"key":"AttackPotion"}],"is_trial":false,"path_per_floor":["M","M","?","?","T","E","$","R","T","E","$","?","R","E","R","B",null,"M","M"],"character_chosen":"WATCHER","items_purchased":["Guide Book"],"campfire_rested":0,"item_purchase_floors":[7],"current_hp_per_floor":[61,61,61,61,61,55,55,55,55,55,55,68,68,60,60,16,55,55,55,55],"gold":156,"neow_bonus":"THREE_ENEMY_KILL","is_daily":false,"chose_seed":false,"campfire_upgraded":3,"win_rate":0.0,"timestamp":1610640263,"path_taken":["M","M","?","?","?","E","$","R","T","E","$","?","R","E","R","BOSS","M","M"],"items_purchased_type":["Relic"],"build_version":"2020-12-22","purchased_purges":0,"victory":false,"max_hp_per_floor":[68,68,68,68,68,68,68,68,68,68,68,68,68,68,68,68,68,68,68,68],"card_choices":[{"not_picked":["Consecrate","Swivel"],"picked":"SignatureMove","floor":1},{"not_picked":["Replay:BluntJabs","PathToVictory"],"picked":"FlurryOfBlows","floor":2},{"not_picked":["Pray","Conclude"],"picked":"Adaptation","floor":6},{"not_picked":["SandsOfTime","Weave"],"picked":"Wish","floor":10},{"not_picked":["Brilliance","Judgement","Alpha"],"picked":"SKIP","floor":10},{"not_picked":["Judgement","DeusExMachina"],"picked":"Vault","floor":14},{"not_picked":["BowlingBash","Adaptation","ThirdEye"],"picked":"SKIP","floor":14},{"not_picked":["Wish","MasterReality"],"picked":"DeusExMachina","floor":16},{"not_picked":["LikeWater","Replay:DivineShield+1","Wallop"],"picked":"SKIP","floor":18}],"player_experience":633204,"relics_obtained":[{"floor":5,"key":"Potion Belt"},{"floor":6,"key":"ReplayTheSpireMod:Lightbulb"},{"floor":9,"key":"vexMod:HeadHunter"},{"floor":10,"key":"Unceasing Top"},{"floor":14,"key":"Bottled Tornado"}],"event_choices":[{"damage_healed":0,"gold_gain":0,"player_choice":"Swap Relic","damage_taken":0,"relics_obtained":["testmod-Laevatain"],"max_hp_gain":0,"max_hp_loss":0,"event_name":"给自己的盒子","floor":4,"relics_lost":["NeowsBlessing"],"gold_loss":0},{"damage_healed":17,"gold_gain":0,"player_choice":"Healed","damage_taken":0,"max_hp_gain":0,"max_hp_loss":0,"event_name":"The Cleric","floor":12,"gold_loss":35}],"is_beta":false,"boss_relics":[{"not_picked":["Snecko Eye","Ring of Chaos"],"picked":"testmod-Fanaticism"}],"items_purged_floors":[],"is_endless":false,"potions_floor_spawned":[2,10],"killed_by":"3 Byrds","ascension_level":20}}