{"host":"0cm5wy4nhuju7tij","time":1610589110,"event":{"mods":["100% Spire Juice","2.2 Compatiblity","AchievementEnabler","Aspiration","BaseMod","Better Third Choice","BetterRewards","CCEM","CapriCore","Chen","Colored Powertips","Curses Come First","Custom Start","Displayed Cursed Tome","Downfall","Energized Spire","Evolution","Filter the Spire","Fireblade Mod","Highlight Path","Jess\u0027s Bottle","Minty Spire (QoL Compilation)","Onozuka Komachi Mod","Permanent Neow","Relic Stats","Shop Mod","Spicy Shops","StSLib","The Caster","The Cursed","The Fake Hero","The Juggle","The Sage","TheFirefly","thorton"],"gold_per_floor":[117,131,151,151,163,163,179,179,179,179,198,223,240,260,260,357,357,371,286,296,3,18,18,18],"floor_reached":23,"language":"ENG","playtime":1817,"items_purged":["caster:strike"],"score":197,"play_id":"e5eac886-8209-4e3c-a863-1028209fff3c","local_time":"20210113205150","is_ascension_mode":false,"campfire_choices":[{"data":"caster:LightningBolt","floor":6,"key":"SMITH"},{"floor":10,"key":"REST"},{"data":"caster:LightningBolt","floor":15,"key":"SMITH"}],"circlet_count":0,"master_deck":["caster:Meteor","caster:DivertFocus+1","caster:strike","caster:strike","caster:strike","caster:defend+1","caster:defend","caster:defend","caster:defend","caster:defend","caster:LightningBolt+1","caster:WallOfThorns","caster:Fireball","caster:FrostDriver","caster:GaiasBlessing","caster:Slick+1","caster:BurnItDown","caster:LightningBolt+1","caster:MagicResonance","caster:Sleet","caster:StormGust","caster:DiablosFlame+1","caster:DiablosFlame+1","caster:LightningBolt","caster:Sleet","Chaos"],"relics":["caster:MagicBook","EVO:Axolotl","aspiration:DSix","CultistMask","CCEMRelics:OverlyComfyChair","Ginger","aspiration:WatcherSkillbook","War Paint","PrismaticShard"],"acts_visited":["Exordium","TheCity"],"potions_floor_usage":[],"damage_taken":[{"damage":0,"enemies":"Cultist","floor":1,"turns":5},{"damage":0,"enemies":"Jaw Worm","floor":2,"turns":5},{"damage":0,"enemies":"2 Louse","floor":3,"turns":3},{"damage":5,"enemies":"Lots of Slimes","floor":5,"turns":6},{"damage":3,"enemies":"Large Slime","floor":7,"turns":8},{"damage":6,"enemies":"Exordium Thugs","floor":11,"turns":7},{"damage":12,"enemies":"Lagavulin","floor":12,"turns":9},{"damage":8,"enemies":"Exordium Wildlife","floor":13,"turns":4},{"damage":0,"enemies":"2 Fungi Beasts","floor":14,"turns":2},{"damage":36,"enemies":"Slime Boss","floor":16,"turns":13},{"damage":10,"enemies":"Spheric Guardian","floor":18,"turns":5},{"damage":26,"enemies":"Shell Parasite","floor":20,"turns":7},{"damage":19,"enemies":"Snecko","floor":22,"turns":5},{"damage":22,"enemies":"Shelled Parasite and Fungi","floor":23,"turns":3}],"seed_played":"-4444041965674661726","potions_obtained":[{"floor":1,"key":"SkillPotion"},{"floor":3,"key":"SneckoOil"},{"floor":7,"key":"EntropicBrew"}],"is_trial":false,"path_per_floor":["M","M","M","?","M","R","M","?","T","R","M","E","M","M","R","B",null,"M","?","M","$","M","M"],"character_chosen":"THE_CASTER","items_purchased":["caster:LightningBolt","caster:Sleet","PrismaticShard"],"campfire_rested":1,"item_purchase_floors":[21,21,21],"current_hp_per_floor":[46,46,46,46,41,41,38,38,38,57,57,52,46,46,46,17,64,55,55,35,35,22,0,0],"gold":18,"neow_bonus":"ONE_RARE_RELIC","is_daily":false,"chose_seed":false,"campfire_upgraded":2,"win_rate":0.0,"timestamp":1610589110,"path_taken":["M","M","?","?","M","R","M","?","T","R","M","E","?","M","R","BOSS","M","?","M","$","M","M"],"items_purchased_type":["Card","Card","Relic"],"build_version":"2020-12-22","purchased_purges":1,"victory":false,"max_hp_per_floor":[64,64,64,64,64,64,64,64,64,64,64,64,64,64,64,64,64,64,64,64,64,64,64,64],"relic_stats":{"counters":[14,82],"Ginger":[6],"War Paint":["caster:defend","caster:DivertFocus"],"obtain_stats":[{"CCEMRelics:OverlyComfyChair":9,"aspiration:WatcherSkillbook":17,"CultistMask":4,"EVO:Axolotl":0,"Ginger":12,"War Paint":19,"aspiration:DSix":0,"PrismaticShard":21,"caster:MagicBook":0},{"CCEMRelics:OverlyComfyChair":5,"aspiration:WatcherSkillbook":10,"CultistMask":3,"EVO:Axolotl":0,"Ginger":7,"War Paint":11,"aspiration:DSix":0,"PrismaticShard":12,"caster:MagicBook":0},{"CCEMRelics:OverlyComfyChair":27,"aspiration:WatcherSkillbook":62,"CultistMask":13,"EVO:Axolotl":0,"Ginger":43,"War Paint":67,"aspiration:DSix":0,"PrismaticShard":74,"caster:MagicBook":0}]},"card_choices":[{"not_picked":["caster:Surge","caster:DiablosFlame"],"picked":"caster:LightningBolt","floor":1},{"not_picked":["caster:FireWall","caster:GlacialShield"],"picked":"caster:WallOfThorns","floor":2},{"not_picked":["caster:MagicWeapon","caster:Tundra"],"picked":"caster:Fireball","floor":3},{"not_picked":["caster:Charge","caster:Accumulation"],"picked":"caster:FrostDriver","floor":5},{"not_picked":["caster:Rectify","caster:MagicResonance"],"picked":"caster:GaiasBlessing","floor":7},{"not_picked":["caster:Charge","caster:FlashSpeed"],"picked":"caster:BurnItDown","floor":11},{"not_picked":["caster:BurnItDown","caster:Charge"],"picked":"caster:LightningBolt","floor":12},{"not_picked":["caster:Barbroot","caster:FlashSpeed"],"picked":"caster:MagicResonance","floor":13},{"not_picked":["caster:MagicWeapon","caster:Demi"],"picked":"caster:Sleet","floor":14},{"not_picked":["caster:PhoenixFlare","caster:Ramuh"],"picked":"caster:StormGust","floor":16},{"not_picked":["caster:Eruption","caster:Cryogenesis","Conclude+1"],"picked":"caster:DiablosFlame+1","floor":18},{"not_picked":["caster:Enfeeble","MentalFortress","Conclude"],"picked":"caster:DiablosFlame+1","floor":20},{"not_picked":["Komachi:FlowRiver","sneckomod:SoulRoll","hexamod:SoulSteal"],"picked":"Chaos","floor":22}],"player_experience":238687,"relics_obtained":[{"floor":9,"key":"CCEMRelics:OverlyComfyChair"},{"floor":12,"key":"Ginger"}],"event_choices":[{"damage_healed":0,"gold_gain":0,"player_choice":"Trade","damage_taken":0,"relics_obtained":["CultistMask"],"max_hp_gain":0,"max_hp_loss":0,"event_name":"FaceTrader","floor":4,"gold_loss":0},{"damage_healed":0,"gold_gain":0,"player_choice":"Obtained Relic","damage_taken":0,"relics_obtained":["War Paint"],"max_hp_gain":0,"max_hp_loss":0,"event_name":"Addict","floor":19,"gold_loss":85}],"is_beta":false,"boss_relics":[{"not_picked":["Ectoplasm","energizedSpire:OgreHead"],"picked":"aspiration:WatcherSkillbook"}],"items_purged_floors":[21],"is_endless":false,"potions_floor_spawned":[1,3,7,13,14,16],"killed_by":"Shelled Parasite and Fungi","ascension_level":0}}