{"host":"vrsxkkch9ccrec7k","time":1610589644,"event":{"mods":["Act Like it!","BaseMod","Bestiary","Better Sensory Stone","Better Third Choice","Better Vampires","Downfall","Minty Spire (QoL Compilation)","Permanent Neow","Relic Stats","Spicy Shops","StSLib"],"gold_per_floor":[99,119,119,219,233,263,263,263,297,311,337,337,354,364,377,377,377,377],"floor_reached":16,"language":"ENG","playtime":1146,"items_purged":[],"score":140,"play_id":"cbed99ca-17c8-40c4-b3fc-8fda29fc2e63","local_time":"20210113210044","is_ascension_mode":true,"campfire_choices":[{"data":"Guardian:GemFinder","floor":1,"key":"SMITH"},{"data":"Guardian:CurlUp","floor":8,"key":"SMITH"}],"circlet_count":0,"master_deck":["Guardian:Strike_Guardian","Guardian:Strike_Guardian","Guardian:Strike_Guardian","Guardian:Strike_Guardian","Guardian:Defend_Guardian","Guardian:Defend_Guardian","Guardian:Defend_Guardian","Guardian:Defend_Guardian","Guardian:CurlUp+1","Guardian:TwinSlam","Guardian:GemFinder+1","Guardian:Orbwalk","Guardian:WalkerClaw","Guardian:SpikerProtocol+1","Guardian:Preprogram","Guardian:Gem_Red","Guardian:TemporalShield","Guardian:Gem_Green","Guardian:Gem_Green","Guardian:Gem_Green","Guardian:PrismaticBeam","Guardian:Gem_Blue"],"relics":["Guardian:ModeShifter","Gambling Chip","Letter Opener","Anchor","PreservedInsect"],"acts_visited":["Exordium"],"potions_floor_usage":[9,11,14,16,16],"damage_taken":[{"damage":1,"enemies":"2 Louse","floor":2,"turns":3},{"damage":6,"enemies":"Small Slimes","floor":5,"turns":4},{"damage":33,"enemies":"3 Sentries","floor":6,"turns":11},{"damage":16,"enemies":"Gremlin Nob","floor":9,"turns":4},{"damage":2,"enemies":"Cultist","floor":10,"turns":3},{"damage":4,"enemies":"3 Sentries","floor":11,"turns":7},{"damage":10,"enemies":"Exordium Wildlife","floor":13,"turns":6},{"damage":0,"enemies":"2 Fungi Beasts","floor":14,"turns":4},{"damage":4,"enemies":"Lots of Slimes","floor":15,"turns":2},{"damage":4,"enemies":"downfall:Silent","floor":16,"turns":4}],"seed_played":"-1502146606413190573","potions_obtained":[{"floor":6,"key":"DistilledChaos"},{"floor":10,"key":"Dexterity Potion"},{"floor":13,"key":"Guardian:BlockOnCardUsePotion"},{"floor":14,"key":"SkillPotion"},{"floor":15,"key":"Weak Potion"}],"is_trial":false,"path_per_floor":["R","M","?","?","M","E","T","R","E","M","E","?","M","M","M","B"],"character_chosen":"GUARDIAN","items_purchased":[],"campfire_rested":0,"item_purchase_floors":[],"current_hp_per_floor":[80,79,79,79,73,40,40,40,24,22,18,18,8,8,4,0,0,0],"gold":377,"neow_bonus":"ONE_RANDOM_RARE_CARD","is_daily":false,"chose_seed":false,"campfire_upgraded":2,"win_rate":0.0,"timestamp":1610589644,"path_taken":["R","M","?","?","M","E","T","R","E","M","E","?","?","M","M","BOSS"],"items_purchased_type":[],"build_version":"2020-12-22","purchased_purges":0,"victory":false,"max_hp_per_floor":[80,80,80,80,80,80,80,80,80,80,80,80,80,80,80,80,80,80],"relic_stats":{"counters":[10,48],"Gambling Chip":[24],"PreservedInsect":0,"Letter Opener":[81],"obtain_stats":[{"Anchor":9,"Gambling Chip":6,"Guardian:ModeShifter":0,"PreservedInsect":11,"Letter Opener":7},{"Anchor":4,"Gambling Chip":3,"Guardian:ModeShifter":0,"PreservedInsect":6,"Letter Opener":3},{"Anchor":22,"Gambling Chip":18,"Guardian:ModeShifter":0,"PreservedInsect":32,"Letter Opener":18}]},"card_choices":[{"not_picked":["Guardian:Gem_Lightblue","Guardian:Gem_Cyan"],"picked":"Guardian:Gem_Green","floor":2},{"not_picked":["Guardian:SentryBeam","Guardian:ChargeUp"],"picked":"Guardian:Orbwalk","floor":2},{"not_picked":["Guardian:Gem_Lightblue","Guardian:Gem_Cyan"],"picked":"Guardian:Gem_Red","floor":5},{"not_picked":["Guardian:Gem_Blue","Guardian:Gem_Lightblue"],"picked":"Guardian:WalkerClaw","floor":5},{"not_picked":["Guardian:Repulse","Guardian:WalkerClaw"],"picked":"Guardian:SpikerProtocol","floor":6},{"not_picked":["Guardian:Gem_Cyan","Guardian:Gem_Lightblue"],"picked":"Guardian:Gem_Red","floor":6},{"not_picked":["Guardian:Planning","Guardian:Orbwalk"],"picked":"Guardian:Preprogram","floor":9},{"not_picked":["Guardian:Gem_Lightblue","Guardian:Gem_Cyan"],"picked":"Guardian:Gem_Red","floor":9},{"not_picked":["Guardian:ChargeUp","Guardian:PrimingBeam"],"picked":"Guardian:TemporalShield","floor":10},{"not_picked":["Guardian:Gem_Lightblue","Guardian:TemporalStrike"],"picked":"Guardian:Gem_Green","floor":11},{"not_picked":["Guardian:Gem_Red","Guardian:Gem_Lightblue"],"picked":"Guardian:Gem_Green","floor":11},{"not_picked":["Guardian:Gem_Cyan","Guardian:Gem_Lightblue"],"picked":"Guardian:Gem_Green","floor":13},{"not_picked":["Guardian:Planning","Guardian:VentSteam"],"picked":"Guardian:PrismaticBeam","floor":13},{"not_picked":["Guardian:WalkerClaw","Guardian:TimeBomb","Guardian:Incinerate"],"picked":"SKIP","floor":14},{"not_picked":["Guardian:Recover","Guardian:Incinerate"],"picked":"Guardian:Gem_Blue","floor":15}],"player_experience":1517461,"relics_obtained":[{"floor":6,"key":"Gambling Chip"},{"floor":7,"key":"Letter Opener"},{"floor":9,"key":"Anchor"},{"floor":11,"key":"PreservedInsect"}],"event_choices":[{"damage_healed":0,"gold_gain":0,"player_choice":"Upgraded","damage_taken":0,"max_hp_gain":0,"max_hp_loss":0,"event_name":"Upgrade Shrine","floor":12,"gold_loss":0,"cards_upgraded":["Guardian:SpikerProtocol"]}],"is_beta":false,"boss_relics":[],"items_purged_floors":[],"is_endless":false,"potions_floor_spawned":[6,10,13,14,15],"killed_by":"downfall:Silent","ascension_level":3}}