{"host":"0009l0kk6tb2u2kt","time":1610643021,"event":{"mods":["BaseMod","Downfall","Hermit","Hubris","Minty Spire (QoL Compilation)","Replay The Spire","StSLib"],"gold_per_floor":[99,249,249,249,249,277,304,304,304,369,369,382,382,70,81,185,185,185,203,213,213,18,30,53,53,71,71,71,71,99,99,119,119,119,119],"floor_reached":33,"language":"ENG","playtime":2767,"items_purged":[],"score":284,"play_id":"16ff797e-f329-463e-9f4b-c91f3fc41dc2","local_time":"20210114175021","is_ascension_mode":false,"campfire_choices":[{"data":"champ:Taunt","floor":1,"key":"SMITH"},{"data":"champ:DefensiveStyle","floor":9,"key":"SMITH"},{"data":"champ:Circumvent","floor":11,"key":"SMITH"},{"data":"champ:FalseCounter","floor":18,"key":"SMITH"},{"data":"champ:FlashCut","floor":28,"key":"SMITH"}],"circlet_count":0,"master_deck":["champ:Strike","champ:Strike","champ:Strike","champ:Strike","champ:Defend","champ:Defend+1","champ:Defend","champ:Defend","champ:Execute","champ:Taunt+1","Slimebound:Icky","champ:CrookedStrike","champ:SkillfulDodge","champ:Circumvent+1","champ:DefensiveStyle+1","champ:FlashCut+1","champ:Haymaker","champ:FocusedGladiator+1","champ:StanceDance+1","champ:FalseCounter+1","champ:HeavySlash","champ:ViciousMockery","champ:PerfectedStrike","champ:PerfectedStrike","champ:BringItOn"],"relics":["champ:ChampionCrown","downfall:HeartsMalice","ReplayTheSpireMod:TigerMarble","Gremlin Food","hubris:Towel","Mercury Hourglass","PreservedInsect","Iron Hammer","Replay:Bronze Core","Membership Card","War Paint","Potion Belt"],"acts_visited":["Exordium","TheCity"],"potions_floor_usage":[16,22,30,30,33],"damage_taken":[{"damage":0,"enemies":"Jaw Worm","floor":3,"turns":1},{"damage":0,"enemies":"Small Slimes","floor":4,"turns":1},{"damage":0,"enemies":"2 Louse","floor":5,"turns":1},{"damage":38,"enemies":"3 Sentries","floor":6,"turns":10},{"damage":23,"enemies":"Lagavulin Event","floor":10,"turns":8},{"damage":15,"enemies":"2 Fungi Beasts","floor":12,"turns":2},{"damage":0,"enemies":"downfall:FleeingMerchant","floor":14,"turns":4},{"damage":0,"enemies":"Blue Slaver","floor":15,"turns":3},{"damage":21,"enemies":"downfall:Ironclad","floor":16,"turns":8},{"damage":2,"enemies":"Chosen","floor":19,"turns":4},{"damage":15,"enemies":"Snake Plant","floor":20,"turns":4},{"damage":20,"enemies":"downfall:FleeingMerchant","floor":22,"turns":5},{"damage":35,"enemies":"Cultist and Chosen","floor":23,"turns":3},{"damage":11,"enemies":"3 Cultists","floor":26,"turns":5},{"damage":0,"enemies":"Slavers","floor":30,"turns":3},{"damage":20,"enemies":"Chosen and Byrds","floor":32,"turns":4},{"damage":45,"enemies":"downfall:Silent","floor":33,"turns":7}],"seed_played":"8979339308820040805","potions_obtained":[{"floor":10,"key":"Energy Potion"},{"floor":12,"key":"SteroidPotion"},{"floor":16,"key":"Explosive Potion"},{"floor":20,"key":"PowerPotion"},{"floor":23,"key":"PowerPotion"},{"floor":26,"key":"DistilledChaos"}],"is_trial":false,"path_per_floor":["R","?","M","M","M","E","T","?","R","?","R","M","?","$","M","B",null,"R","M","M","?","$","M","T","?","M","?","R","?","E","?","M","B"],"character_chosen":"THE_CHAMP","items_purchased":["Iron Hammer","champ:StanceDance+1","Membership Card","champ:PerfectedStrike"],"campfire_rested":0,"item_purchase_floors":[14,14,22,22],"current_hp_per_floor":[90,90,90,90,90,67,67,67,67,57,57,57,39,39,39,28,90,90,88,78,60,50,50,50,50,44,44,44,44,44,44,44,0,0,0],"gold":119,"neow_bonus":"THREE_ENEMY_KILL","is_daily":false,"chose_seed":false,"campfire_upgraded":5,"win_rate":0.0,"timestamp":1610643021,"path_taken":["R","?","M","M","M","E","T","?","R","?","R","M","?","$","M","BOSS","R","M","M","?","$","M","T","?","M","?","R","?","E","?","M","BOSS"],"items_purchased_type":["Relic","Card","Relic","Card"],"build_version":"2020-12-22","purchased_purges":0,"victory":false,"max_hp_per_floor":[90,90,90,90,90,90,90,90,90,90,90,90,90,90,90,90,90,90,90,90,95,95,95,95,95,95,95,95,95,95,95,95,95,95,95],"card_choices":[{"not_picked":["champ:Circumvent","champ:BerserkerStyle"],"picked":"champ:CrookedStrike","floor":3},{"not_picked":["champ:BladeFlurry","champ:FocusedBerserking"],"picked":"champ:SkillfulDodge","floor":4},{"not_picked":["champ:EndlessRage","champ:BladeFlurry"],"picked":"champ:Circumvent","floor":5},{"not_picked":["champ:FanOfKnives","champ:CrookedStrike"],"picked":"champ:DefensiveStyle","floor":6},{"not_picked":["champ:BerserkersShout","champ:FocusedBerserking"],"picked":"champ:FlashCut","floor":10},{"not_picked":["champ:FlashCut","champ:StanceDance"],"picked":"champ:Haymaker","floor":12},{"not_picked":["champ:BerserkerStyle","champ:SwordThrow"],"picked":"champ:FocusedGladiator","floor":14},{"not_picked":["champ:Shatter","champ:CrookedStrike"],"picked":"champ:FalseCounter","floor":15},{"not_picked":["champ:PerfectForm","champ:CrownThrow"],"picked":"champ:HeavySlash","floor":16},{"not_picked":["champ:Haymaker","champ:Circumvent"],"picked":"champ:ViciousMockery","floor":19},{"not_picked":["champ:StanceDance","champ:BladeFlurry"],"picked":"champ:PerfectedStrike","floor":20},{"not_picked":["champ:Haymaker","champ:Backstep","champ:FanOfKnives+1"],"picked":"SKIP","floor":22},{"not_picked":["champ:GladiatorsShout","champ:DefensiveShout","champ:PerfectedStrike"],"picked":"SKIP","floor":23},{"not_picked":["champ:CalledShot+1","champ:FlashCut"],"picked":"champ:BringItOn","floor":26},{"not_picked":["champ:PreciseThrust","champ:SkillfulDodge","champ:StanceDance"],"picked":"SKIP","floor":30},{"not_picked":["champ:Lariat","champ:FocusedBerserking","champ:PreciseThrust"],"picked":"SKIP","floor":32}],"player_experience":219356,"relics_obtained":[{"floor":6,"key":"ReplayTheSpireMod:TigerMarble"},{"floor":7,"key":"Gremlin Food"},{"floor":10,"key":"Mercury Hourglass"},{"floor":24,"key":"War Paint"},{"floor":30,"key":"Potion Belt"}],"event_choices":[{"damage_healed":0,"gold_gain":0,"player_choice":"Success","damage_taken":18,"relics_obtained":["PreservedInsect"],"max_hp_gain":0,"max_hp_loss":0,"event_name":"Scrap Ooze","floor":13,"gold_loss":0},{"damage_healed":0,"gold_gain":0,"player_choice":"Ignored","damage_taken":0,"max_hp_gain":0,"max_hp_loss":0,"event_name":"Ghosts","floor":31,"gold_loss":0}],"is_beta":false,"boss_relics":[{"not_picked":["Snecko Eye","Runic Dome"],"picked":"Replay:Bronze Core"}],"items_purged_floors":[],"is_endless":false,"potions_floor_spawned":[10,12,16,20,23,26],"killed_by":"downfall:Silent","ascension_level":0}}