{"host":"aj6dldabq8s02zuz","time":1610586940,"event":{"mods":["BaseMod","Block Reminder","Colored Map","Custom Start","Downfall","Hermit","Highlight Path","Hubris","Minty Spire (QoL Compilation)","Permanent Neow","Quick Restart","Relic Sorter","Replay The Spire","StSLib","The Blue Laboratory","The Jungle","TheArtist","Wandering Minibosses"],"gold_per_floor":[99,119,129,129,9,27,27,54,72,72,72,90,110,110,118,118,118,118],"floor_reached":16,"language":"ENG","playtime":610,"items_purged":[],"score":104,"play_id":"23292e83-a9b8-4979-a89f-a6641c2c36d2","local_time":"20210113191540","is_ascension_mode":false,"campfire_choices":[{"floor":1,"key":"RECALL"}],"circlet_count":0,"master_deck":["Guardian:Strike_Guardian","Guardian:Strike_Guardian","Guardian:Strike_Guardian","Guardian:Strike_Guardian","Guardian:Defend_Guardian","Guardian:Defend_Guardian+1","Guardian:Defend_Guardian","Guardian:Defend_Guardian","Guardian:CurlUp","Guardian:TwinSlam","Guardian:RefractedBeam","Guardian:StasisStrike","PanicButton","Guardian:PolyBeam","Guardian:EvasiveProtocol","Guardian:Gem_Cyan","Parasite","Guardian:Gem_Blue","Guardian:WalkerClaw","Guardian:RollAttack"],"relics":["Guardian:ModeShifter","Simple Rune","hubris:GlazedTorus"],"acts_visited":["Exordium"],"potions_floor_usage":[],"damage_taken":[{"damage":16,"enemies":"Jaw Worm","floor":2,"turns":4},{"damage":0,"enemies":"Small Slimes","floor":3,"turns":2},{"damage":10,"enemies":"downfall:FleeingMerchant","floor":5,"turns":5},{"damage":7,"enemies":"2 Louse","floor":6,"turns":2},{"damage":14,"enemies":"Gremlin Nob","floor":8,"turns":5},{"damage":13,"enemies":"Red Slaver","floor":9,"turns":2},{"damage":13,"enemies":"2 Fungi Beasts","floor":12,"turns":4},{"damage":16,"enemies":"Large Slime","floor":13,"turns":5},{"damage":12,"enemies":"Blue Slaver","floor":15,"turns":2},{"damage":20,"enemies":"downfall:Ironclad","floor":16,"turns":2}],"seed_played":"1134671406130859895","potions_obtained":[{"floor":2,"key":"Regen Potion"},{"floor":3,"key":"DuplicationPotion"},{"floor":13,"key":"LifebloodPotion"}],"is_trial":false,"path_per_floor":["R","M","M","?","$","M","T","E","M","?","T","M","M","?","M","B"],"character_chosen":"GUARDIAN","items_purchased":["PanicButton"],"campfire_rested":0,"item_purchase_floors":[5],"current_hp_per_floor":[88,72,72,72,62,55,55,41,28,50,50,37,21,21,9,0,0,0],"gold":118,"neow_bonus":"TEN_PERCENT_HP_BONUS","is_daily":false,"chose_seed":false,"campfire_upgraded":0,"win_rate":0.0,"timestamp":1610586940,"path_taken":["R","M","M","?","$","M","T","E","M","?","?","M","?","?","M","BOSS"],"items_purchased_type":["Card"],"build_version":"2020-12-22","purchased_purges":0,"victory":false,"max_hp_per_floor":[88,88,88,88,88,88,88,88,88,88,88,88,88,88,88,88,88,88],"card_choices":[{"not_picked":["Guardian:Preprogram","Guardian:ChargeUp"],"picked":"Guardian:RefractedBeam","floor":2},{"not_picked":["Guardian:CrystalBeam","Guardian:Incinerate"],"picked":"Guardian:Gem_Red","floor":3},{"not_picked":["Guardian:TimeCapacitor","Guardian:Reroute"],"picked":"Guardian:StasisStrike","floor":5},{"not_picked":["Guardian:GuardianWhirl","Guardian:CrystalBeam"],"picked":"Guardian:PolyBeam","floor":6},{"not_picked":["Guardian:VentSteam","Guardian:TemporalShield"],"picked":"Guardian:EvasiveProtocol","floor":8},{"not_picked":["Guardian:Gem_Fragmented","Guardian:Gem_Red"],"picked":"Guardian:Gem_Cyan","floor":9},{"not_picked":["Guardian:TemporalStrike","Guardian:Gem_Lightblue"],"picked":"Guardian:Gem_Blue","floor":12},{"not_picked":["Guardian:Reroute","Guardian:PrimingBeam"],"picked":"Guardian:WalkerClaw","floor":13},{"not_picked":["Guardian:Reroute","Guardian:Gem_Green"],"picked":"Guardian:RollAttack","floor":15}],"player_experience":13787,"relics_obtained":[{"floor":7,"key":"Simple Rune"},{"floor":8,"key":"hubris:GlazedTorus"}],"event_choices":[{"damage_healed":22,"gold_gain":0,"player_choice":"Healed and dodged fight","damage_taken":0,"max_hp_gain":0,"max_hp_loss":0,"event_name":"Mushrooms","floor":10,"gold_loss":0,"cards_obtained":["Parasite"]}],"is_beta":false,"boss_relics":[],"items_purged_floors":[],"is_endless":false,"potions_floor_spawned":[2,3,13,15],"killed_by":"downfall:Ironclad","ascension_level":0}}