{"host":"51fyd6gkml7xavq8","time":1610653213,"event":{"mods":["BaseMod","BetterRewards","Colored Map","Energized Spire","Infinite Spire","Minty Spire (QoL Compilation)","Replay The Spire","Shop Mod","Spicy Shops","StSLib","The Blue Laboratory","[IsaacMod]????"],"gold_per_floor":[112,112,112,162,182,182,215,215,241,261,5,23,39,70,70,169,169,189,288,305,305,85,120,8,8,87,87,95,95],"floor_reached":28,"language":"ENG","playtime":1504,"items_purged":["Clumsy","Dualcast","Strike_B","Defend_B"],"score":480,"play_id":"846a882d-37ec-4d22-8a2d-58e3c0b23160","local_time":"20210114164013","is_ascension_mode":true,"campfire_choices":[{"data":"Zap","floor":6.0,"key":"SMITH"},{"floor":8.0,"key":"REST"},{"data":"Defragment","floor":15.0,"key":"SMITH"},{"data":"Defragment","floor":25,"key":"SMITH"},{"data":"Defragment","floor":27,"key":"SMITH"}],"circlet_count":0,"master_deck":["Strike_B","Strike_B","Strike_B","Defend_B+1","Defend_B","Defend_B+1","Zap+1","Defragment+1","Electrodynamics","CurseOfTheBell","ReplayTheSpireMod:Calculation Training+1","Defragment+1","Buffer","Defragment+1"],"relics":["Cracked Core","HushsDoor","Toxic Egg 2","Singing Bowl","infinitespire:Beetle Shell","Simple Rune","GnawedLeaf","SteamSale","MerchantsRug","Smiling Mask","Blood Vial","Replay:Accelerometer","infinitespire:Lychee Nut","Nloth\u0027s Gift","Happy Flower","Ancient Tea Set","StoneCalendar","Omamori","infinitespire:Midas Blood"],"acts_visited":["Exordium","TheCity"],"potions_floor_usage":[],"damage_taken":[{"damage":0.0,"enemies":"Cultist","floor":1.0,"turns":3.0},{"damage":17.0,"enemies":"Hiden Room Battle","floor":4.0,"turns":2.0},{"damage":0.0,"enemies":"2 Louse","floor":5.0,"turns":2.0},{"damage":37.0,"enemies":"Lagavulin","floor":7.0,"turns":8.0},{"damage":7.0,"enemies":"Jaw Worm","floor":10.0,"turns":3.0},{"damage":3.0,"enemies":"3 Louse","floor":12.0,"turns":1.0},{"damage":5.0,"enemies":"Exordium Thugs","floor":13.0,"turns":5.0},{"damage":0.0,"enemies":"3 Sentries","floor":14.0,"turns":1.0},{"damage":19.0,"enemies":"The Guardian","floor":16.0,"turns":11.0},{"damage":27.0,"enemies":"3 Byrds","floor":18.0,"turns":3.0},{"damage":19.0,"enemies":"Spheric Guardian","floor":20.0,"turns":4.0},{"damage":19.0,"enemies":"Replay:Snechameleon","floor":23.0,"turns":7.0},{"damage":27,"enemies":"Snake Plant","floor":28,"turns":2}],"seed_played":"-5313317709955074863","potions_obtained":[{"floor":5.0,"key":"Regen Potion"},{"floor":7.0,"key":"blueLaboratory:TeslaPotion"},{"floor":12.0,"key":"Swift Potion"},{"floor":18.0,"key":"blueLaboratory:NullPotion"},{"floor":20.0,"key":"Block Potion"}],"is_trial":false,"path_per_floor":["M","$","$","?","M","R","E","R","T","M","$","M","M","E","R","B",null,"M","?","M","?","$","E","$","R","T","R","M"],"character_chosen":"DEFECT","items_purchased":["Toxic Egg 2","SteamSale","MerchantsRug","ReplayTheSpireMod:Calculation Training+1","Defragment","Happy Flower","Ancient Tea Set","Defragment","Omamori"],"campfire_rested":1,"item_purchase_floors":[0,11,11,22,22,22,22,24,24],"current_hp_per_floor":[52,52,52,37,39,39,19,43,43,38,38,35,32,34,34,15,53,35,35,26,26,26,15,15,15,15,15,0,0],"gold":95,"neow_bonus":"","is_daily":false,"chose_seed":false,"campfire_upgraded":4,"win_rate":0.0,"timestamp":1610653213,"path_taken":["M","?","$","?","M","R","E","R","T","M","$","M","M","E","R","BOSS","M","?","M","?","?","E","?","R","T","R","?"],"items_purchased_type":["Relic","Relic","Relic","Card","Card","Relic","Relic","Card","Relic"],"build_version":"2020-12-22","purchased_purges":4,"victory":false,"max_hp_per_floor":[75,75,75,77,79,79,81,81,81,83,83,83,85,87,87,87,65,67,67,69,69,69,69,69,69,69,69,69,69],"card_choices":[{"not_picked":["Chaos+1","Heatsinks"],"picked":"Bomb","floor":1.0},{"not_picked":["Streamline","BasicCrystalCard+1","Panic Button+1"],"picked":"Singing Bowl","floor":4.0},{"not_picked":["Redo+1","Coolheaded+1","Streamline"],"picked":"Singing Bowl","floor":5.0},{"not_picked":["Compile Driver","Panic Button+1","Rebound"],"picked":"Singing Bowl","floor":7.0},{"not_picked":["Steam+1","Coolheaded+1","Conserve Battery+1"],"picked":"Singing Bowl","floor":10.0},{"not_picked":["Stack+1","Redo+1"],"picked":"Defragment","floor":12.0},{"not_picked":["ReplayTheSpireMod:System Scan+1","BootSequence+1","Steam Power+1"],"picked":"Singing Bowl","floor":13.0},{"not_picked":["Capacitor","Machine Learning","Amplify+1"],"picked":"Singing Bowl","floor":14.0},{"not_picked":["ElectricPowerLearning","Reboot+1"],"picked":"Electrodynamics","floor":16.0},{"not_picked":["Compile Driver+1","Conserve Battery+1","Hologram+1"],"picked":"Singing Bowl","floor":18.0},{"not_picked":["Leap+1","Consume+1","Steam Power+1"],"picked":"Singing Bowl","floor":20.0},{"not_picked":["Sweeping Beam","Reinforced Body+1"],"picked":"Buffer","floor":23.0}],"player_experience":524503,"relics_obtained":[{"floor":4.0,"key":"Singing Bowl"},{"floor":4.0,"key":"infinitespire:Beetle Shell"},{"floor":7.0,"key":"Simple Rune"},{"floor":9.0,"key":"GnawedLeaf"},{"floor":14.0,"key":"Smiling Mask"},{"floor":17.0,"key":"Blood Vial"},{"floor":17.0,"key":"Replay:Accelerometer"},{"floor":17.0,"key":"infinitespire:Lychee Nut"},{"floor":23.0,"key":"StoneCalendar"},{"floor":26,"key":"infinitespire:Midas Blood"}],"event_choices":[{"damage_healed":0.0,"max_hp_gain":0.0,"max_hp_loss":0.0,"gold_gain":0.0,"event_name":"HidenRoomEvent","player_choice":"Fight","floor":4.0,"gold_loss":0.0,"damage_taken":0.0},{"damage_healed":0.0,"max_hp_gain":0.0,"max_hp_loss":0.0,"gold_gain":99.0,"event_name":"Nest","player_choice":"Stole From Cult","floor":19.0,"gold_loss":0.0,"damage_taken":0.0},{"damage_healed":0.0,"max_hp_gain":0.0,"max_hp_loss":0.0,"gold_gain":0.0,"event_name":"N\u0027loth","player_choice":"Traded Relic","floor":21.0,"relics_lost":["DeathBook"],"gold_loss":0.0,"damage_taken":0.0,"relics_obtained":["Nloth\u0027s Gift"]}],"is_beta":false,"boss_relics":[{"not_picked":["Honey Jar","Replay:Ancient Bell"],"picked":"Calling Bell"},{"not_picked":[]}],"items_purged_floors":[0,11,22,24],"is_endless":false,"potions_floor_spawned":[5,7,12,18,20],"killed_by":"Snake Plant","ascension_level":6}}