{"host":"qxeepl7ydvsgmfdb","time":1610629895,"event":{"mods":["AchievementEnabler","BaseMod","Colored Powertips","Minty Spire (QoL Compilation)","Quick Restart","slay the spire mod where everything is the same but ironclad has a cowboy hat"],"gold_per_floor":[114,80,98,98,273,306,306,331,331,101,178,209,209,228,228,351,351,370,370,370,370,370,404,404,404,428,273,290,315,315,315,315,315,315],"floor_reached":33,"language":"ENG","playtime":1159,"items_purged":["Doubt"],"score":328,"play_id":"a4cc7b43-b751-422d-bceb-61cecfbf25ea","local_time":"20210114081135","is_ascension_mode":true,"campfire_choices":[{"data":"Zap","floor":7.0,"key":"SMITH"},{"floor":15.0,"key":"REST"},{"data":"RitualDagger","floor":24.0,"key":"SMITH"},{"data":"Dualcast","floor":30.0,"key":"SMITH"},{"floor":32.0,"key":"REST"}],"circlet_count":0,"master_deck":["Strike_B+1","Strike_B+1","Defend_B","Defend_B","Defend_B","Zap+1","Dualcast+1","Melter","Ball Lightning+1","Cold Snap","Leap+1","Coolheaded+1","Stack+1","RitualDagger+1"],"relics":["Cracked Core","NeowsBlessing","Bloody Idol","Toxic Egg 2","Mummified Hand","Anchor","Symbiotic Virus","Pocketwatch","Empty Cage","Ancient Tea Set","Whetstone","Blood Vial","PreservedInsect","Potion Belt","Orichalcum"],"acts_visited":["Exordium","TheCity"],"potions_floor_usage":[33,33],"damage_taken":[{"damage":0.0,"enemies":"Cultist","floor":1.0,"turns":1.0},{"damage":0.0,"enemies":"Jaw Worm","floor":3.0,"turns":1.0},{"damage":0.0,"enemies":"Gremlin Nob","floor":6.0,"turns":1.0},{"damage":0.0,"enemies":"2 Louse","floor":8.0,"turns":2.0},{"damage":8.0,"enemies":"3 Sentries","floor":12.0,"turns":5.0},{"damage":1.0,"enemies":"Exordium Wildlife","floor":14.0,"turns":2.0},{"damage":34.0,"enemies":"The Guardian","floor":16.0,"turns":12.0},{"damage":0.0,"enemies":"Spheric Guardian","floor":18.0,"turns":1.0},{"damage":16.0,"enemies":"Slavers","floor":23.0,"turns":5.0},{"damage":12.0,"enemies":"3 Byrds","floor":28.0,"turns":5.0},{"damage":20.0,"enemies":"Book of Stabbing","floor":29.0,"turns":4.0},{"damage":74,"enemies":"Champ","floor":33,"turns":11}],"seed_played":"-1181871883149836621","potions_obtained":[{"floor":3.0,"key":"SteroidPotion"},{"floor":6.0,"key":"SpeedPotion"},{"floor":8.0,"key":"SmokeBomb"},{"floor":18.0,"key":"LiquidMemories"},{"floor":28.0,"key":"ColorlessPotion"}],"is_trial":false,"path_per_floor":["M","$","M","?","?","E","R","M","T","$","T","E","?","M","R","B",null,"M","?","?","?","?","E","R","?","T","$","M","E","R","?","R","B"],"character_chosen":"DEFECT","items_purchased":["Melter","Anchor","Potion Belt"],"campfire_rested":2,"item_purchase_floors":[2,10,27],"current_hp_per_floor":[75,75,75,57,57,57,57,57,57,57,57,49,49,48,70,36,75,75,75,75,69,69,58,58,58,63,63,58,45,45,45,67,0,0],"gold":315,"neow_bonus":"THREE_ENEMY_KILL","is_daily":false,"chose_seed":false,"campfire_upgraded":3,"win_rate":0.0,"timestamp":1610629895,"path_taken":["M","$","?","?","?","E","R","M","T","$","?","E","?","?","R","BOSS","M","?","?","?","?","E","R","?","T","?","?","E","R","?","R","BOSS"],"items_purchased_type":["Card","Relic","Relic"],"build_version":"2020-12-22","purchased_purges":1,"victory":false,"max_hp_per_floor":[75,75,75,75,75,75,75,75,75,75,75,75,75,75,75,75,75,75,75,75,75,75,75,75,75,75,75,75,75,75,75,75,75,75],"card_choices":[{"not_picked":["Conserve Battery","Streamline","Hologram"],"picked":"SKIP","floor":1.0},{"not_picked":["Self Repair","Rebound"],"picked":"Ball Lightning","floor":3.0},{"not_picked":["Loop","FTL"],"picked":"Cold Snap","floor":6.0},{"not_picked":["Streamline","Hologram+1"],"picked":"Leap+1","floor":8.0},{"not_picked":["Tempest+1","Melter"],"picked":"Coolheaded+1","floor":12.0},{"not_picked":["Turbo+1","Leap+1"],"picked":"Stack+1","floor":14.0},{"not_picked":["Aggregate+1","Streamline","FTL"],"picked":"SKIP","floor":18.0},{"not_picked":["Go for the Eyes","Reboot+1","Gash+1"],"picked":"SKIP","floor":23.0},{"not_picked":["Sweeping Beam","Barrage+1","Coolheaded+1"],"picked":"SKIP","floor":28.0},{"not_picked":["Barrage","Steam+1","Leap+1"],"picked":"SKIP","floor":29.0}],"player_experience":135385,"relics_obtained":[{"floor":6.0,"key":"Toxic Egg 2"},{"floor":9.0,"key":"Mummified Hand"},{"floor":11.0,"key":"Symbiotic Virus"},{"floor":12.0,"key":"Pocketwatch"},{"floor":23.0,"key":"Whetstone"},{"floor":26.0,"key":"PreservedInsect"},{"floor":29.0,"key":"Orichalcum"}],"event_choices":[{"damage_healed":0.0,"max_hp_gain":0.0,"max_hp_loss":0.0,"gold_gain":0.0,"event_name":"Golden Idol","player_choice":"Take Damage","floor":4.0,"gold_loss":0.0,"damage_taken":18.0,"relics_obtained":["Golden Idol"]},{"damage_healed":0.0,"max_hp_gain":0.0,"max_hp_loss":0.0,"gold_gain":175.0,"event_name":"Liars Game","player_choice":"AGREE","floor":5.0,"gold_loss":0.0,"damage_taken":0.0,"cards_obtained":["Doubt"]},{"damage_healed":0.0,"max_hp_gain":0.0,"max_hp_loss":0.0,"gold_gain":0.0,"event_name":"Living Wall","player_choice":"Grow","floor":13.0,"gold_loss":0.0,"damage_taken":0.0,"cards_upgraded":["Ball Lightning"]},{"damage_healed":0.0,"max_hp_gain":0.0,"max_hp_loss":0.0,"gold_gain":0.0,"event_name":"Forgotten Altar","player_choice":"Gave Idol","floor":19.0,"relics_lost":["Golden Idol"],"gold_loss":0.0,"damage_taken":0.0,"relics_obtained":["Bloody Idol"]},{"damage_healed":0.0,"max_hp_gain":0.0,"max_hp_loss":0.0,"gold_gain":0.0,"event_name":"Addict","player_choice":"Stole Relic","floor":20.0,"gold_loss":0.0,"damage_taken":0.0,"relics_obtained":["Ancient Tea Set"],"cards_obtained":["Shame"]},{"damage_healed":0.0,"max_hp_gain":0.0,"max_hp_loss":0.0,"gold_gain":0.0,"event_name":"Nest","player_choice":"Joined the Cult","floor":21.0,"gold_loss":0.0,"damage_taken":6.0,"cards_obtained":["RitualDagger"]},{"cards_removed":["Shame"],"damage_healed":0.0,"max_hp_gain":0.0,"max_hp_loss":0.0,"gold_gain":0.0,"event_name":"Back to Basics","player_choice":"Elegance","floor":22.0,"gold_loss":0.0,"damage_taken":0.0},{"damage_healed":0.0,"max_hp_gain":0.0,"max_hp_loss":0.0,"gold_gain":0.0,"event_name":"The Mausoleum","player_choice":"Opened","floor":25.0,"gold_loss":0.0,"damage_taken":0.0,"relics_obtained":["Blood Vial"]},{"cards_removed":["Defend_B"],"damage_healed":0.0,"max_hp_gain":0.0,"max_hp_loss":0.0,"gold_gain":0.0,"event_name":"Purifier","player_choice":"Purged","floor":31.0,"gold_loss":0.0,"damage_taken":0.0}],"is_beta":false,"boss_relics":[{"not_picked":["Cursed Key","Astrolabe"],"picked":"Empty Cage"}],"items_purged_floors":[10],"is_endless":false,"potions_floor_spawned":[3,6,8,18,28],"killed_by":"Champ","ascension_level":1}}