{"host":"jpol0bbzretdyr3c","time":1610599382,"event":{"mods":["100% Spire Juice","Act Like it!","BaseMod","Colored Map","Downfall","Gensokyo","Googly Eyes","Hallownest","Koishi","Marisa????????","Minty Spire (QoL Compilation)","Remilia??????","Replay The Spire","StSLib","The Jungle","The Servant 0.9.4"],"gold_per_floor":[215,231,243,243,262,290,290,316,316,329,354,368,368,402,402,498,498,498,498,498,498,498,498,498,498,498,498,498,498,498,47,47,47,47,47,47,47,47,47,47,47,47,47,47,47,47,47,47,47,13,13,13],"floor_reached":53,"language":"ENG","playtime":13649,"items_purged":[],"score":833,"play_id":"ce9edf39-8a05-4b5e-ae50-b3530fbb134d","local_time":"20210113204301","is_ascension_mode":true,"campfire_choices":[{"data":"Koishi:JumpScare","floor":7,"key":"SMITH"},{"data":"Koishi:PredatoryInstincts","floor":13,"key":"SMITH"},{"data":"Koishi:Possession","floor":15,"key":"SMITH"},{"data":"Koishi:ImGoingToCallYouNow","floor":24,"key":"SMITH"},{"data":"Koishi:HauntingSlash","floor":34,"key":"SMITH"},{"data":"Koishi:StingingMind","floor":43,"key":"SMITH"},{"data":"Gensokyo:RainbowDanmaku","floor":51,"key":"SMITH"}],"circlet_count":0,"master_deck":["Koishi:BasicStrike","Koishi:BasicStrike","Koishi:BasicStrike","Koishi:BasicStrike+1","Koishi:BasicDefend","Koishi:BasicDefend","Koishi:BasicDefend","Koishi:BasicDefend+1","Koishi:Provoke","Koishi:HauntingSlash+1","Koishi:RacingHeart+1","Koishi:BloodcurdlingScream","Koishi:CatchAndRose","Koishi:StingingMind+1","Koishi:DreadfulBlow","Koishi:PredatoryInstincts+1","Koishi:Possession+1","Koishi:BloodcurdlingScream","Koishi:SubterraneanRose","Koishi:ImGoingToCallYouNow+1","Koishi:SpiritedAway","Koishi:YoukaiPolygraph","Koishi:Catatonia+1","Koishi:HeartfeltFancy+1","Koishi:EmbryosDream+1","Koishi:CatchAndRose+1","Koishi:MindStellarRelief+1","Koishi:SuperEgo","Pride","Koishi:ParalyzingFear","AbeCurse","Koishi:MindStellarRelief+1","Koishi:VengefulSpirit+1","Koishi:EmbersOfLove+1","Koishi:SubconsciousSweep+1","Koishi:LastRemote","Koishi:ParalyzingFear","Koishi:PerfectMindControl+1","Koishi:ParalyzingFear+1","Koishi:UnconsciousUprising+1","Koishi:StingingMind","Gensokyo:RainbowDanmaku+1"],"relics":["Koishi:ImaginaryFriend","Lizard Tail","Juzu Bracelet","Pear","Meat on the Bone","Koishi:BloodstainedWhiteRose","Ectoplasm","Bag of Marbles","Whetstone","TungstenRod","White Beast Statue","Toxic Egg 2","Potion Belt","ReplayFunnel","GreatHeart","SlaversCollar","Gensokyo:DualWield","Mirror","War Paint","Omamori","Replay:Bottled Steam","Orichalcum"],"acts_visited":["Gensokyo:Gensokyo","TheCity","Gensokyo:Gensokyoest"],"potions_floor_usage":[6,16,16,16,38,49,49],"damage_taken":[{"damage":3,"enemies":"Gensokyo:Gryphon","floor":1,"turns":5},{"damage":0,"enemies":"Gensokyo:3_Fairies","floor":2,"turns":4},{"damage":0,"enemies":"Gensokyo:Python","floor":3,"turns":3},{"damage":11,"enemies":"Gensokyo:VengefulSpirit","floor":5,"turns":5},{"damage":19,"enemies":"Gensokyo:Cirno","floor":6,"turns":8},{"damage":20,"enemies":"Gensokyo:Mamizou","floor":8,"turns":7},{"damage":8,"enemies":"Gensokyo:3_Kodama","floor":10,"turns":3},{"damage":25,"enemies":"Gensokyo:Cirno","floor":11,"turns":7},{"damage":33,"enemies":"Gensokyo:Gryphon_and_Rabbit","floor":12,"turns":6},{"damage":22,"enemies":"Gensokyo:Aya","floor":14,"turns":6},{"damage":51,"enemies":"Gensokyo:Yukari","floor":16,"turns":10},{"damage":53,"enemies":"3 Byrds","floor":18,"turns":7},{"damage":44,"enemies":"Shell Parasite","floor":20,"turns":8},{"damage":52,"enemies":"Book of Stabbing","floor":23,"turns":5},{"damage":17,"enemies":"Replay:Snechameleon","floor":25,"turns":3},{"damage":35,"enemies":"Book of Stabbing","floor":27,"turns":4},{"damage":30,"enemies":"Gremlin Leader","floor":30,"turns":4},{"damage":0,"enemies":"Chosen and Byrds","floor":33,"turns":4},{"damage":44,"enemies":"Pondfish","floor":35,"turns":12},{"damage":11,"enemies":"Gensokyo:3_Bats","floor":37,"turns":3},{"damage":14,"enemies":"Gensokyo:AncientGuardian","floor":38,"turns":5},{"damage":25,"enemies":"Gensokyo:Kasen","floor":42,"turns":4},{"damage":7,"enemies":"Gensokyo:Doremy","floor":44,"turns":5},{"damage":6,"enemies":"Gensokyo:Marisa","floor":46,"turns":4},{"damage":12,"enemies":"Gensokyo:SeedOfUnknown","floor":48,"turns":5},{"damage":55,"enemies":"Gensokyo:SeedOfUnknown","floor":49,"turns":8},{"damage":3,"enemies":"Gensokyo:Yuyuko","floor":52,"turns":6}],"seed_played":"-8239577705991320817","potions_obtained":[{"floor":1,"key":"Fire Potion"},{"floor":6,"key":"Ancient Potion"},{"floor":11,"key":"FearPotion"},{"floor":12,"key":"Swift Potion"},{"floor":16,"key":"Reflective Coating"},{"floor":25,"key":"Adrenaline Potion"},{"floor":27,"key":"Fire Potion"},{"floor":30,"key":"ColorlessPotion"},{"floor":33,"key":"Elixir"},{"floor":35,"key":"hexamod:EctoCoolerPotion"},{"floor":38,"key":"GamblersBrew"}],"is_trial":false,"path_per_floor":["M","M","M","?","M","E","R","E","T","M","E","M","R","E","R","B",null,"M","?","M","T","?","E","R","E","T","E","PTL","PTL","E","$","?","M","R","B",null,"M","M","?","?","T","E","R","E","T","E","?","M","?","COS","R","B",null],"character_chosen":"KOISHI","items_purchased":["ReplayFunnel","Koishi:MindStellarRelief+1","Koishi:SuperEgo"],"campfire_rested":0,"item_purchase_floors":[31,31,31],"current_hp_per_floor":[59,60,60,60,50,36,36,32,42,40,38,39,39,39,39,46,70,61,61,68,68,55,35,35,74,74,75,75,75,75,75,75,75,75,75,75,64,72,72,43,43,75,75,75,75,75,65,75,75,75,75,75],"gold":13,"neow_bonus":"HUNDRED_GOLD","is_daily":false,"chose_seed":false,"campfire_upgraded":7,"win_rate":0.0,"timestamp":1610599381,"path_taken":["M","M","M","?","M","E","R","E","T","M","E","M","R","E","R","BOSS","M","?","M","?","?","E","R","E","T","E","PTL","PTL","E","$","?","M","R","BOSS","M","M","?","?","?","E","R","E","T","E","?","M","?","COS","R","BOSS"],"items_purchased_type":["Relic","Card","Card"],"build_version":"2020-12-22","purchased_purges":0,"victory":true,"max_hp_per_floor":[60,60,60,60,60,60,60,60,70,70,70,70,70,70,70,70,70,70,70,70,70,75,75,75,75,75,75,75,75,75,75,75,75,75,75,75,75,75,75,75,75,75,75,75,75,75,75,75,75,75,75,75],"card_choices":[{"not_picked":["Koishi:UnseenTerror","Koishi:EmbryosDream"],"picked":"Koishi:RacingHeart","floor":1},{"not_picked":["Koishi:SprinkleStarAndHeart","Koishi:ApparitionsStalkTheNight"],"picked":"Koishi:BloodcurdlingScream","floor":2},{"not_picked":["Koishi:UnansweredLove","Koishi:Prune"],"picked":"Koishi:CatchAndRose","floor":3},{"not_picked":["Koishi:ParalyzingFear","Koishi:PhantomStrike"],"picked":"Koishi:StingingMind","floor":5},{"not_picked":["Koishi:UnansweredLove","Koishi:MassHysteria"],"picked":"Koishi:JumpScare","floor":6},{"not_picked":["Koishi:Untouchable","Koishi:GhostParty"],"picked":"Koishi:DreadfulBlow","floor":8},{"not_picked":["Koishi:RacingHeart","Koishi:ConditionedTeleport"],"picked":"Koishi:PredatoryInstincts","floor":10},{"not_picked":["Koishi:FleetingPhantom","Koishi:Whimsy"],"picked":"Koishi:Possession","floor":11},{"not_picked":["Koishi:StrangeCloudFist","Koishi:ReflexRadar"],"picked":"Koishi:BloodcurdlingScream","floor":12},{"not_picked":["Koishi:VengefulSpirit","Koishi:Catatonia"],"picked":"Koishi:SubterraneanRose","floor":14},{"not_picked":["Koishi:SilentAndRestless","Koishi:FormlessExistence"],"picked":"Koishi:ImGoingToCallYouNow","floor":16},{"not_picked":["Koishi:SprinkleStarAndHeart","Koishi:FleetingPhantom"],"picked":"Koishi:SpiritedAway","floor":18},{"not_picked":["Koishi:DanmakuParanoia+1","Koishi:PhilosophyOfTheDespised"],"picked":"Koishi:YoukaiPolygraph","floor":20},{"not_picked":["Koishi:HeartfeltFancy","Koishi:EmbryosDream"],"picked":"Koishi:Catatonia+1","floor":23},{"not_picked":["Koishi:StingingMind","Koishi:FidgetySnatcher"],"picked":"Koishi:HeartfeltFancy","floor":25},{"not_picked":["Koishi:BloodcurdlingScream+1","Koishi:SpiritedAway"],"picked":"Koishi:EmbryosDream+1","floor":27},{"not_picked":["Koishi:FourthEye+1","Koishi:HeartfeltFancy+1"],"picked":"Koishi:CatchAndRose+1","floor":30},{"not_picked":["Koishi:StingingMind","Koishi:HeartfeltFancy+1"],"picked":"Koishi:ParalyzingFear","floor":33},{"not_picked":["Koishi:Heartbroken","Koishi:Ego"],"picked":"Koishi:MindStellarRelief+1","floor":35},{"not_picked":["Koishi:CatchAndRose+1","Koishi:Prune"],"picked":"Koishi:VengefulSpirit+1","floor":37},{"not_picked":["Koishi:EmbryosDream+1","Koishi:PhantomStrike+1"],"picked":"Koishi:EmbersOfLove+1","floor":38},{"not_picked":["Koishi:FreudianInstinct+1","Koishi:SubterraneanRose+1"],"picked":"Koishi:SubconsciousSweep+1","floor":40},{"not_picked":["Koishi:SubconsciousSweep+1","Koishi:Jaunt"],"picked":"Koishi:LastRemote","floor":40},{"not_picked":["Koishi:Untouchable+1","Koishi:Prune+1"],"picked":"Koishi:ParalyzingFear","floor":40},{"not_picked":["Koishi:Jaunt","Koishi:SprinkleStarAndHeart+1"],"picked":"Koishi:PerfectMindControl+1","floor":42},{"not_picked":["Koishi:BramblyRoseGarden","Koishi:Whimsy+1"],"picked":"Koishi:ParalyzingFear+1","floor":44},{"not_picked":["Koishi:GhostParty+1","Koishi:GeneticsOfTheUnconscious+1"],"picked":"Koishi:UnconsciousUprising+1","floor":46},{"not_picked":["Koishi:ParalyzingFear+1","Koishi:BloodcurdlingScream+1"],"picked":"Koishi:StingingMind","floor":48},{"not_picked":["Gensokyo:DreamlikeParadise","Gensokyo:LifeSpringInfinity"],"picked":"Gensokyo:RainbowDanmaku","floor":49}],"player_experience":442086,"relics_obtained":[{"floor":6,"key":"Lizard Tail"},{"floor":8,"key":"Juzu Bracelet"},{"floor":9,"key":"Pear"},{"floor":11,"key":"Meat on the Bone"},{"floor":14,"key":"Koishi:BloodstainedWhiteRose"},{"floor":21,"key":"Bag of Marbles"},{"floor":23,"key":"Whetstone"},{"floor":25,"key":"TungstenRod"},{"floor":26,"key":"White Beast Statue"},{"floor":27,"key":"Toxic Egg 2"},{"floor":30,"key":"Potion Belt"},{"floor":41,"key":"Mirror"},{"floor":42,"key":"War Paint"},{"floor":44,"key":"Omamori"},{"floor":45,"key":"Replay:Bottled Steam"},{"floor":46,"key":"Orichalcum"}],"event_choices":[{"damage_healed":0,"gold_gain":99,"player_choice":"Stole From Cult","damage_taken":0,"max_hp_gain":0,"max_hp_loss":0,"event_name":"Nest","floor":19,"gold_loss":0},{"damage_healed":0,"gold_gain":0,"player_choice":"Shed Blood","damage_taken":18,"max_hp_gain":5,"max_hp_loss":0,"event_name":"Forgotten Altar","floor":22,"gold_loss":0}],"is_beta":false,"boss_relics":[{"not_picked":["Replay:Fungal Core","Sozu"],"picked":"Ectoplasm"},{"not_picked":["Replay:Grab Bag","Busted Crown"],"picked":"SlaversCollar"}],"items_purged_floors":[],"is_endless":false,"potions_floor_spawned":[1,6,11,12,16,25,27,30,33,35,37,38,42,44,46,48],"ascension_level":4}}