{"host":"ibonnlq6s1c814xj","time":1610626776,"event":{"mods":["BaseMod","BetterRewards","Good Game Mod","Minty Spire (QoL Compilation)","Shop Mod","【功能Mod】聪明的最终Boss"],"gold_per_floor":[117,292,306,306,356,411,423,451,515,543,573,585,872,905,917,929,929],"floor_reached":16,"language":"ZHS","playtime":498,"items_purged":[],"score":133,"play_id":"b287d77c-2d91-42c2-87c9-6b1abb1e6a62","local_time":"20210114201936","is_ascension_mode":true,"campfire_choices":[{"data":"Zap","floor":7,"key":"SMITH"},{"data":"Hologram","floor":15,"key":"SMITH"}],"circlet_count":0,"master_deck":["Strike_B","Strike_B","Strike_B","Strike_B+1","Defend_B","Defend_B","Defend_B","Defend_B+1","Zap+1","Dualcast","Bullet Time","Doubt","Injury","Hologram+1","Self Repair"],"relics":["Cracked Core","REME:ComplimentaryCards","NeowsBlessing","Golden Idol","MawBank","Omamori","Oddly Smooth Stone"],"acts_visited":["Exordium"],"potions_floor_usage":[16,16,16],"damage_taken":[{"damage":0,"enemies":"2 Louse","floor":1,"turns":1},{"damage":0,"enemies":"Jaw Worm","floor":3,"turns":1},{"damage":0,"enemies":"Lagavulin","floor":6,"turns":1},{"damage":1,"enemies":"Cultist","floor":8,"turns":3},{"damage":23,"enemies":"Gremlin Gang","floor":10,"turns":7},{"damage":3,"enemies":"Blue Slaver","floor":11,"turns":4},{"damage":7,"enemies":"Large Slime","floor":14,"turns":5},{"damage":33,"enemies":"The Guardian","floor":16,"turns":10}],"seed_played":"-7269626949976962325","potions_obtained":[{"floor":3,"key":"PotionOfCapacity"},{"floor":6,"key":"Block Potion"},{"floor":11,"key":"CultistPotion"}],"is_trial":false,"path_per_floor":["M","?","M","?","T","E","R","M","T","M","M","?","?","M","R","B"],"character_chosen":"DEFECT","items_purchased":[],"campfire_rested":0,"item_purchase_floors":[],"current_hp_per_floor":[75,75,75,75,75,75,75,74,74,51,48,33,33,33,33,0,0],"gold":929,"neow_bonus":"THREE_ENEMY_KILL","is_daily":false,"chose_seed":false,"campfire_upgraded":2,"win_rate":0.0,"timestamp":1610626776,"path_taken":["M","?","M","?","?","E","R","M","T","?","M","?","?","M","R","BOSS"],"items_purchased_type":[],"build_version":"2020-12-22","purchased_purges":0,"victory":false,"max_hp_per_floor":[75,75,75,75,75,75,75,75,75,75,75,75,75,75,75,75,75],"card_choices":[{"not_picked":["Conserve Battery","Turbo","Go for the Eyes"],"picked":"SKIP","floor":1},{"not_picked":["Compile Driver","Go for the Eyes","Turbo"],"picked":"SKIP","floor":3},{"not_picked":["Steam","Auto Shields","Hologram"],"picked":"SKIP","floor":6},{"not_picked":["Go for the Eyes","Rebound","Scrape"],"picked":"SKIP","floor":8},{"not_picked":["Steam","Rebound"],"picked":"Hologram","floor":10},{"not_picked":["Conserve Battery","Doom and Gloom"],"picked":"Self Repair","floor":11},{"not_picked":["Cold Snap","Compile Driver","Stack"],"picked":"SKIP","floor":14}],"player_experience":207224,"relics_obtained":[{"floor":5,"key":"MawBank"},{"floor":6,"key":"Omamori"},{"floor":9,"key":"Oddly Smooth Stone"}],"event_choices":[{"damage_healed":0,"gold_gain":175,"player_choice":"AGREE","damage_taken":0,"max_hp_gain":0,"max_hp_loss":0,"event_name":"Liars Game","floor":2,"gold_loss":0,"cards_obtained":["Doubt"]},{"damage_healed":0,"gold_gain":0,"player_choice":"Take Wound","damage_taken":0,"relics_obtained":["Golden Idol"],"max_hp_gain":0,"max_hp_loss":0,"event_name":"Golden Idol","floor":4,"gold_loss":0,"cards_obtained":["Injury"]},{"damage_healed":0,"gold_gain":0,"player_choice":"Entered Light","damage_taken":15,"max_hp_gain":0,"max_hp_loss":0,"event_name":"Shining Light","floor":12,"gold_loss":0,"cards_upgraded":["Defend_B","Strike_B"]},{"damage_healed":0,"gold_gain":275,"player_choice":"Desecrate","damage_taken":0,"max_hp_gain":0,"max_hp_loss":0,"event_name":"Golden Shrine","floor":13,"gold_loss":0,"cards_obtained":["Regret"]}],"is_beta":false,"boss_relics":[],"items_purged_floors":[],"is_endless":false,"potions_floor_spawned":[3,6,11],"killed_by":"The Guardian","ascension_level":1}}