{"host":"anox4050deqdcqoh","time":1610660743,"event":{"mods":["BaseMod","Colored Map","Highlight Path","Minty Spire (QoL Compilation)","Quick Restart","Rare Cards Sparkle","everything is the same but u backflip on backflip"],"gold_per_floor":[114,114,114,114,133,133,164,164,164,164,180,25,48,67,67,198,198,184,184,33,33,49,49,49,49],"floor_reached":24,"language":"ENG","playtime":872,"items_purged":["Strike_R"],"score":223,"play_id":"eaa845b1-b31d-4ed7-9280-555fe1e3327b","local_time":"20210114164543","is_ascension_mode":true,"campfire_choices":[{"data":"Clothesline","floor":6,"key":"SMITH"},{"floor":8,"key":"REST"},{"data":"Berserk","floor":10,"key":"SMITH"},{"data":"Heavy Blade","floor":15,"key":"SMITH"},{"data":"RitualDagger","floor":23,"key":"SMITH"}],"circlet_count":0,"master_deck":["Strike_R","Strike_R","Strike_R","Strike_R","Defend_R","Defend_R","Defend_R","Bash","Heavy Blade+1","Clothesline+1","Inflame","Berserk+1","Flex","Pummel","Headbutt","Twin Strike","Demon Form","Cleave","RitualDagger+1","Feed"],"relics":["Burning Blood","Golden Idol","Tiny Chest","Pantograph","Runic Cube","MutagenicStrength"],"acts_visited":["Exordium","TheCity"],"potions_floor_usage":[7,24,24],"damage_taken":[{"damage":7,"enemies":"Small Slimes","floor":1,"turns":3},{"damage":6,"enemies":"2 Louse","floor":5,"turns":2},{"damage":46,"enemies":"Lagavulin","floor":7,"turns":8},{"damage":9,"enemies":"Jaw Worm","floor":11,"turns":3},{"damage":0,"enemies":"Exordium Wildlife","floor":13,"turns":2},{"damage":9,"enemies":"2 Fungi Beasts","floor":14,"turns":3},{"damage":47,"enemies":"The Guardian","floor":16,"turns":8},{"damage":34,"enemies":"2 Thieves","floor":18,"turns":4},{"damage":11,"enemies":"Spheric Guardian","floor":22,"turns":3},{"damage":53,"enemies":"Book of Stabbing","floor":24,"turns":5}],"seed_played":"8443126080552822479","potions_obtained":[{"floor":5,"key":"PowerPotion"},{"floor":11,"key":"PowerPotion"},{"floor":13,"key":"EssenceOfSteel"},{"floor":16,"key":"SpeedPotion"}],"is_trial":false,"path_per_floor":["M","?","?","?","M","R","E","R","T","R","M","$","M","M","R","B",null,"M","?","$","?","M","R","E"],"character_chosen":"IRONCLAD","items_purchased":["Pummel","Feed"],"campfire_rested":1,"item_purchase_floors":[12,20],"current_hp_per_floor":[87,87,87,65,65,65,25,51,51,51,48,48,54,51,51,35,88,60,54,54,54,52,52,0,0],"gold":49,"neow_bonus":"TEN_PERCENT_HP_BONUS","is_daily":false,"chose_seed":false,"campfire_upgraded":4,"win_rate":0.0,"timestamp":1610660743,"path_taken":["M","?","?","?","M","R","E","R","T","R","M","?","M","M","R","BOSS","M","?","$","?","M","R","E"],"items_purchased_type":["Card","Card"],"build_version":"2020-12-22","purchased_purges":1,"victory":false,"max_hp_per_floor":[88,88,88,88,88,88,88,88,88,88,88,88,88,88,88,88,88,88,88,88,88,91,91,91,91],"card_choices":[{"not_picked":["Havoc","True Grit"],"picked":"Heavy Blade","floor":1},{"not_picked":["Clothesline","Bloodletting"],"picked":"Inflame","floor":5},{"not_picked":["Infernal Blade","Body Slam"],"picked":"Berserk","floor":7},{"not_picked":["Perfected Strike","Entrench"],"picked":"Flex","floor":11},{"not_picked":["Cleave","Havoc"],"picked":"Headbutt","floor":13},{"not_picked":["Body Slam","Heavy Blade"],"picked":"Twin Strike","floor":14},{"not_picked":["Fiend Fire","Corruption"],"picked":"Demon Form","floor":16},{"not_picked":["Inflame","Headbutt+1"],"picked":"Cleave","floor":18},{"not_picked":["Hemokinesis","Clash","Burning Pact"],"picked":"SKIP","floor":22}],"player_experience":338416,"relics_obtained":[{"floor":7,"key":"Tiny Chest"},{"floor":9,"key":"Pantograph"}],"event_choices":[{"damage_healed":0,"gold_gain":0,"player_choice":"Ignored","damage_taken":0,"max_hp_gain":0,"max_hp_loss":0,"event_name":"Shining Light","floor":2,"gold_loss":0},{"damage_healed":0,"gold_gain":0,"cards_transformed":["Defend_R"],"player_choice":"Change","damage_taken":0,"max_hp_gain":0,"max_hp_loss":0,"event_name":"Living Wall","floor":3,"gold_loss":0,"cards_obtained":["Clothesline"]},{"damage_healed":0,"gold_gain":0,"player_choice":"Take Damage","damage_taken":22,"relics_obtained":["Golden Idol"],"max_hp_gain":0,"max_hp_loss":0,"event_name":"Golden Idol","floor":4,"gold_loss":0},{"damage_healed":0,"gold_gain":0,"player_choice":"Joined the Cult","damage_taken":6,"max_hp_gain":0,"max_hp_loss":0,"event_name":"Nest","floor":19,"gold_loss":0,"cards_obtained":["RitualDagger"]},{"damage_healed":0,"gold_gain":0,"player_choice":"Inject Mutagens","damage_taken":0,"relics_obtained":["MutagenicStrength"],"max_hp_gain":0,"max_hp_loss":0,"event_name":"Drug Dealer","floor":21,"gold_loss":0}],"is_beta":false,"boss_relics":[{"not_picked":["Velvet Choker","Runic Dome"],"picked":"Runic Cube"}],"items_purged_floors":[12],"is_endless":false,"potions_floor_spawned":[5,11,13,16],"killed_by":"Book of Stabbing","ascension_level":3}}