{"host":"nz11ypxva4e39b7q","time":1610644968,"event":{"mods":["BaseMod","Better Altar","Better Skull","Better Third Choice","Better Vampires","Colored Map","Minty Spire (QoL Compilation)","Spicy Shops","StSLib","The Marked"],"gold_per_floor":[367,20,20,33,33,33,33,48,74,88,118,118,227,259,271,386,398,421,450,577,600,626,638,662,674,713,143,143,168,15,15,15,110,110,123,142,142,161,176,176,211,211,236,271,13,38,83,114,114,114,114,114,15,40,40],"floor_reached":56,"language":"ENG","playtime":2529,"items_purged":["theMarked:Strike","theMarked:Strike","theMarked:Strike","theMarked:Strike"],"score":1585,"play_id":"aa85152d-957d-4cc1-a51c-a89bd8a969da","local_time":"20210114182248","is_ascension_mode":true,"campfire_choices":[{"data":"theMarked:SoldierOfQuellstein","floor":6.0,"key":"SMITH"},{"data":"theMarked:Electrocute","floor":12.0,"key":"SMITH"},{"floor":15.0,"key":"REST"},{"data":"theMarked:AttractMetal","floor":23.0,"key":"SMITH"},{"data":"theMarked:Defend","floor":25.0,"key":"SMITH"},{"data":"theMarked:Static","floor":28.0,"key":"SMITH"},{"data":"theMarked:Challenge","floor":32.0,"key":"SMITH"},{"floor":40.0,"key":"RECALL"},{"floor":49.0,"key":"DIG"},{"floor":52,"key":"DIG"}],"circlet_count":0,"master_deck":["theMarked:Strike+1","theMarked:Defend","theMarked:Defend+1","theMarked:SoldierOfQuellstein+1","theMarked:AttractMetal+1","theMarked:Electrocute+1","theMarked:Static+1","theMarked:ThrowWeapon+1","theMarked:Static+1","theMarked:Convert+1","theMarked:Reabsorb+1","theMarked:Challenge+1","theMarked:FavorableWinds","theMarked:GodGivenPower+1","theMarked:Electrocute+1","theMarked:ComboAttacks+1","theMarked:Improvise+1","theMarked:ElementalBlade","theMarked:ChannelForce"],"relics":["theMarked:ArtifactOfAir","Lee\u0027s Waffle","Bag of Marbles","Letter Opener","Question Card","MawBank","Coffee Dripper","PreservedInsect","Akabeko","theMarked:Winder","Blood Vial","Shuriken","Toy Ornithopter","Fusion Hammer","Potion Belt","Smiling Mask","MealTicket","Shovel","Ginger","Centennial Puzzle","Blue Candle","Art of War"],"acts_visited":["Exordium","TheCity","TheBeyond","TheEnding"],"potions_floor_usage":[50,55,55,55,55,55,55,55,55,55,55,55,55,55],"damage_taken":[{"damage":1.0,"enemies":"Small Slimes","floor":1.0,"turns":4.0},{"damage":0.0,"enemies":"Cultist","floor":4.0,"turns":3.0},{"damage":0.0,"enemies":"Jaw Worm","floor":8.0,"turns":2.0},{"damage":1.0,"enemies":"Looter","floor":10.0,"turns":2.0},{"damage":14.0,"enemies":"3 Sentries","floor":11.0,"turns":7.0},{"damage":1.0,"enemies":"Red Slaver","floor":14.0,"turns":3.0},{"damage":35.0,"enemies":"The Guardian","floor":16.0,"turns":10.0},{"damage":6.0,"enemies":"Spheric Guardian","floor":18.0,"turns":4.0},{"damage":0.0,"enemies":"Chosen","floor":19.0,"turns":3.0},{"damage":0.0,"enemies":"Snake Plant","floor":21.0,"turns":1.0},{"damage":11.0,"enemies":"Centurion and Healer","floor":22.0,"turns":3.0},{"damage":8.0,"enemies":"Shelled Parasite and Fungi","floor":24.0,"turns":3.0},{"damage":12.0,"enemies":"Slavers","floor":29.0,"turns":3.0},{"damage":15.0,"enemies":"Collector","floor":33.0,"turns":4.0},{"damage":2.0,"enemies":"3 Shapes","floor":35.0,"turns":2.0},{"damage":2.0,"enemies":"3 Darklings","floor":36.0,"turns":3.0},{"damage":0.0,"enemies":"4 Shapes","floor":38.0,"turns":3.0},{"damage":3.0,"enemies":"Sphere and 2 Shapes","floor":39.0,"turns":5.0},{"damage":1.0,"enemies":"Reptomancer","floor":41.0,"turns":2.0},{"damage":13.0,"enemies":"Nemesis","floor":44.0,"turns":3.0},{"damage":9.0,"enemies":"Reptomancer","floor":46.0,"turns":2.0},{"damage":4.0,"enemies":"2 Orb Walkers","floor":47.0,"turns":3.0},{"damage":0.0,"enemies":"Nemesis","floor":48.0,"turns":3.0},{"damage":52,"enemies":"Donu and Deca","floor":50,"turns":6},{"damage":8,"enemies":"Shield and Spear","floor":54,"turns":3},{"damage":100,"enemies":"The Heart","floor":55,"turns":5}],"seed_played":"-6317726806625195023","potions_obtained":[{"floor":4.0,"key":"FairyPotion"},{"floor":10.0,"key":"Block Potion"},{"floor":16.0,"key":"SpeedPotion"},{"floor":22.0,"key":"SmokeBomb"},{"floor":29.0,"key":"theMarked:SummonPotion"},{"floor":39.0,"key":"FearPotion"},{"floor":41.0,"key":"Strength Potion"},{"floor":44.0,"key":"Block Potion"},{"floor":47.0,"key":"SteroidPotion"}],"is_trial":false,"path_per_floor":["M","$","?","M","?","R","?","M","T","M","E","R","?","M","R","B",null,"M","M","?","M","M","R","M","R","T","$","R","E","$","?","R","B",null,"M","M","?","M","M","R","E","R","T","E","$","E","?","E","R","B",null,"R","$","E","B",null],"character_chosen":"THE_DEFAULT","items_purchased":["Lee\u0027s Waffle","Bag of Marbles","theMarked:SwordAndMagic","theMarked:Winder","Blood Vial","Explosive Potion","Toy Ornithopter","EntropicBrew","Dexterity Potion"],"campfire_rested":1,"item_purchase_floors":[2,2,2,27,27,27,30,45,53],"current_hp_per_floor":[48,77,77,77,70,70,70,70,70,69,55,55,19,18,41,6,59,53,53,16,16,5,5,23,23,23,23,23,13,13,13,13,10,60,60,60,60,62,61,61,62,62,62,51,66,64,67,69,69,24,64,64,77,69,17],"gold":40,"neow_bonus":"TWO_FIFTY_GOLD","is_daily":false,"chose_seed":false,"campfire_upgraded":6,"win_rate":0.0,"timestamp":1610644968,"path_taken":["M","$","?","?","?","R","?","M","T","?","E","R","?","M","R","BOSS","M","?","?","M","?","R","M","R","T","$","R","E","$","?","R","BOSS","M","M","?","M","M","R","E","R","T","E","?","E","?","E","R","BOSS","R","$","E","BOSS"],"items_purchased_type":["Relic","Relic","Card","Relic","Relic","Potion","Relic","Potion","Potion"],"build_version":"2020-12-22","purchased_purges":4,"victory":true,"max_hp_per_floor":[70,77,77,77,77,77,77,77,77,77,77,77,77,77,77,77,77,77,77,77,77,77,77,77,77,77,77,77,77,77,77,77,77,77,77,77,77,77,77,77,77,77,77,77,77,77,77,77,77,77,77,77,77,77,77],"card_choices":[{"not_picked":["theMarked:Frustration","theMarked:Parkour"],"picked":"theMarked:AttractMetal","floor":1.0},{"not_picked":["theMarked:GodGivenPower","theMarked:DeterminationOfTheMarked"],"picked":"theMarked:Electrocute","floor":4.0},{"not_picked":["theMarked:ChainLightning","theMarked:EmpowerWeapon","theMarked:SelfDefenseTraining"],"picked":"SKIP","floor":8.0},{"not_picked":["theMarked:WardOff","theMarked:HeightenedSenses","theMarked:BanishingStrike"],"picked":"SKIP","floor":10.0},{"not_picked":["theMarked:ResourceFulStrike","theMarked:HeightenedSenses","theMarked:SoldierForm"],"picked":"SKIP","floor":11.0},{"not_picked":["theMarked:TwofoldDefense","theMarked:KeepCalmAndFightOn","theMarked:BanishingStrike","theMarked:ResourceFulStrike"],"picked":"SKIP","floor":14.0},{"not_picked":["theMarked:Levitate","theMarked:Vacuum","theMarked:UnarmedFury"],"picked":"theMarked:ThrowWeapon","floor":16.0},{"not_picked":["theMarked:ResourceFulStrike","theMarked:EmpowerWeapon","theMarked:LightningStrikesTwice"],"picked":"theMarked:Static+1","floor":18.0},{"not_picked":["theMarked:Static+1","theMarked:SwordAndMagic+1","theMarked:LightningStrikesTwice"],"picked":"theMarked:Convert+1","floor":19.0},{"not_picked":["theMarked:KeepCalmAndFightOn","theMarked:ChainLightning","theMarked:RepellingDischarge","theMarked:Electrify"],"picked":"SKIP","floor":21.0},{"not_picked":["theMarked:Convert","theMarked:Parkour","theMarked:WastefulDefense+1","theMarked:ResourceFulStrike"],"picked":"SKIP","floor":22.0},{"not_picked":["theMarked:ThrowWeapon","theMarked:Frustration","theMarked:WastefulAttack"],"picked":"theMarked:Reabsorb+1","floor":24.0},{"not_picked":["theMarked:WardOff+1","theMarked:Indomitable","theMarked:LightningStrikesTwice"],"picked":"theMarked:Challenge","floor":29.0},{"not_picked":["theMarked:ThrowWeapon","theMarked:Vacuum","theMarked:Abjuration"],"picked":"theMarked:FavorableWinds","floor":33.0},{"not_picked":["theMarked:WastefulAttack+1","theMarked:WardOff","theMarked:HeritageOfTheMarked"],"picked":"theMarked:GodGivenPower+1","floor":35.0},{"not_picked":["theMarked:ResourceFulStrike+1","theMarked:BanishingStrike","theMarked:RogueSparks","theMarked:ChainLightning+1"],"picked":"SKIP","floor":36.0},{"not_picked":["theMarked:LightningStrikesTwice+1","theMarked:Opportunist","theMarked:ElectricStrings+1"],"picked":"theMarked:Electrocute+1","floor":38.0},{"not_picked":["theMarked:Indomitable+1","theMarked:Improvise+1","theMarked:WastefulDefense+1","theMarked:WastefulAttack+1"],"picked":"SKIP","floor":39.0},{"not_picked":["theMarked:BanishingStrike","theMarked:ChainLightning","theMarked:GodGivenPower"],"picked":"theMarked:ComboAttacks+1","floor":41.0},{"not_picked":["theMarked:WardOff+1","theMarked:MagicAdept","theMarked:Parkour","theMarked:ChainLightning"],"picked":"SKIP","floor":44.0},{"not_picked":["theMarked:ElectricStrings+1","theMarked:ResourceFulStrike","theMarked:ChainLightning+1","theMarked:ThrowWeapon"],"picked":"SKIP","floor":46.0},{"not_picked":["theMarked:Frustration","theMarked:Parry+1","theMarked:AttractMetal+1"],"picked":"theMarked:Improvise+1","floor":47.0},{"not_picked":["theMarked:ElectricStrings+1","theMarked:BanishingStrike","theMarked:Seal"],"picked":"theMarked:ElementalBlade","floor":48.0},{"not_picked":["theMarked:WastefulAttack","theMarked:KeepCalmAndFightOn","theMarked:Aftermath+1"],"picked":"theMarked:ChannelForce","floor":54}],"player_experience":1001572,"relics_obtained":[{"floor":11.0,"key":"Question Card"},{"floor":26.0,"key":"Akabeko"},{"floor":29.0,"key":"Shuriken"},{"floor":41.0,"key":"Potion Belt"},{"floor":43.0,"key":"Smiling Mask"},{"floor":44.0,"key":"MealTicket"},{"floor":47.0,"key":"Shovel"},{"floor":48.0,"key":"Ginger"},{"floor":49.0,"key":"Centennial Puzzle"},{"floor":52,"key":"Blue Candle"},{"floor":54,"key":"Art of War"}],"event_choices":[{"cards_removed":["theMarked:SwordAndMagic"],"damage_healed":0.0,"max_hp_gain":0.0,"max_hp_loss":0.0,"gold_gain":0.0,"event_name":"WeMeetAgain","player_choice":"Gave Card","floor":3.0,"gold_loss":0.0,"damage_taken":0.0,"relics_obtained":["Letter Opener"]},{"cards_removed":["theMarked:Defend"],"damage_healed":0.0,"max_hp_gain":0.0,"max_hp_loss":0.0,"gold_gain":0.0,"event_name":"Golden Wing","player_choice":"Card Removal","floor":5.0,"gold_loss":0.0,"damage_taken":7.0},{"damage_healed":0.0,"max_hp_gain":0.0,"max_hp_loss":0.0,"gold_gain":0.0,"event_name":"Match and Keep!","player_choice":"1 cards matched","floor":7.0,"gold_loss":0.0,"damage_taken":0.0,"cards_obtained":["theMarked:Static"]},{"damage_healed":0.0,"max_hp_gain":0.0,"max_hp_loss":0.0,"gold_gain":109.0,"event_name":"betterSkull:BetterSkull","player_choice":"GO UP RE ","floor":13.0,"gold_loss":0.0,"damage_taken":41.0,"cards_upgraded":["theMarked:Strike"],"relics_obtained":["MawBank"]},{"damage_healed":0.0,"max_hp_gain":0.0,"max_hp_loss":0.0,"gold_gain":115.0,"event_name":"betterSkull:BetterSkull","player_choice":"GO UP RE ","floor":20.0,"gold_loss":0.0,"damage_taken":42.0,"cards_upgraded":["theMarked:ThrowWeapon"],"relics_obtained":["PreservedInsect"]},{"cards_removed":["theMarked:Defend"],"damage_healed":0.0,"max_hp_gain":0.0,"max_hp_loss":0.0,"gold_gain":0.0,"event_name":"Purifier","player_choice":"Purged","floor":31.0,"gold_loss":0.0,"damage_taken":0.0},{"damage_healed":0.0,"max_hp_gain":0.0,"max_hp_loss":0.0,"gold_gain":0.0,"event_name":"Tomb of Lord Red Mask","player_choice":"Ignored","floor":37.0,"gold_loss":0.0,"damage_taken":0.0},{"damage_healed":0.0,"max_hp_gain":0.0,"max_hp_loss":0.0,"gold_gain":0.0,"event_name":"Mysterious Sphere","player_choice":"Fight","floor":47.0,"gold_loss":0.0,"damage_taken":0.0}],"is_beta":false,"boss_relics":[{"not_picked":["Velvet Choker","Tiny House"],"picked":"Coffee Dripper"},{"not_picked":["Snecko Eye","SacredBark"],"picked":"Fusion Hammer"}],"items_purged_floors":[27,27,45,53],"is_endless":false,"potions_floor_spawned":[4,10,16,22,29,39,41,44,47],"ascension_level":5}}