{"host":"og6lam4kt3nibbw0","time":1610643246,"event":{"mods":["AchievementEnabler","BaseMod","Colored Map","DeckTracker","Highlight Path","Keyboard Shortcuts","Minty Spire (QoL Compilation)","Permanent Neow","Quick Restart","StSLib","SuperFastMode"],"gold_per_floor":[16,16,16,30,30,30,63,21,21,21,53,73,92,103,103,182,182,193,203,214,27,44,44,44,44],"floor_reached":24,"language":"KOR","playtime":810,"items_purged":["Hello World"],"score":416,"play_id":"f2e7ca53-6d94-4403-89b4-1705b26989c2","local_time":"20210115015406","is_ascension_mode":true,"campfire_choices":[{"data":"Dualcast","floor":6.0,"key":"SMITH"},{"data":"Sunder","floor":10.0,"key":"SMITH"},{"data":"Static Discharge","floor":15.0,"key":"SMITH"},{"data":"Creative AI","floor":23.0,"key":"SMITH"}],"circlet_count":0,"master_deck":["AscendersBane","Zap","Dualcast+1","Loop","Leap","Sunder+1","Static Discharge+1","Coolheaded","Self Repair","Electrodynamics","Creative AI+1","Blizzard","Rebound","Blizzard","Rainbow","Stack","FTL","Steam+1","Stack"],"relics":["Cracked Core","Turnip","Bag of Marbles","Mango","Pantograph","Pandora\u0027s Box"],"acts_visited":["Exordium","TheCity"],"potions_floor_usage":[24],"damage_taken":[{"damage":3.0,"enemies":"2 Louse","floor":1.0,"turns":3.0},{"damage":0.0,"enemies":"Small Slimes","floor":4.0,"turns":3.0},{"damage":13.0,"enemies":"Lagavulin","floor":7.0,"turns":6.0},{"damage":44.0,"enemies":"Gremlin Nob","floor":11.0,"turns":4.0},{"damage":0.0,"enemies":"Cultist","floor":12.0,"turns":1.0},{"damage":1.0,"enemies":"2 Fungi Beasts","floor":13.0,"turns":3.0},{"damage":14.0,"enemies":"Lots of Slimes","floor":14.0,"turns":4.0},{"damage":31.0,"enemies":"Hexaghost","floor":16.0,"turns":9.0},{"damage":27.0,"enemies":"Chosen","floor":18.0,"turns":5.0},{"damage":7.0,"enemies":"3 Byrds","floor":19.0,"turns":2.0},{"damage":47.0,"enemies":"Centurion and Healer","floor":20.0,"turns":7.0},{"damage":35.0,"enemies":"Chosen and Byrds","floor":22.0,"turns":6.0},{"damage":43,"enemies":"Slavers","floor":24,"turns":2}],"seed_played":"5030381737977862623","potions_obtained":[{"floor":3.0,"key":"FairyPotion"},{"floor":3.0,"key":"ColorlessPotion"},{"floor":7.0,"key":"ColorlessPotion"},{"floor":12.0,"key":"Regen Potion"},{"floor":16.0,"key":"Ancient Potion"},{"floor":20.0,"key":"Regen Potion"}],"is_trial":false,"path_per_floor":["M","?","?","M","$","R","E","$","T","R","E","M","M","M","R","B",null,"M","M","M","$","M","R","E"],"character_chosen":"DEFECT","items_purchased":["Sunder","FairyPotion"],"campfire_rested":0,"item_purchase_floors":[8,21],"current_hp_per_floor":[61,61,61,61,61,61,48,48,62,62,18,18,17,10,10,26,70,50,43,32,32,32,32,0,0],"gold":44,"neow_bonus":"ONE_RARE_RELIC","is_daily":false,"chose_seed":false,"campfire_upgraded":4,"win_rate":0.0,"timestamp":1610643246,"path_taken":["M","?","?","M","$","R","E","$","T","R","E","M","?","M","R","BOSS","M","M","M","$","M","R","E"],"items_purchased_type":["Card","Potion"],"build_version":"2020-12-22","purchased_purges":1,"victory":false,"max_hp_per_floor":[71,71,71,71,71,71,71,71,85,85,85,85,85,85,85,85,85,85,85,85,85,85,85,85,85],"card_choices":[{"not_picked":["Stack","Force Field","Redo"],"picked":"SKIP","floor":1.0},{"not_picked":["Undo","Steam Power"],"picked":"Loop","floor":4.0},{"not_picked":["Turbo","Streamline"],"picked":"Leap","floor":7.0},{"not_picked":["Sweeping Beam","Rebound"],"picked":"Static Discharge","floor":11.0},{"not_picked":["Chaos","Consume"],"picked":"Coolheaded","floor":12.0},{"not_picked":["Sweeping Beam","Barrage"],"picked":"Self Repair","floor":13.0},{"not_picked":["Redo","Beam Cell"],"picked":"Electrodynamics","floor":14.0},{"not_picked":["All For One","Amplify"],"picked":"Creative AI","floor":16.0},{"not_picked":["Rebound","Beam Cell"],"picked":"Steam+1","floor":18.0},{"not_picked":["Coolheaded","White Noise","Ball Lightning"],"picked":"SKIP","floor":19.0},{"not_picked":["Gash","Lockon"],"picked":"Stack","floor":20.0},{"not_picked":["Steam","Redo","Rebound"],"picked":"SKIP","floor":22.0}],"player_experience":656941,"relics_obtained":[{"floor":7.0,"key":"Bag of Marbles"},{"floor":9.0,"key":"Mango"},{"floor":11.0,"key":"Pantograph"}],"event_choices":[{"cards_removed":["Strike_B"],"damage_healed":0.0,"max_hp_gain":0.0,"max_hp_loss":0.0,"gold_gain":0.0,"event_name":"Living Wall","player_choice":"Forget","floor":2.0,"gold_loss":0.0,"damage_taken":0.0},{"damage_healed":0.0,"max_hp_gain":0.0,"max_hp_loss":0.0,"gold_gain":0.0,"event_name":"Lab","player_choice":"Got Potions","floor":3.0,"gold_loss":0.0,"damage_taken":0.0}],"is_beta":false,"boss_relics":[{"not_picked":["Nuclear Battery","Sozu"],"picked":"Pandora\u0027s Box"}],"items_purged_floors":[21],"is_endless":false,"potions_floor_spawned":[7,12,14,16,20],"killed_by":"Slavers","ascension_level":20}}