{"host":"fm9e0lfunjlbhzxv","time":1610597116,"event":{"mods":["AchievementEnabler","BaseMod","Bestiary","Colored Map","Colored Powertips","Key Reminder","Minty Spire (QoL Compilation)","Permanent Neow","Rare Cards Sparkle","Relic Stats","StSLib","The IronCluck","slay the spire mod where everything is the same but ironclad has a cowboy hat"],"gold_per_floor":[115,135,60,60,75,100,100,125,125,161,190,209,209,209],"floor_reached":13,"language":"ENG","playtime":1019,"items_purged":["Strike_B"],"score":105,"play_id":"18156387-0c40-4ece-be14-651ec5fc8ec2","local_time":"20210113200516","is_ascension_mode":true,"campfire_choices":[],"circlet_count":0,"master_deck":["Strike_B","Strike_B","Defend_B","Defend_B","Defend_B","Defend_B","Zap","Dualcast","Cold Snap","Self Repair","Heatsinks","Echo Form","Loop","Barrage","Go for the Eyes"],"relics":["Inserter","Pear","Golden Idol","Meat on the Bone","Matryoshka","Odd Mushroom"],"acts_visited":["Exordium"],"potions_floor_usage":[10,10,11,12],"damage_taken":[{"damage":3,"enemies":"2 Louse","floor":1,"turns":3},{"damage":4,"enemies":"Jaw Worm","floor":2,"turns":5},{"damage":3,"enemies":"Cultist","floor":5,"turns":5},{"damage":15,"enemies":"Lagavulin","floor":6,"turns":8},{"damage":7,"enemies":"Blue Slaver","floor":8,"turns":6},{"damage":30,"enemies":"3 Sentries","floor":10,"turns":10},{"damage":41,"enemies":"The Mushroom Lair","floor":11,"turns":7},{"damage":33,"enemies":"Lots of Slimes","floor":12,"turns":9},{"damage":35,"enemies":"Gremlin Nob","floor":13,"turns":7}],"seed_played":"3881066434694320490","potions_obtained":[{"floor":2,"key":"GamblersBrew"},{"floor":5,"key":"EssenceOfSteel"},{"floor":6,"key":"Swift Potion"},{"floor":11,"key":"Block Potion"},{"floor":12,"key":"PotionOfCapacity"}],"is_trial":false,"path_per_floor":["M","M","$","?","M","E","?","M","T","E","?","M","E"],"character_chosen":"DEFECT","items_purchased":[],"campfire_rested":0,"item_purchase_floors":[],"current_hp_per_floor":[72,68,68,68,72,81,60,60,60,56,41,27,0,0],"gold":209,"neow_bonus":"BOSS_RELIC","is_daily":false,"chose_seed":false,"campfire_upgraded":0,"win_rate":0.0,"timestamp":1610597116,"path_taken":["M","M","$","?","M","E","?","M","T","E","?","M","E"],"items_purchased_type":[],"build_version":"2020-12-22","purchased_purges":1,"victory":false,"max_hp_per_floor":[75,75,75,75,75,85,85,85,85,85,85,85,85,85],"relic_stats":{"Inserter":[30],"counters":[9,60],"Golden Idol":22,"obtain_stats":[{"Inserter":0,"Pear":6,"Matryoshka":10,"Golden Idol":7,"Odd Mushroom":11,"Cracked Core":0,"Meat on the Bone":9},{"Inserter":0,"Pear":4,"Matryoshka":6,"Golden Idol":4,"Odd Mushroom":7,"Cracked Core":0,"Meat on the Bone":5},{"Inserter":0,"Pear":21,"Matryoshka":37,"Golden Idol":21,"Odd Mushroom":44,"Cracked Core":0,"Meat on the Bone":27}],"Meat on the Bone":36},"card_choices":[{"not_picked":["Rebound","Reinforced Body"],"picked":"Cold Snap","floor":1},{"not_picked":["Cold Snap","Leap"],"picked":"Self Repair","floor":2},{"not_picked":["Conserve Battery","Defragment"],"picked":"Echo Form","floor":5},{"not_picked":["Darkness","FTL"],"picked":"Loop","floor":6},{"not_picked":["Ball Lightning","Sunder"],"picked":"Barrage","floor":8},{"not_picked":["Skim","Leap","Lockon"],"picked":"SKIP","floor":10},{"not_picked":["Redo","Leap"],"picked":"Go for the Eyes","floor":12}],"player_experience":410252,"relics_obtained":[{"floor":6,"key":"Pear"},{"floor":9,"key":"Meat on the Bone"},{"floor":10,"key":"Matryoshka"},{"floor":11,"key":"Odd Mushroom"}],"event_choices":[{"damage_healed":0,"gold_gain":0,"cards_transformed":["Strike_B"],"player_choice":"Change","damage_taken":0,"max_hp_gain":0,"max_hp_loss":0,"event_name":"Living Wall","floor":4,"gold_loss":0,"cards_obtained":["Heatsinks"]},{"damage_healed":0,"gold_gain":0,"player_choice":"Take Damage","damage_taken":21,"relics_obtained":["Golden Idol"],"max_hp_gain":0,"max_hp_loss":0,"event_name":"Golden Idol","floor":7,"gold_loss":0},{"damage_healed":0,"gold_gain":0,"player_choice":"Fought Mushrooms","damage_taken":0,"max_hp_gain":0,"max_hp_loss":0,"event_name":"Mushrooms","floor":11,"gold_loss":0}],"is_beta":false,"boss_relics":[],"items_purged_floors":[3],"is_endless":false,"potions_floor_spawned":[2,5,6,11,12],"killed_by":"Gremlin Nob","ascension_level":2}}