{"host":"l84l8xigz5v5foa2","time":1610635244,"event":{"mods":["2.2 Compatiblity","AchievementEnabler","BaseMod","Better Note","Better Vampires","Card Filter","Colored Map","DeckTracker","Downfall","Gremlin Skip","Highlight Path","Keyboard Shortcuts","Minty Spire (QoL Compilation)","Permanent Neow","Quick Restart","Relic Filter","Relic Stats","StSLib","SuperFastMode","Transform Curses","Unknown Chances"],"gold_per_floor":[99,117,137,137,151,201,501,501,511,436,436,468,468,37,54,133,133,133,152,237,122,122,122,122],"floor_reached":22,"language":"ENG","playtime":870,"items_purged":["hexamod:Strike","hexamod:Defend"],"score":414,"play_id":"f4f3a766-6fe5-42a4-8f91-e796db89c097","local_time":"20210114234044","is_ascension_mode":true,"campfire_choices":[{"data":"hexamod:Float","floor":1.0,"key":"SMITH"},{"floor":8.0,"key":"RECALL"},{"data":"hexamod:FastForward","floor":10.0,"key":"SMITH"},{"data":"hexamod:Rewind","floor":13.0,"key":"SMITH"},{"floor":18,"key":"REST"}],"circlet_count":0,"master_deck":["AscendersBane","hexamod:Strike","hexamod:Strike","hexamod:Strike","hexamod:Defend","hexamod:Defend","hexamod:Defend","hexamod:Sear+1","hexamod:Float+1","hexamod:TimeWarp","hexamod:AdvancingGuard","hexamod:HauntingEcho","hexamod:FastForward+1","hexamod:ThirdSeal","hexamod:Rewind+1","hexamod:Hexaguard","hexamod:NecessarySacrifice","hexamod:ThirdSeal","hexamod:ShieldOfDarkness","hexamod:Incineration","hexamod:TimeWarp","hexamod:FifthSeal","hexamod:HexaLevel","hexamod:SixthSeal","hexamod:GhostShield","hexamod:FirstSeal"],"relics":["hexamod:SpiritBrand","Old Coin","downfall:HeartBlessingRed","Bottled Lightning","Bottled Flame","Fusion Hammer"],"acts_visited":["Exordium","TheCity"],"potions_floor_usage":[16,22],"damage_taken":[{"damage":0.0,"enemies":"Cultist","floor":2.0,"turns":3.0},{"damage":0.0,"enemies":"Small Slimes","floor":3.0,"turns":3.0},{"damage":6.0,"enemies":"2 Louse","floor":5.0,"turns":2.0},{"damage":0.0,"enemies":"Blue Slaver","floor":9.0,"turns":3.0},{"damage":0.0,"enemies":"3 Sentries","floor":12.0,"turns":5.0},{"damage":0.0,"enemies":"downfall:FleeingMerchant","floor":14.0,"turns":4.0},{"damage":4.0,"enemies":"Exordium Thugs","floor":15.0,"turns":3.0},{"damage":25,"enemies":"downfall:Silent","floor":16,"turns":7},{"damage":12,"enemies":"3 Byrds","floor":19,"turns":6},{"damage":0,"enemies":"downfall:FleeingMerchant","floor":21,"turns":4},{"damage":27,"enemies":"downfall:Ironclad","floor":22,"turns":3}],"seed_played":"9107751211762343427","potions_obtained":[{"floor":3.0,"key":"Explosive Potion"},{"floor":5.0,"key":"Dexterity Potion"},{"floor":12.0,"key":"Regen Potion"},{"floor":15.0,"key":"AttackPotion"}],"is_trial":false,"path_per_floor":["R","M","M","?","M","?","T","R","M","R","?","E","R","$","M","B",null,"R","M","?","$","?"],"character_chosen":"THE_SPIRIT","items_purchased":["hexamod:ThirdSeal","Bottled Flame"],"campfire_rested":1,"item_purchase_floors":[14,14],"current_hp_per_floor":[57,57,57,57,51,51,51,51,51,51,56,56,56,56,61,36,56,62,50,22,22,0,0,0],"gold":122,"neow_bonus":"THREE_RARE_CARDS","is_daily":false,"chose_seed":false,"campfire_upgraded":3,"win_rate":0.0,"timestamp":1610635244,"path_taken":["R","M","M","?","M","?","T","R","?","R","?","E","R","$","M","BOSS","R","M","?","$","?"],"items_purchased_type":["Card","Relic"],"build_version":"2020-12-22","purchased_purges":2,"victory":false,"max_hp_per_floor":[57,57,57,57,57,57,57,57,57,57,62,62,62,62,62,62,62,62,62,62,62,62,62,62],"relic_stats":{"counters":[11,43],"obtain_stats":[{"Bottled Flame":14,"downfall:HeartBlessingRed":10,"Fusion Hammer":17,"Bottled Lightning":12,"hexamod:SpiritBrand":0,"Old Coin":7},{"Bottled Flame":6,"downfall:HeartBlessingRed":4,"Fusion Hammer":8,"Bottled Lightning":5,"hexamod:SpiritBrand":0,"Old Coin":3},{"Bottled Flame":20,"downfall:HeartBlessingRed":11,"Fusion Hammer":30,"Bottled Lightning":16,"hexamod:SpiritBrand":0,"Old Coin":8}]},"card_choices":[{"not_picked":["hexamod:Toasty","hexamod:FifthSeal"],"picked":"hexamod:TimeWarp","floor":0.0},{"not_picked":["hexamod:SoulSteal","hexamod:GhostShield"],"picked":"hexamod:AdvancingGuard","floor":2.0},{"not_picked":["hexamod:SwordOfDarkness","hexamod:SecondSeal"],"picked":"hexamod:HauntingEcho","floor":3.0},{"not_picked":["hexamod:RainOfEmbers","hexamod:GhostOfSpireFuture"],"picked":"hexamod:FastForward","floor":5.0},{"not_picked":["hexamod:SpectralSpark","hexamod:SpectralAdrenaline"],"picked":"hexamod:ThirdSeal","floor":9.0},{"not_picked":["hexamod:RadiantFlame","hexamod:HeatCrush"],"picked":"hexamod:Rewind","floor":12.0},{"not_picked":["hexamod:VolcanoVisage","hexamod:Again","hexamod:SwordOfDarkness"],"picked":"SKIP","floor":12.0},{"not_picked":["hexamod:ThermalTransfer","hexamod:NightmareStrike"],"picked":"hexamod:Hexaguard","floor":14.0},{"not_picked":["hexamod:SpectersWail","hexamod:BurningTouch"],"picked":"hexamod:NecessarySacrifice","floor":14.0},{"not_picked":["hexamod:BurningTouch","hexamod:Again"],"picked":"hexamod:ShieldOfDarkness","floor":15.0},{"not_picked":["hexamod:InspiringFlames","hexamod:ShieldOfDarkness"],"picked":"hexamod:Incineration","floor":15.0},{"not_picked":["hexamod:Toasty","hexamod:UnleashSpirits"],"picked":"hexamod:TimeWarp","floor":16},{"not_picked":["hexamod:Toasty","hexamod:VolcanoVisage"],"picked":"hexamod:FifthSeal","floor":16},{"not_picked":["hexamod:ApocalypticArmor","hexamod:GhostflameInferno"],"picked":"hexamod:HexaLevel","floor":16},{"not_picked":["hexamod:FirstSeal","hexamod:FourthSeal"],"picked":"hexamod:SixthSeal","floor":19},{"not_picked":["hexamod:BurningTouch","hexamod:BacktrackSmack"],"picked":"hexamod:GhostShield","floor":19},{"not_picked":["hexamod:RainOfEmbers","hexamod:FastForward+1","hexamod:NightmareGuise"],"picked":"SKIP","floor":19},{"not_picked":["hexamod:VolcanoVisage","hexamod:Hexaguard","hexamod:ExtraCrispy+1"],"picked":"SKIP","floor":19},{"not_picked":["hexamod:FourthSeal","hexamod:SixthSeal"],"picked":"hexamod:FirstSeal","floor":21},{"not_picked":["hexamod:ThermalTransfer","hexamod:SwordOfDarkness","hexamod:PhantomFireball"],"picked":"SKIP","floor":21},{"not_picked":["hexamod:RainOfEmbers","hexamod:ThermalTransfer","hexamod:Firestarter"],"picked":"SKIP","floor":21}],"player_experience":3201170,"relics_obtained":[{"floor":7.0,"key":"Old Coin"},{"floor":12.0,"key":"Bottled Lightning"}],"event_choices":[{"damage_healed":0.0,"max_hp_gain":5.0,"max_hp_loss":0.0,"gold_gain":0.0,"event_name":"Big Fish","player_choice":"Donut","floor":11.0,"gold_loss":0.0,"damage_taken":0.0}],"is_beta":false,"boss_relics":[{"not_picked":["SlaversCollar","downfall:Hecktoplasm"],"picked":"Fusion Hammer"}],"items_purged_floors":[14,21],"is_endless":false,"potions_floor_spawned":[3,5,12,15],"killed_by":"downfall:Ironclad","ascension_level":20}}