{"host":"d9m9v0h6vo0edadb","time":1610604526,"event":{"mods":["BaseMod","Hermit","Keyboard Shortcuts","Minty Spire (QoL Compilation)","StSLib","SuperFastMode","The Cursed"],"gold_per_floor":[117,117,127,202,46,46,72,88,160,160,160],"floor_reached":10,"language":"KOR","playtime":78,"items_purged":["Strike_P"],"score":137,"play_id":"da4ada48-b592-4345-8482-e5da5c502ec8","local_time":"20210114150846","is_ascension_mode":true,"campfire_choices":[{"data":"Eruption","floor":6,"key":"SMITH"}],"circlet_count":0,"master_deck":["AscendersBane","Strike_P","Strike_P+1","Strike_P","Defend_P","Defend_P","Defend_P","Defend_P","Eruption+1","Vigilance+1","Consecrate","FollowUp","MentalFortress","FlyingSleeves","MentalFortress"],"relics":["PureWater","NeowsBlessing","Regal Pillow","Gremlin Horn"],"acts_visited":["Exordium"],"potions_floor_usage":[],"damage_taken":[{"damage":0,"enemies":"Small Slimes","floor":1,"turns":1},{"damage":0,"enemies":"Cultist","floor":3,"turns":1},{"damage":0,"enemies":"3 Sentries","floor":7,"turns":1},{"damage":9,"enemies":"Jaw Worm","floor":8,"turns":4},{"damage":40,"enemies":"Lagavulin","floor":10,"turns":4}],"seed_played":"7989442660414582262","potions_obtained":[],"is_trial":false,"path_per_floor":["M","?","M","?","$","R","E","M","T","E"],"character_chosen":"WATCHER","items_purchased":["MentalFortress"],"campfire_rested":0,"item_purchase_floors":[5],"current_hp_per_floor":[65,51,51,40,40,40,40,31,31,0,0],"gold":160,"neow_bonus":"THREE_ENEMY_KILL","is_daily":false,"chose_seed":false,"campfire_upgraded":1,"win_rate":0.0,"timestamp":1610604526,"path_taken":["M","?","M","?","$","R","E","M","T","E"],"items_purchased_type":["Card"],"build_version":"2020-12-22","purchased_purges":1,"victory":false,"max_hp_per_floor":[72,72,72,72,72,72,72,72,72,72,72],"card_choices":[{"not_picked":["SashWhip","Evaluate"],"picked":"Consecrate","floor":1},{"not_picked":["FearNoEvil","Study"],"picked":"FollowUp","floor":3},{"not_picked":["Prostrate","SashWhip"],"picked":"FlyingSleeves","floor":7},{"not_picked":["CutThroughFate","PathToVictory"],"picked":"MentalFortress","floor":8}],"player_experience":969024,"relics_obtained":[{"floor":7,"key":"Regal Pillow"},{"floor":9,"key":"Gremlin Horn"}],"event_choices":[{"damage_healed":0,"gold_gain":0,"player_choice":"Entered Light","damage_taken":14,"max_hp_gain":0,"max_hp_loss":0,"event_name":"Shining Light","floor":2,"gold_loss":0,"cards_upgraded":["Strike_P","Vigilance"]},{"damage_healed":0,"gold_gain":75,"player_choice":"Gather Gold","damage_taken":11,"max_hp_gain":0,"max_hp_loss":0,"event_name":"World of Goop","floor":4,"gold_loss":0}],"is_beta":false,"boss_relics":[],"items_purged_floors":[5],"is_endless":false,"potions_floor_spawned":[],"killed_by":"Lagavulin","ascension_level":10}}