{"host":"f6w7z8zvb0mi4wy9","time":1610664374,"event":{"mods":["BaseMod","Colored Map","Minty Spire (QoL Compilation)","READ ME - Guardian Mod","StSLib","SuperFastMode","The Jungle"],"gold_per_floor":[121,121,44,73,46,88,88,131,157,199,18,50,50,83,83,197,197,225,509,543,176,176,212,252,288,288,315,315,339,33,60,60,170,179,207,261,280,102,140,140,179,198,198,233,233,262,290,333,333,333,333,333,21,56,56,56],"floor_reached":55,"language":"KOR","playtime":2725,"items_purged":["Regret"],"score":1237,"play_id":"28e343df-81fb-4232-91c6-97890075c56f","local_time":"20210115074614","is_ascension_mode":true,"campfire_choices":[{"data":"Zap","floor":7.0,"key":"SMITH"},{"data":"Apotheosis","floor":15.0,"key":"SMITH"},{"floor":32.0,"key":"REST"},{"data":"Chill","floor":40.0,"key":"SMITH"},{"floor":49,"key":"RECALL"},{"data":"Seek","floor":52,"key":"SMITH"}],"circlet_count":0,"master_deck":["Strike_B","Strike_B","Strike_B","Strike_B","Defend_B","Defend_B","Defend_B","Defend_B","Zap+1","Dualcast","Gash","Blind","Ball Lightning","FTL","FTL","Streamline","Electrodynamics","Apotheosis+1","White Noise","White Noise","Double Energy","Glacier","Creative AI","Gash","Steam","Multi-Cast","Seek","Capacitor","Fusion","Meteor Strike","Capacitor+1","Hologram+1","Fission","CurseOfTheBell","White Noise+1","Barrage+1","Go for the Eyes","Chill+1","Storm+1","Heatsinks+1","Seek","Coolheaded","Storm+1","Seek+1","BootSequence+1","Fusion+1","White Noise"],"relics":["Cracked Core","CeramicFish","Pen Nib","Prayer Wheel","Bag of Marbles","Gambling Chip","SlaversCollar","WingedGreaves","Happy Flower","Cables","Turnip","The Courier","Ninja Scroll","Pantograph","HandDrill","Calling Bell","Strawberry","Frozen Egg 2","TungstenRod","Mango","Chemical X","FossilizedHelix","InkBottle","Blood Vial","Singing Bowl","Blue Candle","Oddly Smooth Stone","HornCleat"],"acts_visited":["Exordium","Exordium","TheBeyond","TheEnding"],"potions_floor_usage":[48,50,50,55],"damage_taken":[{"damage":0.0,"enemies":"Cultist","floor":1.0,"turns":3.0},{"damage":6.0,"enemies":"Jaw Worm","floor":4.0,"turns":3.0},{"damage":30.0,"enemies":"3 Sentries","floor":6.0,"turns":7.0},{"damage":0.0,"enemies":"Gremlin Nob","floor":8.0,"turns":2.0},{"damage":12.0,"enemies":"3 Sentries","floor":10.0,"turns":5.0},{"damage":0.0,"enemies":"Small Slimes","floor":12.0,"turns":2.0},{"damage":4.0,"enemies":"Gremlin Gang","floor":14.0,"turns":2.0},{"damage":0.0,"enemies":"Hexaghost","floor":16.0,"turns":7.0},{"damage":0.0,"enemies":"theJungle:GiantWrat","floor":18.0,"turns":4.0},{"damage":5.0,"enemies":"theJungle:MUSHROOMGANG","floor":20.0,"turns":3.0},{"damage":3.0,"enemies":"theJungle:2_Phrogs","floor":23.0,"turns":6.0},{"damage":0.0,"enemies":"theJungle:MamaSnecko","floor":24.0,"turns":4.0},{"damage":0.0,"enemies":"theJungle:Cassacara","floor":25.0,"turns":6.0},{"damage":24.0,"enemies":"theJungle:2_Snecko_Cultists","floor":27.0,"turns":4.0},{"damage":14.0,"enemies":"JungleHuntersEvent","floor":28.0,"turns":2.0},{"damage":4.0,"enemies":"theJungle:JungleHuntersEncounter","floor":29.0,"turns":6.0},{"damage":22.0,"enemies":"theJungle:Lyon","floor":31.0,"turns":4.0},{"damage":18.0,"enemies":"theJungle:TotemBoss","floor":33.0,"turns":7.0},{"damage":8.0,"enemies":"3 Shapes","floor":35.0,"turns":3.0},{"damage":20.0,"enemies":"2 Orb Walkers","floor":36.0,"turns":8.0},{"damage":4.0,"enemies":"3 Darklings","floor":37.0,"turns":4.0},{"damage":14.0,"enemies":"Writhing Mass","floor":39.0,"turns":6.0},{"damage":0.0,"enemies":"Reptomancer","floor":41.0,"turns":5.0},{"damage":0.0,"enemies":"Transient","floor":42.0,"turns":5.0},{"damage":0.0,"enemies":"Giant Head","floor":44.0,"turns":3.0},{"damage":0.0,"enemies":"Spire Growth","floor":46.0,"turns":2.0},{"damage":0,"enemies":"Writhing Mass","floor":47,"turns":4},{"damage":6,"enemies":"Nemesis","floor":48,"turns":5},{"damage":29,"enemies":"Time Eater","floor":50,"turns":9},{"damage":0,"enemies":"Shield and Spear","floor":54,"turns":2},{"damage":102,"enemies":"The Heart","floor":55,"turns":6}],"seed_played":"-2153633783373344270","potions_obtained":[{"floor":2.0,"key":"FearPotion"},{"floor":2.0,"key":"GamblersBrew"},{"floor":2.0,"key":"DistilledChaos"},{"floor":6.0,"key":"SteroidPotion"},{"floor":8.0,"key":"CultistPotion"},{"floor":10.0,"key":"GamblersBrew"},{"floor":12.0,"key":"Weak Potion"},{"floor":23.0,"key":"Regen Potion"},{"floor":25.0,"key":"BlessingOfTheForge"},{"floor":28.0,"key":"FocusPotion"},{"floor":37.0,"key":"Ancient Potion"},{"floor":39.0,"key":"Block Potion"},{"floor":41.0,"key":"SkillPotion"},{"floor":42.0,"key":"PotionOfCapacity"},{"floor":48,"key":"Fruit Juice"},{"floor":54,"key":"Dexterity Potion"}],"is_trial":false,"path_per_floor":["M","?","$","M","$","E","R","E","T","E","$","M","T","M","R","B",null,"M","?","M","$","?","E","E","E","T","M","?","M","$","M","R","B",null,"M","?","M","$","M","R","E","M","T","E","?","M","M","E","R","B",null,"R","$","E","B"],"character_chosen":"DEFECT","items_purchased":["Blind","FTL","Apotheosis","WingedGreaves","Pantograph","HandDrill","Chill","Chemical X","Blue Candle","Oddly Smooth Stone"],"campfire_rested":1,"item_purchase_floors":[3,5,11,21,30,30,38,38,53,53],"current_hp_per_floor":[75,75,75,69,69,39,39,39,39,27,27,27,27,23,23,23,75,75,75,70,70,75,72,72,72,72,48,43,39,39,17,39,46,82,74,68,64,64,50,50,50,50,50,50,50,52,54,55,55,53,101,101,101,101,0,0],"gold":56,"neow_bonus":"RANDOM_COMMON_RELIC","is_daily":false,"chose_seed":false,"campfire_upgraded":4,"win_rate":0.0,"timestamp":1610664374,"path_taken":["M","?","$","M","?","E","R","E","T","E","$","M","?","M","R","BOSS","M","?","?","$","?","E","E","E","T","M","?","M","$","M","R","BOSS","M","?","M","$","M","R","E","M","T","E","?","M","M","E","R","BOSS","R","$","E","BOSS"],"items_purchased_type":["Card","Card","Card","Relic","Relic","Relic","Card","Relic","Relic","Relic"],"build_version":"2020-12-22","purchased_purges":1,"victory":false,"max_hp_per_floor":[75,75,75,75,75,75,75,75,75,75,75,75,75,75,75,75,75,75,75,75,75,75,75,75,75,75,75,75,75,75,75,75,75,82,82,96,96,96,96,96,96,96,96,96,96,96,96,101,101,101,101,101,101,101,101,101],"card_choices":[{"not_picked":["Rebound","Reprogram"],"picked":"Gash","floor":1.0},{"not_picked":["Compile Driver","Static Discharge"],"picked":"Ball Lightning","floor":4.0},{"not_picked":["Reprogram","Leap"],"picked":"FTL","floor":6.0},{"not_picked":["Coolheaded","Sweeping Beam"],"picked":"Streamline","floor":8.0},{"not_picked":["BootSequence","Go for the Eyes"],"picked":"Electrodynamics","floor":10.0},{"not_picked":["Heatsinks","Sweeping Beam"],"picked":"White Noise","floor":12.0},{"not_picked":["Recycle","Coolheaded"],"picked":"White Noise","floor":12.0},{"not_picked":["Turbo","Redo"],"picked":"Double Energy","floor":14.0},{"not_picked":["Compile Driver","Leap"],"picked":"Glacier","floor":14.0},{"not_picked":["Rainbow","Reboot"],"picked":"Creative AI","floor":16.0},{"not_picked":["Hologram","Hello World"],"picked":"Gash","floor":18.0},{"not_picked":["Conserve Battery","Redo+1","Sweeping Beam"],"picked":"SKIP","floor":18.0},{"not_picked":["Coolheaded","Sweeping Beam"],"picked":"Steam","floor":20.0},{"not_picked":["Sunder","Hello World"],"picked":"Multi-Cast","floor":20.0},{"not_picked":["Stack","Sunder"],"picked":"Seek","floor":23.0},{"not_picked":["Streamline","Static Discharge+1"],"picked":"Capacitor","floor":24.0},{"not_picked":["Tempest+1","Coolheaded"],"picked":"Fusion","floor":25.0},{"not_picked":["Beam Cell","Redo"],"picked":"Meteor Strike","floor":27.0},{"not_picked":["Rebound","Aggregate","Gash"],"picked":"SKIP","floor":27.0},{"not_picked":["Leap+1","Cold Snap+1"],"picked":"Capacitor+1","floor":29.0},{"not_picked":["Tempest","Sweeping Beam","Skim+1"],"picked":"SKIP","floor":29.0},{"not_picked":["Blizzard","Reprogram"],"picked":"Hologram+1","floor":31.0},{"not_picked":["Reprogram","Genetic Algorithm+1","Turbo"],"picked":"SKIP","floor":31.0},{"not_picked":["Meteor Strike","Machine Learning"],"picked":"Fission","floor":33.0},{"not_picked":["Force Field+1","Leap"],"picked":"White Noise+1","floor":35.0},{"not_picked":["Blizzard","Tempest+1","Streamline+1"],"picked":"SKIP","floor":35.0},{"not_picked":["Go for the Eyes+1","Rebound+1"],"picked":"Barrage+1","floor":36.0},{"not_picked":["Ball Lightning","Gash"],"picked":"Go for the Eyes","floor":37.0},{"not_picked":["Turbo+1","Ball Lightning+1","Redo+1"],"picked":"SKIP","floor":37.0},{"not_picked":["Compile Driver","Rebound"],"picked":"Storm+1","floor":39.0},{"not_picked":["Skim+1","Coolheaded+1"],"picked":"Heatsinks+1","floor":39.0},{"not_picked":["Cold Snap+1","Conserve Battery+1"],"picked":"Seek","floor":41.0},{"not_picked":["Scrape","Streamline"],"picked":"Coolheaded","floor":42.0},{"not_picked":["Go for the Eyes","Gash+1","Turbo+1"],"picked":"SKIP","floor":42.0},{"not_picked":["Rebound","Auto Shields","Steam"],"picked":"SKIP","floor":44.0},{"not_picked":["Streamline","Redo"],"picked":"Storm+1","floor":46.0},{"not_picked":["Compile Driver+1","Ball Lightning"],"picked":"Seek","floor":46.0},{"not_picked":["Hologram+1","Hello World+1"],"picked":"BootSequence+1","floor":47},{"not_picked":["Compile Driver+1","Steam+1","Barrage"],"picked":"SKIP","floor":47},{"not_picked":["Beam Cell+1","BootSequence+1"],"picked":"Fusion+1","floor":48},{"not_picked":["Redo+1","Conserve Battery+1"],"picked":"White Noise","floor":54}],"player_experience":878303,"relics_obtained":[{"floor":6.0,"key":"Pen Nib"},{"floor":8.0,"key":"Prayer Wheel"},{"floor":10.0,"key":"Bag of Marbles"},{"floor":13.0,"key":"Gambling Chip"},{"floor":23.0,"key":"Happy Flower"},{"floor":24.0,"key":"Cables"},{"floor":25.0,"key":"Turnip"},{"floor":26.0,"key":"The Courier"},{"floor":28.0,"key":"Ninja Scroll"},{"floor":34.0,"key":"Strawberry"},{"floor":34.0,"key":"Frozen Egg 2"},{"floor":34.0,"key":"TungstenRod"},{"floor":36.0,"key":"Mango"},{"floor":41.0,"key":"FossilizedHelix"},{"floor":43.0,"key":"InkBottle"},{"floor":44.0,"key":"Blood Vial"},{"floor":48,"key":"Singing Bowl"},{"floor":54,"key":"HornCleat"}],"event_choices":[{"damage_healed":0.0,"max_hp_gain":0.0,"max_hp_loss":0.0,"gold_gain":0.0,"event_name":"Lab","player_choice":"Got Potions","floor":2.0,"gold_loss":0.0,"damage_taken":0.0},{"damage_healed":0.0,"max_hp_gain":0.0,"max_hp_loss":0.0,"gold_gain":275.0,"event_name":"Golden Shrine","player_choice":"Desecrate","floor":19.0,"gold_loss":0.0,"damage_taken":0.0,"cards_obtained":["Regret"]},{"damage_healed":0.0,"max_hp_gain":0.0,"max_hp_loss":0.0,"gold_gain":0.0,"event_name":"Mysterious Sphere","player_choice":"Fight","floor":36.0,"gold_loss":0.0,"damage_taken":0.0},{"damage_healed":0.0,"max_hp_gain":0.0,"max_hp_loss":0.0,"gold_gain":0.0,"event_name":"Tomb of Lord Red Mask","player_choice":"Ignored","floor":45.0,"gold_loss":0.0,"damage_taken":0.0}],"is_beta":false,"boss_relics":[{"not_picked":["Snecko Eye","Nuclear Battery"],"picked":"SlaversCollar"},{"not_picked":["Black Star","FrozenCore"],"picked":"Calling Bell"}],"items_purged_floors":[21],"is_endless":false,"potions_floor_spawned":[6,8,10,12,14,23,25,28,37,39,41,42,48,54],"killed_by":"The Heart","ascension_level":1}}