{"host":"0cgp910o8339lr91","time":1610641414,"event":{"mods":["BaseMod","Block Reminder","Colored Map","Colored Powertips","Minty Spire (QoL Compilation)","Relic Stats","Slay-I","ojb\u0027s Better Paths Mod","ojb\u0027s Info Mod"],"gold_per_floor":[110,110,128,147,147,176,176,176,176],"floor_reached":8,"language":"ENG","playtime":394,"items_purged":[],"score":98,"play_id":"1219f79b-1f18-4ad9-b3e8-a87a6b1d8e59","local_time":"20210114172334","is_ascension_mode":true,"campfire_choices":[{"data":"Loop","floor":7,"key":"SMITH"}],"circlet_count":0,"master_deck":["AscendersBane","Strike_B","Strike_B","Strike_B","Defend_B","Defend_B","Defend_B","Defend_B","Zap","Dualcast","Compile Driver","Ball Lightning","Loop+1"],"relics":["Cracked Core","Orichalcum","Boot"],"acts_visited":["Exordium"],"potions_floor_usage":[6],"damage_taken":[{"damage":3.0,"enemies":"2 Louse","floor":1.0,"turns":2.0},{"damage":0,"enemies":"Cultist","floor":3,"turns":3},{"damage":2,"enemies":"Small Slimes","floor":4,"turns":4},{"damage":34,"enemies":"Lagavulin","floor":6,"turns":6},{"damage":20,"enemies":"Gremlin Nob","floor":8,"turns":3}],"seed_played":"3004933927761186657","potions_obtained":[{"floor":4,"key":"GamblersBrew"}],"is_trial":false,"path_per_floor":["M","?","M","M","?","E","R","E"],"character_chosen":"DEFECT","items_purchased":[],"campfire_rested":0,"item_purchase_floors":[],"current_hp_per_floor":[61,54,54,52,52,18,18,0,0],"gold":176,"neow_bonus":"RANDOM_COMMON_RELIC","is_daily":false,"chose_seed":false,"campfire_upgraded":1,"win_rate":0.0,"timestamp":1610641414,"path_taken":["M","?","M","M","?","E","R","E"],"items_purchased_type":[],"build_version":"2020-12-22","purchased_purges":0,"victory":false,"max_hp_per_floor":[71,71,71,71,71,71,71,71,71],"relic_stats":{"counters":[5,18],"Orichalcum":[72],"Boot":[0],"obtain_stats":[{"Orichalcum":0,"Cracked Core":0,"Boot":6},{"Orichalcum":0,"Cracked Core":0,"Boot":4},{"Orichalcum":0,"Cracked Core":0,"Boot":15}]},"card_choices":[{"not_picked":["Leap","Turbo","Stack"],"picked":"SKIP","floor":1.0},{"not_picked":["Capacitor","Blizzard"],"picked":"Compile Driver","floor":3},{"not_picked":["Coolheaded","Go for the Eyes"],"picked":"Ball Lightning","floor":4},{"not_picked":["Barrage","Hologram"],"picked":"Loop","floor":6}],"player_experience":1427846,"relics_obtained":[{"floor":6,"key":"Boot"}],"event_choices":[{"cards_removed":["Strike_B"],"damage_healed":0.0,"max_hp_gain":0.0,"max_hp_loss":0.0,"gold_gain":0.0,"event_name":"Golden Wing","player_choice":"Card Removal","floor":2.0,"gold_loss":0.0,"damage_taken":7.0},{"damage_healed":0,"gold_gain":0,"player_choice":"Ignored","damage_taken":0,"max_hp_gain":0,"max_hp_loss":0,"event_name":"Liars Game","floor":5,"gold_loss":0}],"is_beta":false,"boss_relics":[],"items_purged_floors":[],"is_endless":false,"potions_floor_spawned":[4],"killed_by":"Gremlin Nob","ascension_level":15}}