{"host":"5h7tnviy6ct1qpjn","time":1610654220,"event":{"mods":["AchievementEnabler","BaseMod","BetterRewards","Colored Powertips","Minty Spire (QoL Compilation)","Shop Mod","StSLib"],"gold_per_floor":[116,66,66,66,39,39,52,78,78,78,78,97,115,175,175,273,273,289,308,308,354,354,382,181,181,206,206,206,224,224,134,134,233,233,252,262,276,51,62,62,88,88,111,21,37,85,50,50,50,50],"floor_reached":51,"language":"ENG","playtime":3294,"items_purged":["Strike_B","Strike_B","Defend_B"],"score":914,"play_id":"9699e4c3-4e7f-4dd4-bce3-9116fefe8ebb","local_time":"20210114205700","is_ascension_mode":false,"campfire_choices":[{"data":"Ball Lightning","floor":6,"key":"SMITH"},{"data":"Consume","floor":11,"key":"SMITH"},{"data":"Loop","floor":15,"key":"SMITH"},{"floor":25,"key":"REST"},{"data":"Hologram","floor":28,"key":"SMITH"},{"data":"Dualcast","floor":30,"key":"SMITH"},{"data":"Coolheaded","floor":32,"key":"SMITH"},{"data":"Echo Form","floor":40,"key":"SMITH"},{"data":"Static Discharge","floor":42,"key":"SMITH"},{"floor":49,"key":"REST"}],"circlet_count":0,"master_deck":["Defend_B","Defend_B","Defend_B","Zap+1","Dualcast+1","Conserve Battery","Sweeping Beam","Leap","Rebound","Double Energy+1","Ball Lightning+1","Consume+1","Coolheaded+1","Loop+1","Conserve Battery","Compile Driver+1","Cold Snap+1","Conserve Battery","Hologram+1","Echo Form+1","Coolheaded","White Noise","Blizzard+1","Static Discharge+1","Blizzard+1","Defragment"],"relics":["FrozenCore","Membership Card","Lantern","Girya","Ornamental Fan","Smiling Mask","Matryoshka","Molten Egg 2","Inserter","Blue Candle","Centennial Puzzle","Sundial","Bottled Lightning","Omamori","Ancient Tea Set","Calipers","Frozen Eye","Dream Catcher","Art of War","CaptainsWheel"],"acts_visited":["Exordium","TheCity","TheBeyond"],"potions_floor_usage":[19,33,33,46,46,46],"damage_taken":[{"damage":0,"enemies":"Small Slimes","floor":1,"turns":2},{"damage":2,"enemies":"2 Louse","floor":7,"turns":2},{"damage":1,"enemies":"Lagavulin","floor":8,"turns":5},{"damage":1,"enemies":"Jaw Worm","floor":12,"turns":2},{"damage":0,"enemies":"Blue Slaver","floor":13,"turns":4},{"damage":15,"enemies":"Lagavulin Event","floor":14,"turns":7},{"damage":24,"enemies":"Hexaghost","floor":16,"turns":12},{"damage":5,"enemies":"Chosen","floor":18,"turns":4},{"damage":11,"enemies":"2 Thieves","floor":19,"turns":4},{"damage":13,"enemies":"Gremlin Leader","floor":23,"turns":6},{"damage":0,"enemies":"Cultist and Chosen","floor":29,"turns":6},{"damage":14,"enemies":"Automaton","floor":33,"turns":10},{"damage":0,"enemies":"Orb Walker","floor":35,"turns":7},{"damage":6,"enemies":"3 Shapes","floor":36,"turns":5},{"damage":22,"enemies":"Jaw Worm Horde","floor":37,"turns":5},{"damage":0,"enemies":"Sphere and 2 Shapes","floor":39,"turns":6},{"damage":0,"enemies":"Giant Head","floor":41,"turns":10},{"damage":4,"enemies":"4 Shapes","floor":45,"turns":4},{"damage":30,"enemies":"2 Orb Walkers","floor":46,"turns":5},{"damage":1,"enemies":"Donu and Deca","floor":50,"turns":9}],"seed_played":"-4340850184792045750","potions_obtained":[{"floor":7,"key":"Energy Potion"},{"floor":13,"key":"LiquidBronze"},{"floor":14,"key":"PowerPotion"},{"floor":18,"key":"Block Potion"},{"floor":23,"key":"Swift Potion"},{"floor":36,"key":"Block Potion"},{"floor":37,"key":"Regen Potion"}],"is_trial":false,"path_per_floor":["M","?","?","T","$","R","M","E","T","?","R","M","M","?","R","B",null,"M","M","?","T","?","E","$","R","T","?","R","M","R","?","R","B",null,"M","M","M","$","M","R","E","R","T","$","M","?","$","?","R","B",null],"character_chosen":"DEFECT","items_purchased":["Membership Card","Lantern","Conserve Battery","Sweeping Beam","Leap","Rebound","Ball Lightning","Bottled Lightning","Hologram","Calipers","Frozen Eye","Blizzard+1","Defragment"],"campfire_rested":2,"item_purchase_floors":[0,0,0,0,0,0,5,24,24,38,38,44,47],"current_hp_per_floor":[75,75,75,75,75,75,73,72,72,72,72,71,71,56,56,32,75,70,59,50,50,50,37,37,59,59,59,59,59,59,59,59,45,75,75,69,47,47,47,47,47,47,47,47,43,18,18,18,39,38],"gold":50,"neow_bonus":"","is_daily":false,"chose_seed":false,"campfire_upgraded":8,"win_rate":0.0,"timestamp":1610654220,"path_taken":["M","?","?","?","?","R","?","E","T","?","R","M","M","?","R","BOSS","M","M","?","?","?","E","$","R","T","?","R","?","R","?","R","BOSS","M","M","?","$","M","R","E","R","T","$","M","?","$","?","R","BOSS"],"items_purchased_type":["Relic","Relic","Card","Card","Card","Card","Card","Relic","Card","Relic","Relic","Card","Card"],"build_version":"2020-12-22","purchased_purges":3,"victory":true,"max_hp_per_floor":[75,75,75,75,75,75,75,75,75,75,75,75,75,75,75,75,75,75,75,75,75,75,75,75,75,75,75,75,75,75,75,75,75,75,75,75,75,75,75,75,75,75,75,75,75,75,75,71,71,71],"card_choices":[{"not_picked":["Reprogram","Heatsinks"],"picked":"Double Energy","floor":1},{"not_picked":["Turbo","Doom and Gloom"],"picked":"Consume","floor":7},{"not_picked":["Compile Driver","Barrage"],"picked":"Coolheaded","floor":8},{"not_picked":["Turbo","Chaos"],"picked":"Loop","floor":12},{"not_picked":["Turbo","Redo"],"picked":"Conserve Battery","floor":13},{"not_picked":["Steam","Hologram"],"picked":"Compile Driver+1","floor":14},{"not_picked":["Hologram","Turbo+1"],"picked":"Cold Snap+1","floor":18},{"not_picked":["Sweeping Beam+1","Steam","Barrage+1"],"picked":"SKIP","floor":19},{"not_picked":["Rainbow","Steam"],"picked":"Conserve Battery","floor":23},{"not_picked":["Barrage+1","Rebound+1","Cold Snap+1"],"picked":"SKIP","floor":29},{"not_picked":["Machine Learning","Reboot"],"picked":"Echo Form","floor":33},{"not_picked":["Hologram+1","Aggregate"],"picked":"Coolheaded","floor":35},{"not_picked":["Sweeping Beam+1","Fusion"],"picked":"White Noise","floor":36},{"not_picked":["Scrape+1","Sunder+1","Ball Lightning+1"],"picked":"SKIP","floor":37},{"not_picked":["Rebound+1","Force Field"],"picked":"Blizzard+1","floor":39},{"not_picked":["Leap+1","Gash+1"],"picked":"Static Discharge","floor":41},{"not_picked":["Turbo+1","Stack","Skim+1"],"picked":"SKIP","floor":45}],"player_experience":89851,"relics_obtained":[{"floor":4,"key":"Ornamental Fan"},{"floor":8,"key":"Smiling Mask"},{"floor":9,"key":"Matryoshka"},{"floor":14,"key":"Molten Egg 2"},{"floor":21,"key":"Blue Candle"},{"floor":21,"key":"Centennial Puzzle"},{"floor":23,"key":"Sundial"},{"floor":26,"key":"Omamori"},{"floor":26,"key":"Ancient Tea Set"},{"floor":41,"key":"Dream Catcher"},{"floor":43,"key":"Art of War"},{"floor":46,"key":"CaptainsWheel"}],"event_choices":[{"cards_removed":["Strike_B"],"damage_healed":0,"gold_gain":0,"player_choice":"Card Removal","damage_taken":0,"max_hp_gain":0,"max_hp_loss":0,"event_name":"The Cleric","floor":2,"gold_loss":50},{"damage_healed":0,"gold_gain":0,"player_choice":"Grow","damage_taken":0,"max_hp_gain":0,"max_hp_loss":0,"event_name":"Living Wall","floor":3,"gold_loss":0,"cards_upgraded":["Zap"]},{"damage_healed":0,"gold_gain":0,"player_choice":"Ignored","damage_taken":0,"max_hp_gain":0,"max_hp_loss":0,"event_name":"Golden Idol","floor":10,"gold_loss":0},{"damage_healed":0,"gold_gain":0,"player_choice":"Searched \u00272\u0027 times","damage_taken":0,"max_hp_gain":0,"max_hp_loss":0,"event_name":"Dead Adventurer","floor":14,"gold_loss":0},{"damage_healed":0,"gold_gain":0,"player_choice":"Stopped","damage_taken":9,"max_hp_gain":0,"max_hp_loss":0,"event_name":"Cursed Tome","floor":20,"gold_loss":0},{"damage_healed":0,"gold_gain":0,"player_choice":"Ignored","damage_taken":0,"max_hp_gain":0,"max_hp_loss":0,"event_name":"Ghosts","floor":22,"gold_loss":0},{"damage_healed":0,"gold_gain":0,"player_choice":"Bought 0 Potions","damage_taken":0,"max_hp_gain":0,"max_hp_loss":0,"event_name":"The Woman in Blue","floor":27,"gold_loss":0},{"cards_removed":["Strike_B"],"damage_healed":0,"gold_gain":0,"player_choice":"Upgrade and Remove","damage_taken":0,"max_hp_gain":0,"max_hp_loss":0,"event_name":"Designer","floor":31,"gold_loss":90,"cards_upgraded":["Double Energy"]},{"damage_healed":0,"gold_gain":0,"player_choice":"Fight","damage_taken":0,"max_hp_gain":0,"max_hp_loss":0,"event_name":"Mysterious Sphere","floor":46,"gold_loss":0},{"damage_healed":0,"gold_gain":0,"player_choice":"Max HP","damage_taken":0,"max_hp_gain":0,"max_hp_loss":4,"event_name":"Winding Halls","floor":48,"gold_loss":0}],"is_beta":false,"boss_relics":[{"not_picked":["Sozu","Fusion Hammer"],"picked":"Inserter"},{"not_picked":["Nuclear Battery","Runic Dome"],"picked":"FrozenCore"}],"items_purged_floors":[0,24,44],"is_endless":false,"potions_floor_spawned":[7,13,14,18,23,36,37,45],"ascension_level":0}}