{"host":"a70og30tp43qd823","time":1610620531,"event":{"mods":["BaseMod","Friendly Minions","Marisa（F雨　魔理沙）","Minty Spire (QoL Compilation)","MostiFishMod","Remilia（蕾米莉亚）","Replay The Spire","StSLib","The Bug Knight","WarShipGirlsR/战舰少女R mod","noobMod","篝火指南"],"gold_per_floor":[117,11,27,27,27,53,64,89,89,89,89,104,279,279,92,193,193,210,170,183,198,44,74,84,94,119,137,164,183,183,215,19,114,114,130,180,193,0,16,42,95,145,145,211,211,247,300,89,89,163],"floor_reached":51,"language":"ZHS","playtime":2535,"items_purged":["Doubt"],"score":906,"play_id":"b6a0648a-1e16-461f-b150-04b83e883b67","local_time":"20210114183531","is_ascension_mode":false,"campfire_choices":[{"floor":11,"key":"REST"},{"floor":30,"key":"REST"},{"floor":45,"key":"REST"},{"floor":49,"key":"REST"}],"circlet_count":0,"master_deck":["HollowMod:NailStrikeStart","HollowMod:NailStrikeStart","HollowMod:NailStrikeStart","HollowMod:NailStrikeStart","HollowMod:QuickDashStart","HollowMod:QuickDashStart","HollowMod:QuickDashStart","HollowMod:QuickDashStart","HollowMod:FocusHealStart+1","HollowMod:PogoStrike","HollowMod:DescendingDark","HollowMod:DungDefenderAura","HollowMod:DungDefenderAura","HollowMod:VengefulVoid","HollowMod:ChannelNail","HollowMod:SlysStrikes+1","HollowMod:SoulVessel","HollowMod:SoulStrike","HollowMod:GoodIntentions","HollowMod:ShadowDash","HollowMod:ShadowDash","HollowMod:VoidDash","HollowMod:TaintedHusks+1","HollowMod:CycloneSlash","HollowMod:MantisMark","HollowMod:ShapeofUnn","HollowMod:InfectionAssault","HollowMod:HeavyBlow+1","HollowMod:SharpenedNail","HollowMod:MantisMark","HollowMod:RecoilStrike+1","HollowMod:HuntersJournal","HollowMod:DoubleDash+1","HollowMod:SoulSplash","HollowMod:LifebloodCore","HollowMod:VengefulVoid+1","HollowMod:QuirrelsAssistance+1","HollowMod:CloakDash+1","HollowMod:NewLittleFool+1","HollowMod:SoulStrike+1","HollowMod:SiblingsSouls+1","HollowMod:DesolateDive+1","HollowMod:CoiledNail+1","HollowMod:Weaversong+1","HollowMod:HuntersJournal","HollowMod:PureNailStrike","HollowMod:PureNailStrike"],"relics":["HollowMod:VesselMask","DaveBox","ice","NeowsBlessing","SynthV:TestCard","Replay:Bottled Eggs","OriginationStaff","HollowDreamFlower","Shuriken","Thread and Needle","HollowMod:MillibellesNoteRelic","ExusiaiGun","Replay:Bottled Snecko","Replay:Baseball","Pen Nib","Counterbalance","ChiLing","Chi","Ling","Fusion Hammer","Ice Cream","Red Mask","Replay:Bandana","Simple Rune","Frozen Egg 2","SynthV"],"acts_visited":["Exordium","TheCity","TheBeyond"],"potions_floor_usage":[16,44],"damage_taken":[{"damage":0,"enemies":"Jaw Worm","floor":1,"turns":1},{"damage":0,"enemies":"Small Slimes","floor":3,"turns":1},{"damage":0,"enemies":"HollowMod:MossKnight","floor":6,"turns":1},{"damage":0,"enemies":"2 Louse","floor":7,"turns":3},{"damage":37,"enemies":"Replay:BlueRogue","floor":8,"turns":10},{"damage":17,"enemies":"Exordium Wildlife","floor":12,"turns":4},{"damage":73,"enemies":"Slime Boss","floor":16,"turns":16},{"damage":12,"enemies":"HollowMod:HuskSentry","floor":18,"turns":3},{"damage":11,"enemies":"Shell Parasite","floor":20,"turns":3},{"damage":4,"enemies":"Centurion and Healer","floor":21,"turns":2},{"damage":0,"enemies":"Gremlin Leader","floor":23,"turns":2},{"damage":0,"enemies":"Chosen and Byrds","floor":24,"turns":1},{"damage":21,"enemies":"Snake Plant","floor":25,"turns":2},{"damage":6,"enemies":"Cultist and Chosen","floor":27,"turns":2},{"damage":0,"enemies":"HollowMod:Nosk","floor":28,"turns":2},{"damage":0,"enemies":"Shelled Parasite and Fungi","floor":29,"turns":2},{"damage":12,"enemies":"Replay:Snechameleon","floor":31,"turns":2},{"damage":27,"enemies":"Pondfish","floor":33,"turns":4},{"damage":0,"enemies":"Orb Walker","floor":35,"turns":1},{"damage":0,"enemies":"Mind Bloom Boss Battle","floor":36,"turns":1},{"damage":1,"enemies":"3 Darklings","floor":37,"turns":1},{"damage":25,"enemies":"HollowMod:SlobberingHusk","floor":39,"turns":3},{"damage":0,"enemies":"Giant Head","floor":40,"turns":1},{"damage":3,"enemies":"Maw","floor":41,"turns":3},{"damage":1,"enemies":"Spire Growth","floor":42,"turns":2},{"damage":71,"enemies":"Reptomancer","floor":44,"turns":3},{"damage":12,"enemies":"Sphere and 2 Shapes","floor":46,"turns":1},{"damage":3,"enemies":"Transient","floor":47,"turns":5},{"damage":6,"enemies":"Replay:Hell Engine","floor":50,"turns":3}],"seed_played":"-6141327299079827837","potions_obtained":[{"floor":3,"key":"Explosive Potion"},{"floor":6,"key":"Languid Potion"},{"floor":8,"key":"DuplicationPotion"},{"floor":16,"key":"Regen Potion"},{"floor":25,"key":"PowerPotion"},{"floor":39,"key":"DistilledChaos"},{"floor":44,"key":"SmokeBomb"}],"is_trial":false,"path_per_floor":["M","$","M","?","$","E","M","E","T","?","R","M","?","?","R","B",null,"M","?","M","M","$","E","M","M","T","M","E","M","R","E","R","B",null,"M","?","M","?","M","E","M","M","T","E","R","M","M","$","R","B",null],"character_chosen":"THE_BUGKNIGHT","items_purchased":["HollowMod:DungDefenderAura","HollowMod:VengefulVoid","HollowMod:ShadowDash","HollowMod:MillibellesNoteRelic","HollowMod:ShapeofUnn","ChiLing","HollowMod:SoulSplash","HollowMod:PureNailStrike","SynthV"],"campfire_rested":4,"item_purchase_floors":[2,2,15,15,22,32,32,48,48],"current_hp_per_floor":[75,75,75,63,63,63,63,42,42,42,64,51,51,56,56,72,81,69,69,62,62,62,66,70,53,53,51,55,59,87,79,79,56,112,112,112,111,111,87,91,92,95,95,28,64,56,63,63,102,100],"gold":163,"neow_bonus":"THREE_ENEMY_KILL","is_daily":false,"chose_seed":false,"campfire_upgraded":0,"win_rate":0.0,"timestamp":1610620531,"path_taken":["M","$","M","?","$","E","M","E","T","?","R","M","?","?","R","BOSS","M","?","M","M","$","E","M","M","T","M","E","?","R","E","R","BOSS","M","?","M","?","M","E","M","M","T","E","R","M","M","$","R","BOSS"],"items_purchased_type":["Card","Card","Card","Relic","Card","Relic","Card","Card","Relic"],"build_version":"2020-12-22","purchased_purges":1,"victory":true,"max_hp_per_floor":[75,75,75,75,75,75,75,75,75,75,75,75,75,80,80,81,81,85,85,88,89,89,89,89,92,92,94,95,96,96,99,99,112,112,112,112,112,112,115,115,116,116,116,123,123,127,131,131,131,134],"card_choices":[{"not_picked":["HollowMod:SoulStrike","HollowMod:AbyssShriek"],"picked":"HollowMod:DescendingDark","floor":1},{"not_picked":["HollowMod:TaintedHusks","HollowMod:HeavyBlow","HollowMod:LifebloodCocoon","HollowMod:InfectedCysts"],"picked":"HollowMod:ChannelNail","floor":3},{"not_picked":["HollowMod:SharpenedNail","HollowMod:ElderbugsWisdom","HollowMod:ZotesMagnificence","HollowMod:MothsMistake"],"picked":"HollowMod:SlysStrikes","floor":6},{"not_picked":["HollowMod:LifebloodCocoon","HollowMod:HeavyBlow","HollowMod:DashSlash","HollowMod:NewGlowingWomb"],"picked":"HollowMod:SoulVessel","floor":7},{"not_picked":["HollowMod:CloakDash","HollowMod:CycloneSlash","HollowMod:SharpenedNail","HollowMod:SoulMaster"],"picked":"HollowMod:SoulStrike","floor":8},{"not_picked":["HollowMod:LifebloodCocoon","HollowMod:InfectedCysts","HollowMod:CloakDash","HollowMod:Grubsong"],"picked":"HollowMod:GoodIntentions","floor":12},{"not_picked":["HollowMod:Hiveblood","HollowMod:ZotesMagnificence","HollowMod:SlysStrikes","HollowMod:NewInfectedGuardian"],"picked":"HollowMod:VoidDash","floor":16},{"not_picked":["HollowMod:SoulStrike","HollowMod:SiblingsSouls","HollowMod:InfectedCysts","HollowMod:InfectedAttack"],"picked":"HollowMod:TaintedHusks+1","floor":18},{"not_picked":["HollowMod:HowlingWraiths","HollowMod:SoulVessel+1","HollowMod:PureNailStrike","HollowMod:DashSlash"],"picked":"HollowMod:CycloneSlash","floor":20},{"not_picked":["HollowMod:DesolateDive","HollowMod:SoulStrike+1","HollowMod:NewJinnsSoul","HollowMod:InfectedAttack"],"picked":"HollowMod:MantisMark","floor":21},{"not_picked":["HollowMod:SoulShaman","HollowMod:DescendingDark+1","HollowMod:InfectedCysts","HollowMod:SoulEater"],"picked":"HollowMod:InfectionAssault","floor":23},{"not_picked":["HollowMod:DashSlash","HollowMod:FastStrike","HollowMod:GoodIntentions+1","HollowMod:RecoilStrike"],"picked":"HollowMod:HeavyBlow+1","floor":24},{"not_picked":["HollowMod:LifebloodCocoon","HollowMod:AwokenDreamNail","HollowMod:InfectedCysts+1","HollowMod:DescendingDark+1"],"picked":"HollowMod:SharpenedNail","floor":25},{"not_picked":["HollowMod:SoulVessel","HollowMod:TaintedHusks","HollowMod:InfectedCysts","HollowMod:VengefulSpirit+1"],"picked":"HollowMod:MantisMark","floor":27},{"not_picked":["HollowMod:DungDefenderAura","HollowMod:ShadowDash","HollowMod:InfectedCysts","HollowMod:GrimmsGift"],"picked":"HollowMod:RecoilStrike+1","floor":28},{"not_picked":["HollowMod:CloakDash","HollowMod:SoulSplash","HollowMod:RecoilStrike","HollowMod:Grubsong"],"picked":"HollowMod:HuntersJournal","floor":29},{"not_picked":["HollowMod:HowlingWraiths+1","HollowMod:SoulShaman+1","HollowMod:SoulMaster","HollowMod:SoulStrike+1"],"picked":"HollowMod:DoubleDash+1","floor":31},{"not_picked":["HollowMod:ZotesMagnificence","HollowMod:AwokenDreamNail","HollowMod:NewInfectedGuardian","HollowMod:SoulMaster"],"picked":"HollowMod:LifebloodCore","floor":33},{"not_picked":["HollowMod:GoodIntentions","HollowMod:InfectedAttack+1","HollowMod:DoubleDash+1","HollowMod:CycloneSlash+1"],"picked":"HollowMod:VengefulVoid+1","floor":35},{"not_picked":["HollowMod:ShadowDash","HollowMod:CrystalDash","HollowMod:GoodIntentions","HollowMod:Hiveblood"],"picked":"HollowMod:QuirrelsAssistance+1","floor":36},{"not_picked":["HollowMod:HeavyBlow","HollowMod:GrimmsGift","HollowMod:VengefulVoid","HollowMod:SharpenedShadows+1"],"picked":"HollowMod:CloakDash+1","floor":37},{"not_picked":["HollowMod:GrimmsGift","HollowMod:SharpenedShadows","HollowMod:ShadowDash","HollowMod:ChannelNail"],"picked":"HollowMod:NewLittleFool+1","floor":39},{"not_picked":["HollowMod:BlackTendrils","HollowMod:HowlingWraiths","HollowMod:InfectedCysts+1","HollowMod:ShadowDash"],"picked":"HollowMod:SoulStrike+1","floor":40},{"not_picked":["HollowMod:SoulStrike","HollowMod:CloakDash+1","HollowMod:SharpenedShadows+1","HollowMod:VoidDash"],"picked":"HollowMod:SiblingsSouls+1","floor":41},{"not_picked":["HollowMod:LifebloodCocoon+1","HollowMod:BaldurShell+1","HollowMod:MonarchWings+1","HollowMod:SoulSplash+1"],"picked":"HollowMod:DesolateDive+1","floor":42},{"not_picked":["HollowMod:DescendingDark","HollowMod:MawleksShell","HollowMod:SoulEater+1","HollowMod:TaintedHusks"],"picked":"HollowMod:CoiledNail+1","floor":44},{"not_picked":["HollowMod:TaintedHusks+1","HollowMod:SoulStrike","HollowMod:ShapeofUnn+1","HollowMod:InfectedAttack+1"],"picked":"HollowMod:Weaversong+1","floor":46},{"not_picked":["HollowMod:MonarchWings+1","HollowMod:BaldurShell+1","HollowMod:DashSlash+1","HollowMod:DoubleDash+1"],"picked":"HollowMod:HuntersJournal","floor":47}],"player_experience":23141,"relics_obtained":[{"floor":1,"key":"SynthV:TestCard"},{"floor":6,"key":"OriginationStaff"},{"floor":8,"key":"Shuriken"},{"floor":9,"key":"Thread and Needle"},{"floor":23,"key":"Replay:Bottled Snecko"},{"floor":26,"key":"Replay:Baseball"},{"floor":28,"key":"Pen Nib"},{"floor":31,"key":"Counterbalance"},{"floor":36,"key":"Ice Cream"},{"floor":40,"key":"Replay:Bandana"},{"floor":43,"key":"Simple Rune"},{"floor":44,"key":"Frozen Egg 2"}],"event_choices":[{"damage_healed":0,"gold_gain":0,"player_choice":"Success","damage_taken":12,"relics_obtained":["Replay:Bottled Eggs"],"max_hp_gain":0,"max_hp_loss":0,"event_name":"Scrap Ooze","floor":4,"gold_loss":0},{"damage_healed":0,"gold_gain":175,"player_choice":"AGREE","damage_taken":0,"max_hp_gain":0,"max_hp_loss":0,"event_name":"Liars Game","floor":13,"gold_loss":0,"cards_obtained":["Doubt"]},{"damage_healed":0,"gold_gain":0,"player_choice":"Donut","damage_taken":0,"max_hp_gain":5,"max_hp_loss":0,"event_name":"Big Fish","floor":14,"gold_loss":0},{"damage_healed":0,"gold_gain":0,"player_choice":"Upgraded Two","damage_taken":0,"max_hp_gain":0,"max_hp_loss":0,"event_name":"Designer","floor":19,"gold_loss":40,"cards_upgraded":["HollowMod:QuickDashStart","HollowMod:FocusHealStart"]},{"damage_healed":0,"gold_gain":0,"player_choice":"Fight","damage_taken":0,"max_hp_gain":0,"max_hp_loss":0,"event_name":"MindBloom","floor":36,"gold_loss":0},{"damage_healed":0,"gold_gain":0,"player_choice":"Paid","damage_taken":0,"relics_obtained":["Red Mask"],"max_hp_gain":0,"max_hp_loss":0,"event_name":"Tomb of Lord Red Mask","floor":38,"gold_loss":193}],"is_beta":false,"boss_relics":[{"not_picked":["NightmareShop","GuanYuAspect"],"picked":"ExusiaiGun"},{"not_picked":["Replay:Drink Me","MostiFishMod:Hod"],"picked":"Fusion Hammer"}],"items_purged_floors":[22],"is_endless":false,"potions_floor_spawned":[3,6,8,16,21,25,28,33,39,40,44,47],"ascension_level":0}}