{"host":"y76x98twjnyyxs83","time":1610624284,"event":{"mods":["BaseMod","Colored Powertips","Minty Spire (QoL Compilation)","Permanent Neow","Quick Restart","Rare Cards Sparkle","Relic Stats","StSLib"],"gold_per_floor":[111,130,144,219,12,38,38,38,38,65,65,91,108,123,123,123,123],"floor_reached":16,"language":"ENG","playtime":613,"items_purged":["Strike_G"],"score":222,"play_id":"bc66bba9-c4ff-42d8-b2b1-b78bd9b30a9f","local_time":"20210114193804","is_ascension_mode":true,"campfire_choices":[{"data":"Crippling Poison","floor":8,"key":"SMITH"},{"floor":11,"key":"REST"},{"floor":15,"key":"REST"}],"circlet_count":0,"master_deck":["AscendersBane","Strike_G","Strike_G","Strike_G","Strike_G","Defend_G","Defend_G","Defend_G","Defend_G","Defend_G","Survivor","Neutralize","Sucker Punch","Blade Dance","Crippling Poison+1","Backstab","Escape Plan","Escape Plan","Envenom","Caltrops"],"relics":["Ring of the Snake","Blood Vial","Omamori","StrikeDummy","Tough Bandages","Oddly Smooth Stone"],"acts_visited":["Exordium"],"potions_floor_usage":[6,6],"damage_taken":[{"damage":8,"enemies":"Cultist","floor":1,"turns":5},{"damage":4,"enemies":"Small Slimes","floor":2,"turns":4},{"damage":3,"enemies":"Jaw Worm","floor":3,"turns":4},{"damage":16,"enemies":"3 Sentries","floor":6,"turns":10},{"damage":26,"enemies":"Lagavulin","floor":10,"turns":7},{"damage":20,"enemies":"Gremlin Nob","floor":12,"turns":4},{"damage":0,"enemies":"Lots of Slimes","floor":13,"turns":3},{"damage":1,"enemies":"Exordium Thugs","floor":14,"turns":5},{"damage":26,"enemies":"The Guardian","floor":16,"turns":6}],"seed_played":"-4347921777334715205","potions_obtained":[{"floor":2,"key":"CunningPotion"},{"floor":13,"key":"Weak Potion"},{"floor":14,"key":"Weak Potion"}],"is_trial":false,"path_per_floor":["M","M","M","?","$","E","$","R","T","E","R","E","M","M","R","B"],"character_chosen":"THE_SILENT","items_purchased":["Crippling Poison","Fire Potion"],"campfire_rested":2,"item_purchase_floors":[5,5],"current_hp_per_floor":[53,51,50,39,39,25,25,25,25,1,20,2,4,5,24,0,0],"gold":123,"neow_bonus":"RANDOM_COMMON_RELIC","is_daily":false,"chose_seed":false,"campfire_upgraded":1,"win_rate":0.0,"timestamp":1610624284,"path_taken":["M","?","M","?","$","E","?","R","T","E","R","E","M","M","R","BOSS"],"items_purchased_type":["Card","Potion"],"build_version":"2020-12-22","purchased_purges":1,"victory":false,"max_hp_per_floor":[66,66,66,66,66,66,66,66,66,66,66,66,66,66,66,66,66],"relic_stats":{"Blood Vial":18,"Tough Bandages":[9],"counters":[9,48],"obtain_stats":[{"Blood Vial":0,"Tough Bandages":10,"Oddly Smooth Stone":12,"Omamori":6,"StrikeDummy":9,"Ring of the Snake":0},{"Blood Vial":0,"Tough Bandages":5,"Oddly Smooth Stone":6,"Omamori":4,"StrikeDummy":4,"Ring of the Snake":0},{"Blood Vial":0,"Tough Bandages":30,"Oddly Smooth Stone":34,"Omamori":23,"StrikeDummy":23,"Ring of the Snake":0}],"Ring of the Snake":[18]},"card_choices":[{"not_picked":["Underhanded Strike","Deflect"],"picked":"Sucker Punch","floor":1},{"not_picked":["Backflip","Underhanded Strike"],"picked":"Blade Dance","floor":2},{"not_picked":["Quick Slash","Deflect","Sucker Punch"],"picked":"SKIP","floor":3},{"not_picked":["Outmaneuver","Slice"],"picked":"Backstab","floor":6},{"not_picked":["Deflect","Flechettes"],"picked":"Escape Plan","floor":10},{"not_picked":["Tactician","Slice"],"picked":"Escape Plan","floor":12},{"not_picked":["Slice","Outmaneuver"],"picked":"Envenom","floor":13},{"not_picked":["Flying Knee","Outmaneuver"],"picked":"Caltrops","floor":14}],"player_experience":1132401,"relics_obtained":[{"floor":6,"key":"Omamori"},{"floor":9,"key":"StrikeDummy"},{"floor":10,"key":"Tough Bandages"},{"floor":12,"key":"Oddly Smooth Stone"}],"event_choices":[{"damage_healed":0,"gold_gain":75,"player_choice":"Gather Gold","damage_taken":11,"max_hp_gain":0,"max_hp_loss":0,"event_name":"World of Goop","floor":4,"gold_loss":0}],"is_beta":false,"boss_relics":[],"items_purged_floors":[5],"is_endless":false,"potions_floor_spawned":[2,13,14],"killed_by":"The Guardian","ascension_level":17}}