{"host":"oiw60b5ins9fyx34","time":1610595045,"event":{"mods":["BaseMod","Colored Map","Colored Powertips","Minty Spire (QoL Compilation)","Permanent Neow","Quick Restart","Rare Cards Sparkle","Relic Stats","StSLib","The Cursed"],"gold_per_floor":[114,129,129,154,154,154,154],"floor_reached":6,"language":"JPN","playtime":259,"items_purged":[],"score":34,"play_id":"9c04421f-6618-42bd-a121-a1bdd0563c6c","local_time":"20210114123045","is_ascension_mode":false,"campfire_choices":[],"circlet_count":0,"master_deck":["TheCursedMod:Strike_TheCursed","TheCursedMod:Strike_TheCursed","TheCursedMod:Strike_TheCursed","TheCursedMod:Strike_TheCursed","TheCursedMod:Defend_TheCursed","TheCursedMod:Defend_TheCursed","TheCursedMod:Defend_TheCursed","TheCursedMod:Defend_TheCursed+1","TheCursedMod:CursedWand+1","TheCursedMod:CleanUpWorkshop","TheCursedMod:Dregs","TheCursedMod:CollectTribute","TheCursedMod:LuckyCharm","TheCursedMod:ReleasedStrength"],"relics":["TheCursedMod:BlackMagic101","Boot","GremlinMask"],"acts_visited":["Exordium"],"potions_floor_usage":[],"damage_taken":[{"damage":1,"enemies":"2 Louse","floor":1,"turns":3},{"damage":0,"enemies":"Jaw Worm","floor":2,"turns":5},{"damage":61,"enemies":"Gremlin Nob","floor":6,"turns":7}],"seed_played":"-2611116325651430486","potions_obtained":[],"is_trial":false,"path_per_floor":["M","M","?","T","?","E"],"character_chosen":"THE_CURSED","items_purchased":[],"campfire_rested":0,"item_purchase_floors":[],"current_hp_per_floor":[74,74,59,59,59,0,0],"gold":154,"neow_bonus":"ONE_RANDOM_RARE_CARD","is_daily":false,"chose_seed":false,"campfire_upgraded":0,"win_rate":0.0,"timestamp":1610595045,"path_taken":["M","M","?","?","?","E"],"items_purchased_type":[],"build_version":"2020-12-22","purchased_purges":0,"victory":false,"max_hp_per_floor":[75,75,75,75,75,75,75],"relic_stats":{"counters":[3,15],"Boot":[1],"obtain_stats":[{"TheCursedMod:BlackMagic101":0,"GremlinMask":5,"Boot":4},{"TheCursedMod:BlackMagic101":0,"GremlinMask":2,"Boot":2},{"TheCursedMod:BlackMagic101":0,"GremlinMask":8,"Boot":8}]},"card_choices":[{"not_picked":["TheCursedMod:RapidMovement","TheCursedMod:CircleOfFocus"],"picked":"TheCursedMod:LuckyCharm","floor":1},{"not_picked":["TheCursedMod:SaltUponWound","TheCursedMod:CursedStaff"],"picked":"TheCursedMod:ReleasedStrength","floor":2}],"player_experience":659571,"relics_obtained":[{"floor":4,"key":"Boot"}],"event_choices":[{"damage_healed":0,"gold_gain":0,"player_choice":"Entered Light","damage_taken":15,"max_hp_gain":0,"max_hp_loss":0,"event_name":"Shining Light","floor":3,"gold_loss":0,"cards_upgraded":["TheCursedMod:Defend_TheCursed","TheCursedMod:CursedWand"]},{"damage_healed":0,"gold_gain":0,"player_choice":"Trade","damage_taken":0,"relics_obtained":["GremlinMask"],"max_hp_gain":0,"max_hp_loss":0,"event_name":"FaceTrader","floor":5,"gold_loss":0}],"is_beta":false,"boss_relics":[],"items_purged_floors":[],"is_endless":false,"potions_floor_spawned":[],"killed_by":"Gremlin Nob","ascension_level":0}}