{"host":"7uuqqk35leady37t","time":1610619703,"event":{"mods":["BaseMod","Colored Map","Colored Powertips","Marisa£®ÏF”Í°°ƒß¿Ì…≥£©","Minty Spire (QoL Compilation)","Relic Stats","Remilia£®¿Ÿ√◊¿Ú—«£©","Replay The Spire","Robot Space Explorer","StSLib","The Bug Knight","The Servant 0.9.4","UnlockEverythingMod","Waifu the Spire","Yuri Mod","[IsaacMod]“‘»ˆº‚À˛"],"gold_per_floor":[112,128,144,158,11,39,52,52,52,32,47,47,9,69,69,170,170,181,181,181],"floor_reached":19,"language":"ZHS","playtime":1070,"items_purged":[],"score":194,"play_id":"baa32415-1391-4bce-8eee-2ffc4e8a22ad","local_time":"20210114182143","is_ascension_mode":false,"campfire_choices":[{"floor":8,"key":"REST"},{"floor":12,"key":"REST"},{"floor":15,"key":"REST"}],"circlet_count":0,"master_deck":["Demon Form","Wraith Form v2","Echo Form","DevaForm","BatForm","FlawlessForm","yuri:DragonForm","yuri:GhostForm","RobotSpaceExplorer:TrailblazerForm","yuri:yuriStrike","yuri:yuriStrike","yuri:yuriStrike","yuri:yuriStrike","yuri:yuriStrike","yuri:yuriDefend","yuri:yuriDefend","yuri:yuriDefend","yuri:yuriDefend","yuri:yuriDefend","yuri:Oolong","yuri:yuriStab","EpicFetus","yuri:yuriHeavyStrike","yuri:WickedSlash","yuri:BookRed","yuri:SelfHarm","yuri:HeavierStrike","yuri:TeaSet","yuri:TeaSet","yuri:DebugCard","yuri:BookGreen","yuri:ArmBrace","yuri:NoEscape","AbeCurse","yuri:Virus","yuri:MultiDip"],"relics":["yuri:yuriKnife","HushsDoor","Void","SteamSale","MealTicket","FossilizedHelix","Akabeko"],"acts_visited":["Exordium","TheCity"],"potions_floor_usage":[4,7,19],"damage_taken":[{"damage":0,"enemies":"2 Louse","floor":1,"turns":5},{"damage":10,"enemies":"Jaw Worm","floor":2,"turns":5},{"damage":8,"enemies":"Cultist","floor":3,"turns":6},{"damage":17,"enemies":"3 Louse","floor":4,"turns":3},{"damage":40,"enemies":"Lagavulin","floor":6,"turns":7},{"damage":10,"enemies":"Blue Slaver","floor":7,"turns":5},{"damage":4,"enemies":"2 Fungi Beasts","floor":11,"turns":6},{"damage":29,"enemies":"3 Sentries","floor":14,"turns":11},{"damage":5,"enemies":"Slime Boss","floor":16,"turns":11},{"damage":44,"enemies":"Spheric Guardian","floor":18,"turns":9},{"damage":5,"enemies":"3 Byrds","floor":19,"turns":3}],"seed_played":"-607029065318992712","potions_obtained":[{"floor":2,"key":"DistilledChaos"},{"floor":3,"key":"Adrenaline Potion"},{"floor":4,"key":"LiquidBronze"},{"floor":18,"key":"Dexterity Potion"}],"is_trial":true,"path_per_floor":["M","M","M","M","$","E","M","R","T","$","M","R","$","?","R","B",null,"M","M"],"character_chosen":"YURI","items_purchased":["SteamSale","yuri:TeaSet","yuri:BookGreen","Damocles","yuri:Virus","FairyPotion"],"campfire_rested":3,"item_purchase_floors":[5,10,13,17,17,17],"current_hp_per_floor":[78,72,68,51,51,18,14,35,35,50,50,71,72,47,68,67,50,4,0,0],"gold":181,"neow_bonus":"","is_daily":false,"chose_seed":false,"campfire_upgraded":0,"win_rate":0.0,"timestamp":1610619703,"path_taken":["M","M","M","M","$","E","M","R","T","$","M","R","$","?","R","BOSS","M","M"],"items_purchased_type":["Relic","Card","Card","Relic","Card","Potion"],"build_version":"2020-12-22","purchased_purges":0,"victory":false,"max_hp_per_floor":[78,78,76,76,76,74,72,72,72,72,72,72,72,72,72,68,50,48,48,48],"relic_stats":{"counters":[11,71],"MealTicket":16,"obtain_stats":[{"KeepersGift":0,"Damocles":17,"yuri:yuriKnife":0,"MealTicket":6,"Void":0,"HushsDoor":0,"SteamSale":5,"FossilizedHelix":9,"Akabeko":14,"Abe\u0027s Treasure":17},{"KeepersGift":0,"Damocles":9,"yuri:yuriKnife":0,"MealTicket":5,"Void":0,"HushsDoor":0,"SteamSale":4,"FossilizedHelix":6,"Akabeko":8,"Abe\u0027s Treasure":9},{"KeepersGift":0,"Damocles":59,"yuri:yuriKnife":0,"MealTicket":26,"Void":0,"HushsDoor":0,"SteamSale":19,"FossilizedHelix":31,"Akabeko":48,"Abe\u0027s Treasure":59}]},"card_choices":[{"not_picked":[],"picked":"EpicFetus","floor":0},{"not_picked":["yuri:ThrowBook","yuri:CalmingAura"],"picked":"yuri:yuriHeavyStrike","floor":1},{"not_picked":["yuri:yuriQuickStrike","yuri:HoldBack"],"picked":"yuri:WickedSlash","floor":2},{"not_picked":["yuri:AdaptiveAI","yuri:ThrowBook"],"picked":"yuri:BookRed","floor":3},{"not_picked":["yuri:Stare","yuri:yuriHeavyStrike"],"picked":"yuri:SelfHarm","floor":4},{"not_picked":["yuri:Spin","yuri:NoEscape"],"picked":"yuri:HeavierStrike","floor":6},{"not_picked":["yuri:UnstableStrike","yuri:yuriQuickStrike"],"picked":"yuri:TeaSet","floor":7},{"not_picked":["yuri:ThrowBook","yuri:ThrowingKnives"],"picked":"yuri:DebugCard","floor":11},{"not_picked":["yuri:ChibiInvasion","yuri:BookGreen"],"picked":"yuri:ArmBrace","floor":14},{"not_picked":["yuri:GlitchRemove","yuri:RemoveSafetyChecks"],"picked":"yuri:NoEscape","floor":16},{"not_picked":["yuri:ThrowBook+1","yuri:DeepBreathing"],"picked":"yuri:MultiDip","floor":18}],"player_experience":60549,"relics_obtained":[{"floor":6,"key":"MealTicket"},{"floor":9,"key":"FossilizedHelix"},{"floor":14,"key":"Akabeko"}],"event_choices":[{"damage_healed":0,"gold_gain":0,"player_choice":"Searched \u00272\u0027 times","damage_taken":0,"max_hp_gain":0,"max_hp_loss":0,"event_name":"Dead Adventurer","floor":14,"gold_loss":0}],"is_beta":false,"boss_relics":[{"not_picked":["SlaversCollar","ReplayTheSpireMod:DimensionalGlitch"],"picked":"Abe\u0027s Treasure"},{"not_picked":[]}],"items_purged_floors":[],"is_endless":false,"potions_floor_spawned":[2,3,4,18],"killed_by":"3 Byrds","ascension_level":0}}