{"host":"r53pw7z744tg3fxg","time":1610664573,"event":{"mods":["AchievementEnabler","BaseMod","Colored Map","Colored Powertips","Highlight Path","Minty Spire (QoL Compilation)","Quick Restart","Transform Curses"],"gold_per_floor":[119,119,129,59,75,75,105,105,150,162,187,228,9,109,109,193,193,127,156,9,9,9],"floor_reached":21,"language":"ENG","playtime":569,"items_purged":[],"score":305,"play_id":"f90d9ceb-684e-4db1-ab0c-ff3e641cbad1","local_time":"20210114154933","is_ascension_mode":true,"campfire_choices":[{"data":"Eruption","floor":6,"key":"SMITH"},{"floor":8,"key":"REST"},{"floor":15,"key":"REST"}],"circlet_count":0,"master_deck":["AscendersBane","Strike_P","Strike_P","Strike_P","Strike_P","Defend_P","Defend_P","Defend_P","Defend_P","Eruption+1","Vigilance","Conclude","Tantrum","FearNoEvil","EmptyFist","ThirdEye","PathToVictory","Prostrate","ConjureBlade","Wish","FollowUp","Wallop"],"relics":["PureWater","NeowsBlessing","Juzu Bracelet","PreservedInsect","Odd Mushroom","CeramicFish","Membership Card","SlaversCollar","ClockworkSouvenir","Tiny Chest"],"acts_visited":["Exordium","TheCity"],"potions_floor_usage":[7,11,12,16,19,21],"damage_taken":[{"damage":0,"enemies":"Small Slimes","floor":1,"turns":1},{"damage":0,"enemies":"Cultist","floor":3,"turns":1},{"damage":0,"enemies":"Jaw Worm","floor":5,"turns":1},{"damage":20,"enemies":"3 Sentries","floor":7,"turns":3},{"damage":15,"enemies":"Exordium Thugs","floor":10,"turns":4},{"damage":0,"enemies":"The Mushroom Lair","floor":11,"turns":3},{"damage":12,"enemies":"Lagavulin","floor":12,"turns":4},{"damage":10,"enemies":"Slime Boss","floor":16,"turns":5},{"damage":44,"enemies":"2 Thieves","floor":18,"turns":5},{"damage":10,"enemies":"3 Byrds","floor":19,"turns":5},{"damage":15,"enemies":"Snake Plant","floor":21,"turns":1}],"seed_played":"-1165498962243722104","potions_obtained":[{"floor":1,"key":"Explosive Potion"},{"floor":3,"key":"Explosive Potion"},{"floor":10,"key":"PowerPotion"},{"floor":12,"key":"BlessingOfTheForge"},{"floor":19,"key":"EssenceOfSteel"}],"is_trial":false,"path_per_floor":["M","?","M","$","M","R","E","R","T","M","?","E","$","?","R","B",null,"M","M","$","M"],"character_chosen":"WATCHER","items_purchased":["FearNoEvil","Membership Card","ConjureBlade","DistilledChaos","ClockworkSouvenir","Tiny Chest"],"campfire_rested":2,"item_purchase_floors":[4,13,13,13,20,20],"current_hp_per_floor":[65,65,65,65,65,65,45,66,66,51,51,39,39,39,60,50,67,23,13,13,0,0],"gold":9,"neow_bonus":"THREE_ENEMY_KILL","is_daily":false,"chose_seed":false,"campfire_upgraded":1,"win_rate":0.0,"timestamp":1610664573,"path_taken":["M","?","M","$","?","R","E","R","T","M","?","E","$","?","R","BOSS","M","M","$","M"],"items_purchased_type":["Card","Relic","Card","Potion","Relic","Relic"],"build_version":"2020-12-22","purchased_purges":0,"victory":false,"max_hp_per_floor":[72,72,72,72,72,72,72,72,72,72,72,72,72,72,72,72,72,72,72,72,72,72],"card_choices":[{"not_picked":["ThirdEye","EmptyFist"],"picked":"Conclude","floor":1},{"not_picked":["FollowUp","Weave"],"picked":"Tantrum","floor":3},{"not_picked":["Meditate","ClearTheMind"],"picked":"EmptyFist","floor":5},{"not_picked":["Perseverance","WreathOfFlame"],"picked":"ThirdEye","floor":7},{"not_picked":["Meditate","Halt"],"picked":"PathToVictory","floor":10},{"not_picked":["CrushJoints","MentalFortress"],"picked":"Prostrate","floor":12},{"not_picked":["Vault","Omniscience"],"picked":"Wish","floor":16},{"not_picked":["Consecrate","Study"],"picked":"FollowUp","floor":18},{"not_picked":["ClearTheMind","ForeignInfluence"],"picked":"Wallop","floor":19}],"player_experience":1260131,"relics_obtained":[{"floor":7,"key":"Juzu Bracelet"},{"floor":9,"key":"PreservedInsect"},{"floor":11,"key":"Odd Mushroom"},{"floor":12,"key":"CeramicFish"}],"event_choices":[{"damage_healed":0,"gold_gain":0,"player_choice":"Ignored","damage_taken":0,"max_hp_gain":0,"max_hp_loss":0,"event_name":"Purifier","floor":2,"gold_loss":0},{"damage_healed":0,"gold_gain":0,"player_choice":"Fought Mushrooms","damage_taken":0,"max_hp_gain":0,"max_hp_loss":0,"event_name":"Mushrooms","floor":11,"gold_loss":0},{"damage_healed":0,"gold_gain":100,"player_choice":"Pray","damage_taken":0,"max_hp_gain":0,"max_hp_loss":0,"event_name":"Golden Shrine","floor":14,"gold_loss":0}],"is_beta":false,"boss_relics":[{"not_picked":["Tiny House","Ectoplasm"],"picked":"SlaversCollar"}],"items_purged_floors":[],"is_endless":false,"potions_floor_spawned":[1,3,10,12,19],"killed_by":"Snake Plant","ascension_level":13}}