{"host":"jggt5i9rbuoqvque","time":1610589709,"event":{"mods":["BaseMod","Colored Map","Minty Spire (QoL Compilation)","StSLib"],"gold_per_floor":[119,133,147,162,10,41,41,71,71,71,71,89,89,102,102,205,205,224,224,70,83,83,83,83,83],"floor_reached":24,"language":"KOR","playtime":578,"items_purged":[],"score":379,"play_id":"350e3637-a4c6-4a9d-9083-35f865aa20b8","local_time":"20210114110149","is_ascension_mode":true,"campfire_choices":[{"data":"Armaments","floor":7.0,"key":"SMITH"},{"data":"Double Tap","floor":11.0,"key":"SMITH"},{"data":"Immolate","floor":13.0,"key":"SMITH"},{"floor":15.0,"key":"REST"},{"floor":23.0,"key":"REST"}],"circlet_count":0,"master_deck":["Strike_R","Strike_R","Strike_R","Strike_R","Strike_R","Defend_R","Defend_R","Defend_R","Defend_R","Bash","Immolate+1","Shrug It Off","Armaments+1","Ghostly Armor","Double Tap+1","Disarm"],"relics":["Burning Blood","Pantograph","Thread and Needle","Unceasing Top","Black Star","Oddly Smooth Stone"],"acts_visited":["Exordium","TheCity"],"potions_floor_usage":[24],"damage_taken":[{"damage":6.0,"enemies":"Cultist","floor":1.0,"turns":3.0},{"damage":0.0,"enemies":"2 Louse","floor":2.0,"turns":2.0},{"damage":12.0,"enemies":"Jaw Worm","floor":3.0,"turns":2.0},{"damage":12.0,"enemies":"Looter","floor":4.0,"turns":3.0},{"damage":0.0,"enemies":"3 Sentries","floor":6.0,"turns":1.0},{"damage":45.0,"enemies":"Lagavulin","floor":8.0,"turns":7.0},{"damage":15.0,"enemies":"Large Slime","floor":12.0,"turns":6.0},{"damage":0.0,"enemies":"2 Fungi Beasts","floor":14.0,"turns":2.0},{"damage":0.0,"enemies":"Slime Boss","floor":16.0,"turns":4.0},{"damage":58.0,"enemies":"Spheric Guardian","floor":18.0,"turns":12.0},{"damage":0.0,"enemies":"Chosen","floor":21.0,"turns":4.0},{"damage":56,"enemies":"Gremlin Leader","floor":24,"turns":6}],"seed_played":"-4033265842235282204","potions_obtained":[{"floor":1.0,"key":"ColorlessPotion"},{"floor":3.0,"key":"LiquidMemories"},{"floor":6.0,"key":"EntropicBrew"},{"floor":16.0,"key":"Energy Potion"},{"floor":18.0,"key":"ColorlessPotion"}],"is_trial":false,"path_per_floor":["M","M","M","M","$","E","R","E","T","?","R","M","R","M","R","B",null,"M","?","$","M","?","R","E"],"character_chosen":"IRONCLAD","items_purchased":["Double Tap","Oddly Smooth Stone"],"campfire_rested":2,"item_purchase_floors":[5,20],"current_hp_per_floor":[72,78,72,66,66,72,72,33,33,33,33,24,24,30,54,80,80,28,13,13,19,19,44,0,0],"gold":83,"neow_bonus":"ONE_RANDOM_RARE_CARD","is_daily":false,"chose_seed":false,"campfire_upgraded":3,"win_rate":0.0,"timestamp":1610589709,"path_taken":["M","M","?","M","$","E","R","E","T","?","R","M","R","M","R","BOSS","BOSS","M","?","$","M","?","R","E"],"items_purchased_type":["Card","Relic"],"build_version":"2020-12-22","purchased_purges":0,"victory":false,"max_hp_per_floor":[80,80,80,80,80,80,80,80,80,80,80,80,80,80,80,80,80,80,85,85,85,85,85,85,85],"card_choices":[{"not_picked":["Sentinel","Burning Pact","Whirlwind"],"picked":"SKIP","floor":1.0},{"not_picked":["Warcry","Iron Wave"],"picked":"Shrug It Off","floor":2.0},{"not_picked":["Blood for Blood","Anger"],"picked":"Armaments","floor":3.0},{"not_picked":["Anger","Sword Boomerang"],"picked":"Ghostly Armor","floor":4.0},{"not_picked":["Havoc","Uppercut","Rupture"],"picked":"SKIP","floor":6.0},{"not_picked":["Body Slam","Perfected Strike"],"picked":"Disarm","floor":8.0},{"not_picked":["Power Through","Fiend Fire","Combust"],"picked":"SKIP","floor":12.0},{"not_picked":["Cleave","Combust","Evolve"],"picked":"SKIP","floor":14.0},{"not_picked":["Anger","Rage","Cleave"],"picked":"SKIP","floor":18.0},{"not_picked":["Body Slam","Dark Embrace","Infernal Blade"],"picked":"SKIP","floor":21.0}],"player_experience":338108,"relics_obtained":[{"floor":6.0,"key":"Pantograph"},{"floor":8.0,"key":"Thread and Needle"},{"floor":9.0,"key":"Unceasing Top"}],"event_choices":[{"damage_healed":0.0,"max_hp_gain":0.0,"max_hp_loss":0.0,"gold_gain":0.0,"event_name":"The Woman in Blue","player_choice":"Bought 0 Potions","floor":10.0,"gold_loss":0.0,"damage_taken":0.0},{"damage_healed":0.0,"max_hp_gain":5.0,"max_hp_loss":0.0,"gold_gain":0.0,"event_name":"Forgotten Altar","player_choice":"Shed Blood","floor":19.0,"gold_loss":0.0,"damage_taken":20.0},{"damage_healed":0.0,"max_hp_gain":0.0,"max_hp_loss":0.0,"gold_gain":0.0,"event_name":"Match and Keep!","player_choice":"0 cards matched","floor":22.0,"gold_loss":0.0,"damage_taken":0.0,"cards_obtained":[]}],"is_beta":false,"boss_relics":[{"not_picked":["Black Blood","Busted Crown"],"picked":"Black Star"}],"items_purged_floors":[],"is_endless":false,"potions_floor_spawned":[1,3,6,16,18],"killed_by":"Gremlin Leader","ascension_level":7}}