{"host":"6jtzbi9kl8x9w6dt","time":1610605107,"event":{"mods":["Act Like it!","Aspiration","BaseMod","BetterRewards","Colored Powertips","Defuse TimeMaze Blight","Downfall","Friendly Minions","Halation","Hallownest","Hermit","Hubris","Marisa????????","Mimic Mod","Minty Spire (QoL Compilation)","Prisma Mod","READ ME - Guardian Mod","StSLib","SuperFastMode","Td1madao Mod","The Animator","The Bladedancer","The Construct","The Cursed","The Disciple","The Hierophant","The Mystic","The Necromancer","The Senshi","The Servant 0.9.4"],"gold_per_floor":[349,364,20,38,54,72,72,83,113,113,129,156,169,55,67,67,67],"floor_reached":16,"language":"ENG","playtime":818,"items_purged":["Normality"],"score":141,"play_id":"94edb0bf-6044-4439-aa48-29e00aeb428d","local_time":"20210113221827","is_ascension_mode":false,"campfire_choices":[{"floor":1,"key":"RECALL"}],"circlet_count":0,"master_deck":["PrismaMod:IllyaCommonAttack","PrismaMod:IllyaCommonDefend","PrismaMod:IllyaCommonAttack","PrismaMod:IllyaCommonDefend","PrismaMod:IllyaCommonAttack","PrismaMod:IllyaCommonDefend","PrismaMod:IllyaCommonAttack","PrismaMod:IllyaCommonDefend","PrismaMod:IllyaCommonAttack","PrismaMod:IllyaCommonDefend","PrismaMod:IllyaUncommonAttack","PrismaMod:IllyaUncommonDefend","PrismaMod:IllyaStunPoison","PrismaMod:IllyaFriendMaker","expansioncontent:QuickStudy","PrismaMod:IllyaCarnivalOrbs","PrismaMod:IllyaDetonatingBlow","PrismaMod:IllyaBerserCAR","PrismaMod:IllyaBlindPoisonToss","PrismaMod:IllyaInstallRuler","PrismaMod:IllyaStunPoison","PrismaMod:IllyaInstallMoonCancer","PrismaMod:IllyaPoisonTippedWeapons","PrismaMod:IllyaFeed","PrismaMod:IllyaSaphire"],"relics":["PrismaMod:PrismaRuby","PreservedInsect","hubris:PeanutButter","halation:PrussianBluePaint"],"acts_visited":["Exordium"],"potions_floor_usage":[12,12,15],"damage_taken":[{"damage":0,"enemies":"Cultist","floor":2,"turns":4},{"damage":0,"enemies":"downfall:FleeingMerchant","floor":3,"turns":4},{"damage":0,"enemies":"2 Louse","floor":4,"turns":1},{"damage":5,"enemies":"Jaw Worm","floor":5,"turns":2},{"damage":8,"enemies":"Blue Slaver","floor":6,"turns":3},{"damage":0,"enemies":"Exordium Wildlife","floor":8,"turns":2},{"damage":20,"enemies":"Lagavulin","floor":9,"turns":5},{"damage":0,"enemies":"3 Louse","floor":11,"turns":1},{"damage":0,"enemies":"3 Sentries","floor":12,"turns":5},{"damage":13,"enemies":"Lots of Slimes","floor":13,"turns":3},{"damage":0,"enemies":"downfall:FleeingMerchant","floor":14,"turns":4},{"damage":18,"enemies":"Exordium Thugs","floor":15,"turns":4},{"damage":11,"enemies":"downfall:Silent","floor":16,"turns":2}],"seed_played":"7509958476300992229","potions_obtained":[{"floor":5,"key":"Fire Potion"},{"floor":8,"key":"Fire Potion"},{"floor":9,"key":"GamblersBrew"},{"floor":12,"key":"ColorlessPotion"}],"is_trial":false,"path_per_floor":["R","M","$","M","M","M","T","M","E","?","M","E","M","$","M","B"],"character_chosen":"ILLYA","items_purchased":["expansioncontent:QuickStudy","PrismaMod:IllyaCarnivalOrbs","PrismaMod:IllyaPoisonTippedWeapons","PrismaMod:IllyaFeed"],"campfire_rested":0,"item_purchase_floors":[3,3,14,14],"current_hp_per_floor":[75,75,75,75,70,62,62,62,42,39,39,39,26,26,8,0,0],"gold":67,"neow_bonus":"TWO_FIFTY_GOLD","is_daily":false,"chose_seed":false,"campfire_upgraded":0,"win_rate":0.0,"timestamp":1610605107,"path_taken":["R","M","$","M","?","M","T","M","E","?","M","E","M","$","M","BOSS"],"items_purchased_type":["Card","Card","Card","Card"],"build_version":"2020-12-22","purchased_purges":1,"victory":false,"max_hp_per_floor":[75,75,75,75,75,75,75,75,75,75,75,75,75,75,75,75,75],"card_choices":[{"not_picked":["PrismaMod:IllyaDevil","PrismaMod:IllyaAOECommonAttack"],"picked":"PrismaMod:IllyaStunPoison","floor":2},{"not_picked":["PrismaMod:IllyaBride","PrismaMod:IllyaGrail"],"picked":"PrismaMod:IllyaFriendMaker","floor":3},{"not_picked":["PrismaMod:IllyaHassanGift","PrismaMod:IllyaDevil"],"picked":"PrismaMod:IllyaDetonatingBlow","floor":4},{"not_picked":["PrismaMod:IllyaAOECommonAttack","PrismaMod:IllyaDualEvoke"],"picked":"PrismaMod:IllyaBerserCAR","floor":5},{"not_picked":["PrismaMod:IllyaUncommonAOEAttack","PrismaMod:IllyaBoysLove"],"picked":"PrismaMod:IllyaBlindPoisonToss","floor":6},{"not_picked":["PrismaMod:IllyaPoisonBlock","PrismaMod:IllyaPartialInstallAssassin"],"picked":"PrismaMod:IllyaInstallRuler","floor":8},{"not_picked":["PrismaMod:IllyaCommonEvoke","PrismaMod:IllyaMaid"],"picked":"PrismaMod:IllyaStunPoison","floor":9},{"not_picked":["PrismaMod:IllyaAOECommonAttack","PrismaMod:IllyaUpgradeOrbs","PrismaMod:IllyaUncommonEvoke"],"picked":"SKIP","floor":11},{"not_picked":["PrismaMod:IllyaInstallShielder","PrismaMod:IllyaUncommonDefend"],"picked":"PrismaMod:IllyaInstallMoonCancer","floor":12},{"not_picked":["PrismaMod:IllyaGrailKun","PrismaMod:IllyaUpgradeOrbs","PrismaMod:IllyaCheapChannelAttack"],"picked":"SKIP","floor":13},{"not_picked":["PrismaMod:IllyaUberDefendChannel","PrismaMod:IllyaBoysLove","PrismaMod:IllyaCheapChannelDefend"],"picked":"SKIP","floor":14},{"not_picked":["PrismaMod:IllyaBoysLove","PrismaMod:IllyaAOECommonAttack"],"picked":"PrismaMod:IllyaSaphire","floor":15}],"player_experience":73643,"relics_obtained":[{"floor":9,"key":"PreservedInsect"},{"floor":12,"key":"halation:PrussianBluePaint"}],"event_choices":[{"damage_healed":0,"gold_gain":0,"player_choice":"Success","damage_taken":3,"relics_obtained":["hubris:PeanutButter"],"max_hp_gain":0,"max_hp_loss":0,"event_name":"Scrap Ooze","floor":10,"gold_loss":0}],"is_beta":false,"boss_relics":[],"items_purged_floors":[3],"is_endless":false,"potions_floor_spawned":[5,8,9,12],"killed_by":"downfall:Silent","ascension_level":0}}