{"host":"jb40sdn36ct36hhv","time":1610607082,"event":{"mods":["Act Like it!","BaseMod","Better Third Choice","Marisa????????","Minty Spire (QoL Compilation)","StSLib"],"gold_per_floor":[109,127,127,141,158,158,171,171,171,171,212,227,243,266,266,396,396,414,429,429,452,452,475,475,475,475],"floor_reached":25,"language":"ENG","playtime":1474,"items_purged":[],"score":209,"play_id":"e330e3a5-8a21-4e5b-ac54-0eb502671a2d","local_time":"20210113225122","is_ascension_mode":false,"campfire_choices":[{"data":"DeepEcoloBomb","floor":6.0,"key":"SMITH"},{"data":"DoubleSpark","floor":10.0,"key":"SMITH"},{"data":"CasketOfStar","floor":15.0,"key":"SMITH"},{"floor":24,"key":"REST"}],"circlet_count":0,"master_deck":["Strike_MRS","Strike_MRS","Strike_MRS","Strike_MRS","Defend_MRS","Defend_MRS","Defend_MRS","Defend_MRS","MasterSpark","UpSweep","DragonMeteor","DoubleSpark+1","DeepEcoloBomb+1","DoubleSpark","DoubleSpark","CasketOfStar+1","TreasureHunter","MilkyWay+1","Singularity+1","MilkyWay+1"],"relics":["MiniHakkero","Potion Belt","Golden Idol","Singing Bowl","Akabeko","Black Star","MutagenicStrength","Nilry\u0027s Codex","Meat on the Bone"],"acts_visited":["Exordium","TheCity"],"potions_floor_usage":[23,25,25],"damage_taken":[{"damage":0.0,"enemies":"2 Louse","floor":1.0,"turns":2.0},{"damage":1.0,"enemies":"Cultist","floor":2.0,"turns":3.0},{"damage":11.0,"enemies":"Jaw Worm","floor":4.0,"turns":3.0},{"damage":2.0,"enemies":"2 Fungi Beasts","floor":5.0,"turns":4.0},{"damage":8.0,"enemies":"Blue Slaver","floor":7.0,"turns":3.0},{"damage":8.0,"enemies":"3 Sentries","floor":11.0,"turns":6.0},{"damage":0.0,"enemies":"3 Louse","floor":12.0,"turns":2.0},{"damage":0.0,"enemies":"Looter","floor":13.0,"turns":2.0},{"damage":7.0,"enemies":"Exordium Thugs","floor":14.0,"turns":2.0},{"damage":16.0,"enemies":"Slime Boss","floor":16.0,"turns":7.0},{"damage":0.0,"enemies":"Spheric Guardian","floor":18.0,"turns":3.0},{"damage":31.0,"enemies":"2 Thieves","floor":19.0,"turns":4.0},{"damage":22.0,"enemies":"Chosen and Byrds","floor":21.0,"turns":5.0},{"damage":5,"enemies":"Snecko","floor":23,"turns":4},{"damage":33,"enemies":"Book of Stabbing","floor":25,"turns":4}],"seed_played":"-4481267702790092419","potions_obtained":[{"floor":4.0,"key":"SpeedPotion"},{"floor":5.0,"key":"SneckoOil"},{"floor":13.0,"key":"SteroidPotion"},{"floor":16.0,"key":"Swift Potion"},{"floor":19.0,"key":"EssenceOfSteel"},{"floor":21.0,"key":"LiquidBronze"}],"is_trial":false,"path_per_floor":["M","M","?","M","M","R","M","?","T","R","E","M","M","M","R","B",null,"M","M","?","M","?","M","R","E"],"character_chosen":"MARISA","items_purchased":[],"campfire_rested":1,"item_purchase_floors":[],"current_hp_per_floor":[75,74,74,63,61,61,53,35,35,35,29,29,29,24,24,8,79,79,48,48,26,10,7,31,0,0],"gold":475,"neow_bonus":"RANDOM_COMMON_RELIC","is_daily":false,"chose_seed":false,"campfire_upgraded":3,"win_rate":0.0,"timestamp":1610607082,"path_taken":["M","M","?","?","M","R","M","?","T","R","E","M","M","M","R","BOSS","M","M","?","M","?","M","R","E"],"items_purchased_type":[],"build_version":"2020-12-22","purchased_purges":0,"victory":false,"max_hp_per_floor":[75,75,75,75,75,75,75,75,75,75,77,77,77,79,79,79,79,79,79,79,79,79,81,81,81,81],"card_choices":[{"not_picked":["AsteroidBelt","WitchLeyline"],"picked":"DragonMeteor","floor":1.0},{"not_picked":["DC","MysteriousBeam","MilkyWay"],"picked":"SKIP","floor":2.0},{"not_picked":["AsteroidBelt","MilkyWay"],"picked":"DoubleSpark","floor":4.0},{"not_picked":["GrandCross","Robbery"],"picked":"DeepEcoloBomb","floor":5.0},{"not_picked":["DeepEcoloBomb","GrandCross"],"picked":"DoubleSpark","floor":7.0},{"not_picked":["GalacticHalo","MilkyWay","AlicesGift"],"picked":"Singing Bowl","floor":11.0},{"not_picked":["GrandCross","UnstableBomb"],"picked":"DoubleSpark","floor":12.0},{"not_picked":["StarBarrage","GalacticHalo"],"picked":"CasketOfStar","floor":13.0},{"not_picked":["WitchOfGreed","AsteroidBelt","DragonMeteor"],"picked":"Singing Bowl","floor":14.0},{"not_picked":["UltimateShortwave","StarDustReverie"],"picked":"TreasureHunter","floor":16.0},{"not_picked":["EventHorizon+1","GravityBeat"],"picked":"MilkyWay+1","floor":18.0},{"not_picked":["PropBag+1","LuminesStrike+1"],"picked":"Singularity+1","floor":19.0},{"not_picked":["UnstableBomb","DoubleSpark+1"],"picked":"MilkyWay+1","floor":21.0},{"not_picked":["PowerUp","UnstableBomb","EscapeVelocity"],"picked":"Singing Bowl","floor":23}],"player_experience":1198914,"relics_obtained":[{"floor":9.0,"key":"Singing Bowl"},{"floor":11.0,"key":"Akabeko"},{"floor":22,"key":"Nilry\u0027s Codex"}],"event_choices":[{"damage_healed":0.0,"max_hp_gain":0.0,"max_hp_loss":0.0,"gold_gain":0.0,"event_name":"Match and Keep!","player_choice":"0 cards matched","floor":3.0,"gold_loss":0.0,"damage_taken":0.0,"cards_obtained":[]},{"damage_healed":0.0,"max_hp_gain":0.0,"max_hp_loss":0.0,"gold_gain":0.0,"event_name":"Golden Idol","player_choice":"Take Damage","floor":8.0,"gold_loss":0.0,"damage_taken":18.0,"relics_obtained":["Golden Idol"]},{"damage_healed":0.0,"max_hp_gain":0.0,"max_hp_loss":0.0,"gold_gain":0.0,"event_name":"Drug Dealer","player_choice":"Inject Mutagens","floor":20.0,"gold_loss":0.0,"damage_taken":0.0,"relics_obtained":["MutagenicStrength"]},{"damage_healed":0,"gold_gain":0,"player_choice":"Obtained Book","damage_taken":16,"max_hp_gain":0,"max_hp_loss":0,"event_name":"Cursed Tome","floor":22,"gold_loss":0}],"is_beta":false,"boss_relics":[{"not_picked":["Snecko Eye","Ectoplasm"],"picked":"Black Star"}],"items_purged_floors":[],"is_endless":false,"potions_floor_spawned":[4,5,13,16,19,21],"killed_by":"Book of Stabbing","ascension_level":0}}