{"host":"y76x98twjnyyxs83","time":1610644725,"event":{"mods":["BaseMod","Colored Powertips","Minty Spire (QoL Compilation)","Permanent Neow","Quick Restart","Rare Cards Sparkle","Relic Stats","StSLib"],"gold_per_floor":[119,131,150,150,165,195,210,210,210,236,251,38,50,61,61,140,140,154,174,99,109,126,126,159,159,184,235,235,269,269,281,281,356,356,374,394,410,425,425,459,459,491,537,537,537,537],"floor_reached":45,"language":"ENG","playtime":2307,"items_purged":["Strike_P"],"score":1308,"play_id":"8ae24fa7-32ae-48ad-a2a3-5f99a9190df1","local_time":"20210115011845","is_ascension_mode":true,"campfire_choices":[{"data":"LikeWater","floor":8.0,"key":"SMITH"},{"data":"TalkToTheHand","floor":15.0,"key":"SMITH"},{"data":"Meditate","floor":23.0,"key":"SMITH"},{"data":"Omniscience","floor":25.0,"key":"SMITH"},{"data":"Wallop","floor":28.0,"key":"SMITH"},{"data":"Wallop","floor":32.0,"key":"SMITH"},{"data":"Omniscience","floor":41,"key":"SMITH"}],"circlet_count":0,"master_deck":["AscendersBane","Strike_P","Strike_P","Strike_P","Defend_P","Defend_P","Defend_P","Eruption","Vigilance+1","Tantrum","InnerPeace","CarveReality","Protect","JustLucky","LikeWater+1","SpiritShield","FlyingSleeves","Wallop+1","Wallop+1","TalkToTheHand+1","Omniscience+1","WaveOfTheHand","Tantrum","Meditate+1","FearNoEvil","FlurryOfBlows+1","Omniscience+1","MentalFortress","Madness","Madness","LessonLearned","Bandage Up"],"relics":["Coffee Dripper","Lantern","The Courier","InkBottle","Philosopher\u0027s Stone","Singing Bowl","Vajra","MealTicket","Pantograph","Enchiridion","SlaversCollar","Juzu Bracelet","Meat on the Bone"],"acts_visited":["Exordium","TheCity","TheBeyond"],"potions_floor_usage":[45,45],"damage_taken":[{"damage":1.0,"enemies":"Cultist","floor":1.0,"turns":4.0},{"damage":2.0,"enemies":"Small Slimes","floor":2.0,"turns":3.0},{"damage":0.0,"enemies":"Jaw Worm","floor":3.0,"turns":3.0},{"damage":12.0,"enemies":"Exordium Wildlife","floor":5.0,"turns":3.0},{"damage":24.0,"enemies":"Lagavulin","floor":6.0,"turns":5.0},{"damage":6.0,"enemies":"Looter","floor":7.0,"turns":2.0},{"damage":10.0,"enemies":"Gremlin Nob","floor":10.0,"turns":3.0},{"damage":0.0,"enemies":"Blue Slaver","floor":11.0,"turns":5.0},{"damage":0.0,"enemies":"3 Louse","floor":13.0,"turns":5.0},{"damage":0.0,"enemies":"Looter","floor":14.0,"turns":5.0},{"damage":0.0,"enemies":"The Guardian","floor":16.0,"turns":9.0},{"damage":3.0,"enemies":"2 Thieves","floor":18.0,"turns":5.0},{"damage":0.0,"enemies":"Chosen","floor":19.0,"turns":5.0},{"damage":0.0,"enemies":"Snecko","floor":21.0,"turns":5.0},{"damage":16.0,"enemies":"Shelled Parasite and Fungi","floor":22.0,"turns":5.0},{"damage":0.0,"enemies":"Book of Stabbing","floor":24.0,"turns":4.0},{"damage":0.0,"enemies":"Slavers","floor":29.0,"turns":2.0},{"damage":0.0,"enemies":"Centurion and Healer","floor":31.0,"turns":3.0},{"damage":15.0,"enemies":"Automaton","floor":33.0,"turns":9.0},{"damage":4.0,"enemies":"Orb Walker","floor":35.0,"turns":3.0},{"damage":0.0,"enemies":"3 Shapes","floor":36.0,"turns":6.0},{"damage":3.0,"enemies":"Sphere and 2 Shapes","floor":37.0,"turns":8.0},{"damage":6.0,"enemies":"Jaw Worm Horde","floor":38.0,"turns":4.0},{"damage":81,"enemies":"Reptomancer","floor":40,"turns":8},{"damage":0,"enemies":"Nemesis","floor":42,"turns":7},{"damage":10,"enemies":"Reptomancer","floor":45,"turns":2}],"seed_played":"1551187138024521380","potions_obtained":[{"floor":1.0,"key":"Ancient Potion"},{"floor":5.0,"key":"EssenceOfSteel"},{"floor":10.0,"key":"LiquidBronze"},{"floor":11.0,"key":"Strength Potion"},{"floor":14.0,"key":"StancePotion"},{"floor":19.0,"key":"SneckoOil"},{"floor":33.0,"key":"ColorlessPotion"},{"floor":36.0,"key":"FairyPotion"},{"floor":40,"key":"Fire Potion"},{"floor":42,"key":"BlessingOfTheForge"}],"is_trial":false,"path_per_floor":["M","M","M","?","M","E","M","R","T","E","M","$","M","M","R","B",null,"M","M","?","M","M","R","E","R","T","T","R","E","?","M","R","B",null,"M","M","M","M","?","E","R","E","T","?","E"],"character_chosen":"WATCHER","items_purchased":["FlyingSleeves","Wallop","Regen Potion"],"campfire_rested":0,"item_purchase_floors":[12,12,12],"current_hp_per_floor":[60,58,58,58,46,22,16,16,16,6,6,6,6,20,20,20,56,53,53,53,53,37,37,39,39,39,39,39,39,18,18,18,28,60,58,60,57,53,39,7,7,9,9,9,0,0],"gold":537,"neow_bonus":"BOSS_RELIC","is_daily":false,"chose_seed":false,"campfire_upgraded":7,"win_rate":0.0,"timestamp":1610644725,"path_taken":["M","M","?","?","M","E","M","R","T","E","M","$","?","M","R","BOSS","M","M","?","M","M","R","E","R","T","?","R","E","?","M","R","BOSS","M","M","M","M","?","E","R","E","T","?","E"],"items_purchased_type":["Card","Card","Potion"],"build_version":"2020-12-22","purchased_purges":1,"victory":false,"max_hp_per_floor":[68,68,68,68,68,68,68,68,68,68,68,68,68,68,68,68,68,68,68,68,68,68,68,70,70,70,70,70,70,70,70,70,70,70,72,74,74,76,76,76,76,78,78,78,78,78],"relic_stats":{"Singing Bowl":10,"counters":[26,123],"Pantograph":25,"MealTicket":0,"Juzu Bracelet":0,"obtain_stats":[{"Lantern":6,"Singing Bowl":24,"Vajra":26,"Enchiridion":30,"The Courier":9,"Juzu Bracelet":40,"SlaversCollar":34,"Pantograph":29,"Philosopher\u0027s Stone":17,"MealTicket":27,"Coffee Dripper":0,"PureWater":0,"InkBottle":10,"Meat on the Bone":42},{"Lantern":5,"Singing Bowl":16,"Vajra":16,"Enchiridion":17,"The Courier":6,"Juzu Bracelet":24,"SlaversCollar":19,"Pantograph":17,"Philosopher\u0027s Stone":11,"MealTicket":16,"Coffee Dripper":0,"PureWater":0,"InkBottle":7,"Meat on the Bone":25},{"Lantern":18,"Singing Bowl":71,"Vajra":71,"Enchiridion":73,"The Courier":20,"Juzu Bracelet":114,"SlaversCollar":85,"Pantograph":73,"Philosopher\u0027s Stone":47,"MealTicket":71,"Coffee Dripper":0,"PureWater":0,"InkBottle":23,"Meat on the Bone":121}],"InkBottle":[41],"Meat on the Bone":0},"card_choices":[{"not_picked":["ThirdEye","SashWhip"],"picked":"Tantrum","floor":1.0},{"not_picked":["Crescendo","Evaluate"],"picked":"InnerPeace","floor":2.0},{"not_picked":["EmptyMind","Prostrate"],"picked":"CarveReality","floor":3.0},{"not_picked":["Evaluate","BowlingBash"],"picked":"Protect","floor":5.0},{"not_picked":["Crescendo","JustLucky","Alpha"],"picked":"SKIP","floor":6.0},{"not_picked":["Crescendo","Alpha"],"picked":"JustLucky","floor":6.0},{"not_picked":["Swivel","Prostrate"],"picked":"LikeWater","floor":7.0},{"not_picked":["Prostrate","WreathOfFlame"],"picked":"SpiritShield","floor":10.0},{"not_picked":["ThirdEye","ClearTheMind","Pray"],"picked":"SKIP","floor":11.0},{"not_picked":["FollowUp","CrushJoints"],"picked":"Wallop","floor":13.0},{"not_picked":["ThirdEye","Nirvana"],"picked":"TalkToTheHand","floor":14.0},{"not_picked":["DeusExMachina","DevaForm"],"picked":"Omniscience","floor":16.0},{"not_picked":["JustLucky","EmptyFist+1"],"picked":"WaveOfTheHand","floor":18.0},{"not_picked":["EmptyFist","FollowUp"],"picked":"Tantrum","floor":19.0},{"not_picked":["ForeignInfluence","Fasting2","Weave+1"],"picked":"SKIP","floor":21.0},{"not_picked":["PathToVictory","SashWhip+1"],"picked":"Meditate","floor":22.0},{"not_picked":["Brilliance","EmptyBody","SashWhip"],"picked":"Singing Bowl","floor":24.0},{"not_picked":["JustLucky","Vengeance"],"picked":"FearNoEvil","floor":29.0},{"not_picked":["Halt","Worship"],"picked":"FlurryOfBlows+1","floor":31.0},{"not_picked":["SpiritShield","Blasphemy"],"picked":"Omniscience","floor":33.0},{"not_picked":["ClearTheMind","Halt","Crescendo"],"picked":"Singing Bowl","floor":35.0},{"not_picked":["ClearTheMind","Consecrate+1","JustLucky"],"picked":"Singing Bowl","floor":36.0},{"not_picked":["Wallop","EmptyFist"],"picked":"MentalFortress","floor":37.0},{"not_picked":["Evaluate","FollowUp+1","EmptyFist+1"],"picked":"Singing Bowl","floor":38.0},{"not_picked":["Consecrate+1","Conclude"],"picked":"LessonLearned","floor":40},{"not_picked":["WaveOfTheHand+1","DeceiveReality","WindmillStrike"],"picked":"Singing Bowl","floor":42},{"not_picked":["Deep Breath","Thinking Ahead"],"picked":"Bandage Up","floor":44}],"player_experience":1138708,"relics_obtained":[{"floor":6.0,"key":"Lantern"},{"floor":9.0,"key":"The Courier"},{"floor":10.0,"key":"InkBottle"},{"floor":24.0,"key":"Singing Bowl"},{"floor":26.0,"key":"Vajra"},{"floor":27.0,"key":"MealTicket"},{"floor":29.0,"key":"Pantograph"},{"floor":30.0,"key":"Enchiridion"},{"floor":40,"key":"Juzu Bracelet"},{"floor":42,"key":"Meat on the Bone"}],"event_choices":[{"damage_healed":0.0,"max_hp_gain":0.0,"max_hp_loss":0.0,"gold_gain":0.0,"event_name":"Upgrade Shrine","player_choice":"Upgraded","floor":4.0,"gold_loss":0.0,"damage_taken":0.0,"cards_upgraded":["Vigilance"]},{"cards_removed":["Defend_P"],"damage_healed":0.0,"max_hp_gain":0.0,"max_hp_loss":0.0,"gold_gain":0.0,"event_name":"Beggar","player_choice":"Gave Gold","floor":20.0,"gold_loss":75.0,"damage_taken":0.0},{"damage_healed":0.0,"max_hp_gain":0.0,"max_hp_loss":0.0,"gold_gain":0.0,"event_name":"Cursed Tome","player_choice":"Obtained Book","floor":30.0,"gold_loss":0.0,"damage_taken":21.0},{"damage_healed":0.0,"max_hp_gain":0.0,"max_hp_loss":0.0,"gold_gain":0.0,"event_name":"Winding Halls","player_choice":"Embrace Madness","floor":39.0,"gold_loss":0.0,"damage_taken":14.0,"cards_obtained":["Madness","Madness"]},{"damage_healed":0,"gold_gain":0,"player_choice":"Memory 1","damage_taken":0,"max_hp_gain":0,"max_hp_loss":0,"event_name":"SensoryStone","floor":44,"gold_loss":0}],"is_beta":false,"boss_relics":[{"not_picked":["Tiny House","Velvet Choker"],"picked":"Philosopher\u0027s Stone"},{"not_picked":["Black Star","SacredBark"],"picked":"SlaversCollar"}],"items_purged_floors":[12],"is_endless":false,"potions_floor_spawned":[1,5,10,11,14,19,21,22,33,36,40,42],"killed_by":"Reptomancer","ascension_level":20}}