{"host":"g01l53quoe6lrer0","time":1610663227,"event":{"mods":["2.2 Compatiblity","AchievementEnabler","BaseMod","Colored Map","Highlight Path","Keyboard Shortcuts","Minty Spire (QoL Compilation)","Permanent Neow","StSLib","SuperFastMode","everything is the same but u backflip on backflip"],"gold_per_floor":[219,232,243,261,52,52,72,100,100,116,116,81,61,93,93,165,165,177,187,205,33,33,33,33,83,134,134,134,134,161,177,177,251,251,263,213,232,232,251,251,266,266,266,282,282,316,335,351,351,351],"floor_reached":51,"language":"KOR","playtime":2830,"items_purged":[],"score":1269,"play_id":"6c7699d4-ac4f-4582-ac8e-3e98085bc8cd","local_time":"20210115072707","is_ascension_mode":true,"campfire_choices":[{"data":"Sunder","floor":6.0,"key":"SMITH"},{"data":"Zap","floor":11.0,"key":"SMITH"},{"data":"Barrage","floor":15.0,"key":"SMITH"},{"data":"Turbo","floor":23.0,"key":"SMITH"},{"data":"Ghostly","floor":27.0,"key":"SMITH"},{"data":"Ghostly","floor":29.0,"key":"SMITH"},{"data":"Ghostly","floor":32.0,"key":"SMITH"},{"data":"Creative AI","floor":40.0,"key":"SMITH"},{"floor":45.0,"key":"REST"},{"floor":49.0,"key":"REST"}],"circlet_count":0,"master_deck":["AscendersBane","Zap+1","Dualcast","Barrage+1","Sweeping Beam","Self Repair","Cold Snap","Sunder+1","Blizzard","Leap","Capacitor","Auto Shields","Biased Cognition","Self Repair","Glacier","Double Energy","Darkness","Sweeping Beam","Turbo","Steam","Echo Form","Stack","Undo+1","Turbo+1","Conserve Battery","Ghostly+1","Ghostly+1","Ghostly+1","BootSequence","Gash","Conserve Battery+1","Turbo","Creative AI+1","Coolheaded+1","Rebound","Defragment+1","Compile Driver+1","Aggregate","Hologram"],"relics":["FrozenCore","ClockworkSouvenir","Dead Branch","Mercury Hourglass","Question Card","Pandora\u0027s Box","Orrery","Centennial Puzzle","Letter Opener","Molten Egg 2","StrikeDummy"],"acts_visited":["Exordium","TheCity","TheBeyond"],"potions_floor_usage":[],"damage_taken":[{"damage":0.0,"enemies":"2 Louse","floor":1.0,"turns":3.0},{"damage":7.0,"enemies":"Jaw Worm","floor":2.0,"turns":3.0},{"damage":1.0,"enemies":"Cultist","floor":3.0,"turns":3.0},{"damage":6.0,"enemies":"Exordium Wildlife","floor":4.0,"turns":4.0},{"damage":14.0,"enemies":"3 Louse","floor":7.0,"turns":2.0},{"damage":18.0,"enemies":"3 Sentries","floor":8.0,"turns":5.0},{"damage":0.0,"enemies":"Large Slime","floor":10.0,"turns":2.0},{"damage":4.0,"enemies":"Gremlin Nob","floor":14.0,"turns":3.0},{"damage":24.0,"enemies":"Slime Boss","floor":16.0,"turns":9.0},{"damage":26.0,"enemies":"Shell Parasite","floor":18.0,"turns":8.0},{"damage":12.0,"enemies":"Spheric Guardian","floor":19.0,"turns":4.0},{"damage":16.0,"enemies":"Centurion and Healer","floor":20.0,"turns":8.0},{"damage":27.0,"enemies":"Gremlin Leader","floor":30.0,"turns":10.0},{"damage":8.0,"enemies":"Snake Plant","floor":31.0,"turns":7.0},{"damage":13.0,"enemies":"Automaton","floor":33.0,"turns":12.0},{"damage":0.0,"enemies":"3 Shapes","floor":35.0,"turns":4.0},{"damage":0.0,"enemies":"Orb Walker","floor":37.0,"turns":4.0},{"damage":0.0,"enemies":"Writhing Mass","floor":39.0,"turns":13.0},{"damage":0.0,"enemies":"Jaw Worm Horde","floor":41.0,"turns":3.0},{"damage":22.0,"enemies":"Spire Growth","floor":44.0,"turns":8.0},{"damage":17.0,"enemies":"Giant Head","floor":46.0,"turns":14.0},{"damage":7.0,"enemies":"Maw","floor":47.0,"turns":10.0},{"damage":12.0,"enemies":"Transient","floor":48.0,"turns":6.0},{"damage":8,"enemies":"Donu and Deca","floor":50,"turns":21}],"seed_played":"-8026259352238419342","potions_obtained":[{"floor":3.0,"key":"LiquidMemories"},{"floor":4.0,"key":"Explosive Potion"},{"floor":10.0,"key":"FearPotion"},{"floor":13.0,"key":"DuplicationPotion"},{"floor":14.0,"key":"SteroidPotion"},{"floor":19.0,"key":"SkillPotion"},{"floor":33.0,"key":"PowerPotion"},{"floor":41.0,"key":"Weak Potion"},{"floor":42.0,"key":"LiquidMemories"},{"floor":46.0,"key":"Weak Potion"},{"floor":47.0,"key":"Swift Potion"}],"is_trial":false,"path_per_floor":["M","M","M","M","$","R","M","E","T","M","R","?","?","E","R","B",null,"M","M","M","$","?","R","?","?","T","R","?","R","E","M","R","B",null,"M","?","M","?","M","R","M","?","T","M","R","E","M","M","R","B",null],"character_chosen":"DEFECT","items_purchased":["ClockworkSouvenir","Sunder","Orrery"],"campfire_rested":2,"item_purchase_floors":[5,5,21],"current_hp_per_floor":[64,57,56,57,57,57,50,39,39,39,39,56,56,59,59,49,66,54,56,54,54,54,54,35,35,35,35,35,35,22,35,35,35,35,35,35,35,35,35,35,35,35,35,20,30,34,34,29,35,35],"gold":351,"neow_bonus":"HUNDRED_GOLD","is_daily":false,"chose_seed":false,"campfire_upgraded":8,"win_rate":0.0,"timestamp":1610663227,"path_taken":["M","M","M","M","$","R","M","E","T","M","R","?","?","E","R","BOSS","M","M","M","$","?","R","?","?","T","R","?","R","E","?","R","BOSS","M","?","?","?","M","R","M","?","T","M","R","E","M","M","R","BOSS"],"items_purchased_type":["Relic","Card","Relic"],"build_version":"2020-12-22","purchased_purges":0,"victory":true,"max_hp_per_floor":[71,71,71,71,71,71,71,71,71,71,71,71,71,71,71,71,71,71,71,71,71,71,71,35,35,35,35,35,35,35,35,35,35,35,35,35,35,35,35,35,35,35,35,35,35,35,35,35,35,35],"card_choices":[{"not_picked":["Stack","Darkness"],"picked":"Barrage","floor":1.0},{"not_picked":["Leap","Rebound"],"picked":"Sweeping Beam","floor":2.0},{"not_picked":["Barrage","Go for the Eyes"],"picked":"Self Repair","floor":3.0},{"not_picked":["Chill","Hologram"],"picked":"Cold Snap","floor":4.0},{"not_picked":["Buffer","Cold Snap"],"picked":"Blizzard","floor":7.0},{"not_picked":["Cold Snap","Sweeping Beam"],"picked":"Leap","floor":8.0},{"not_picked":["Streamline","Stack"],"picked":"Capacitor","floor":10.0},{"not_picked":["Rip and Tear","Rebound"],"picked":"Auto Shields","floor":14.0},{"not_picked":["Creative AI","Core Surge","Thunder Strike"],"picked":"Biased Cognition","floor":16.0},{"not_picked":["Conserve Battery","Melter","Recycle"],"picked":"Turbo","floor":18.0},{"not_picked":["Ball Lightning","Sweeping Beam+1","Scrape"],"picked":"Steam","floor":19.0},{"not_picked":["Gash","Streamline","Barrage"],"picked":"Echo Form","floor":20.0},{"not_picked":["Tempest","Hologram","Streamline"],"picked":"Stack","floor":21.0},{"not_picked":["Multi-Cast","Blizzard+1","Streamline"],"picked":"Undo+1","floor":21.0},{"not_picked":["Streamline","Chaos","Reprogram"],"picked":"Turbo","floor":21.0},{"not_picked":["Go for the Eyes","Core Surge","Redo"],"picked":"Conserve Battery","floor":21.0},{"not_picked":["Chaos","Meteor Strike","Auto Shields+1"],"picked":"Conserve Battery+1","floor":30.0},{"not_picked":["Gash","Rebound","Fusion"],"picked":"Turbo","floor":31.0},{"not_picked":["Amplify","Reboot","Thunder Strike"],"picked":"Creative AI","floor":33.0},{"not_picked":["Leap","Chaos","Gash"],"picked":"Coolheaded","floor":35.0},{"not_picked":["Consume","Conserve Battery","Meteor Strike","Leap+1"],"picked":"SKIP","floor":37.0},{"not_picked":["Reprogram+1","Darkness+1","Doom and Gloom"],"picked":"Rebound","floor":39.0},{"not_picked":["Cold Snap","Redo","Streamline","Blizzard"],"picked":"SKIP","floor":41.0},{"not_picked":["Storm","Turbo","Fission"],"picked":"Defragment+1","floor":44.0},{"not_picked":["Barrage+1","Chill","Recycle"],"picked":"Compile Driver+1","floor":46.0},{"not_picked":["Stack","Beam Cell+1","Barrage+1"],"picked":"Aggregate","floor":47.0},{"not_picked":["Redo","Turbo","Stack+1"],"picked":"Hologram","floor":48.0}],"player_experience":195737,"relics_obtained":[{"floor":8.0,"key":"Dead Branch"},{"floor":9.0,"key":"Mercury Hourglass"},{"floor":14.0,"key":"Question Card"},{"floor":26.0,"key":"Centennial Puzzle"},{"floor":30.0,"key":"Letter Opener"},{"floor":43.0,"key":"Molten Egg 2"},{"floor":46.0,"key":"StrikeDummy"}],"event_choices":[{"damage_healed":17.0,"max_hp_gain":0.0,"max_hp_loss":0.0,"gold_gain":0.0,"event_name":"The Cleric","player_choice":"Healed","floor":12.0,"gold_loss":35.0,"damage_taken":0.0},{"damage_healed":0.0,"max_hp_gain":0.0,"max_hp_loss":0.0,"gold_gain":0.0,"event_name":"The Woman in Blue","player_choice":"Bought 1 Potion","floor":13.0,"gold_loss":0.0,"damage_taken":0.0},{"damage_healed":0.0,"max_hp_gain":0.0,"max_hp_loss":0.0,"gold_gain":0.0,"event_name":"Vampires","player_choice":"Ignored","floor":22.0,"gold_loss":0.0,"damage_taken":0.0},{"damage_healed":0.0,"max_hp_gain":0.0,"max_hp_loss":36.0,"gold_gain":0.0,"event_name":"Ghosts","player_choice":"Became a Ghost","floor":24.0,"gold_loss":0.0,"damage_taken":0.0,"cards_obtained":["Ghostly","Ghostly","Ghostly"]},{"damage_healed":0.0,"max_hp_gain":0.0,"max_hp_loss":0.0,"gold_gain":50.0,"event_name":"Nest","player_choice":"Stole From Cult","floor":25.0,"gold_loss":0.0,"damage_taken":0.0},{"damage_healed":0.0,"max_hp_gain":0.0,"max_hp_loss":0.0,"gold_gain":0.0,"cards_transformed":["Amplify","Scrape"],"event_name":"Drug Dealer","player_choice":"Became Test Subject","floor":28.0,"gold_loss":0.0,"damage_taken":0.0,"cards_obtained":["BootSequence","Gash"]},{"damage_healed":0.0,"max_hp_gain":0.0,"max_hp_loss":0.0,"gold_gain":0.0,"event_name":"Designer","player_choice":"Upgrade","floor":36.0,"gold_loss":50.0,"damage_taken":0.0,"cards_upgraded":["Coolheaded"]},{"cards_removed":["Cold Snap"],"damage_healed":0.0,"max_hp_gain":0.0,"max_hp_loss":0.0,"gold_gain":0.0,"event_name":"Falling","player_choice":"Removed Attack","floor":38.0,"gold_loss":0.0,"damage_taken":0.0},{"damage_healed":0.0,"max_hp_gain":0.0,"max_hp_loss":0.0,"gold_gain":0.0,"event_name":"Lab","player_choice":"Got Potions","floor":42.0,"gold_loss":0.0,"damage_taken":0.0}],"is_beta":false,"boss_relics":[{"not_picked":["Ectoplasm","Tiny House"],"picked":"Pandora\u0027s Box"},{"not_picked":["Cursed Key","SacredBark"],"picked":"FrozenCore"}],"items_purged_floors":[],"is_endless":false,"potions_floor_spawned":[3,4,10,14,19,33,39,41,46,47],"ascension_level":17}}