{"host":"pf47v7h0307523iy","time":1610639676,"event":{"mods":["BaseMod","Minty Spire (QoL Compilation)"],"gold_per_floor":[119,119,137,137,153,153,178,194,221,231,231,231,231],"floor_reached":12,"language":"ENG","playtime":1074,"items_purged":[],"score":260,"play_id":"3f5fdd95-8e73-4cc4-9760-8862b8f42cc4","local_time":"20210114175436","is_ascension_mode":true,"campfire_choices":[{"data":"Envenom","floor":6,"key":"SMITH"},{"floor":11,"key":"REST"}],"circlet_count":0,"master_deck":["AscendersBane","Strike_G","Strike_G+1","Strike_G","Strike_G","Strike_G","Defend_G","Defend_G","Defend_G","Defend_G","Defend_G","Survivor","Neutralize","Blade Dance","Blade Dance","Decay","Envenom+1","Dagger Spray+1","Backflip","Heel Hook"],"relics":["Ring of the Snake","Potion Belt","Whetstone"],"acts_visited":["Exordium"],"potions_floor_usage":[8,12,12],"damage_taken":[{"damage":3,"enemies":"Small Slimes","floor":1,"turns":5},{"damage":1,"enemies":"2 Louse","floor":3,"turns":4},{"damage":3,"enemies":"Cultist","floor":5,"turns":3},{"damage":42,"enemies":"Lagavulin","floor":7,"turns":6},{"damage":10,"enemies":"3 Louse","floor":8,"turns":3},{"damage":2,"enemies":"2 Fungi Beasts","floor":10,"turns":4},{"damage":24,"enemies":"3 Sentries","floor":12,"turns":5}],"seed_played":"-3719128480787332155","potions_obtained":[{"floor":1,"key":"Explosive Potion"},{"floor":3,"key":"GamblersBrew"},{"floor":10,"key":"SkillPotion"}],"is_trial":true,"path_per_floor":["M","?","M","?","M","R","E","M","T","M","R","E"],"character_chosen":"THE_SILENT","items_purchased":[],"campfire_rested":1,"item_purchase_floors":[],"current_hp_per_floor":[56,61,60,60,57,57,15,5,5,3,24,0,0],"gold":231,"neow_bonus":"","is_daily":false,"chose_seed":false,"campfire_upgraded":1,"win_rate":0.0,"timestamp":1610639676,"path_taken":["M","?","M","?","M","R","E","M","T","M","R","E"],"items_purchased_type":[],"build_version":"2020-12-22","purchased_purges":0,"victory":false,"max_hp_per_floor":[66,71,71,71,71,71,71,71,71,71,71,71,71],"card_choices":[{"not_picked":["Infinite Blades","Skewer"],"picked":"Blade Dance","floor":1},{"not_picked":["Deflect","Outmaneuver"],"picked":"Blade Dance","floor":3},{"not_picked":["Calculated Gamble","Infinite Blades"],"picked":"Envenom","floor":5},{"not_picked":["Acrobatics","Calculated Gamble"],"picked":"Dagger Spray","floor":7},{"not_picked":["Choke","Setup"],"picked":"Backflip","floor":8},{"not_picked":["Bouncing Flask","Choke"],"picked":"Heel Hook","floor":10}],"player_experience":1645748,"relics_obtained":[{"floor":7,"key":"Potion Belt"},{"floor":9,"key":"Whetstone"}],"event_choices":[{"damage_healed":0,"gold_gain":0,"player_choice":"Donut","damage_taken":0,"max_hp_gain":5,"max_hp_loss":0,"event_name":"Big Fish","floor":2,"gold_loss":0},{"damage_healed":0,"gold_gain":0,"player_choice":"Cursed","damage_taken":0,"max_hp_gain":0,"max_hp_loss":0,"event_name":"Wheel of Change","floor":4,"gold_loss":0,"cards_obtained":["Decay"]}],"is_beta":false,"boss_relics":[],"items_purged_floors":[],"is_endless":true,"potions_floor_spawned":[1,3,10],"killed_by":"3 Sentries","ascension_level":20}}