{"host":"z9811rt50ti81n54","time":1610641040,"event":{"mods":["BaseMod","Better Match","Better Skull","Better Third Choice","Minty Spire (QoL Compilation)","Permanent Neow","StSLib","SuperFastMode"],"gold_per_floor":[99,99,99,59,59,59,59,59,59,59,59,44,6,6,6,6,6,6,6,6,6,6,6,6,6,6,6,6],"floor_reached":27,"language":"ENG","playtime":623,"items_purged":[],"score":261,"play_id":"e1f7ced3-9826-43f4-8a76-fdce8e497388","local_time":"20210115011720","is_ascension_mode":false,"campfire_choices":[{"data":"Dash","floor":7.0,"key":"SMITH"},{"data":"Envenom","floor":15.0,"key":"SMITH"},{"data":"Skewer","floor":23.0,"key":"SMITH"}],"circlet_count":0,"master_deck":["Strike_G","Strike_G","Strike_G","Strike_G","Defend_G","Defend_G","Defend_G","Defend_G","Defend_G","Survivor","Neutralize","Dash+1","Backflip","PiercingWail","Expertise","Masterful Stab","Quick Slash","Envenom+1","Well Laid Plans","Bullet Time","PiercingWail+1","Skewer+1","Shame"],"relics":["Ectoplasm","Pen Nib","CeramicFish","Art of War","Sozu","Darkstone Periapt","Blood Vial","Ancient Tea Set"],"acts_visited":["Exordium","TheCity"],"potions_floor_usage":[],"damage_taken":[{"damage":0.0,"enemies":"Cultist","floor":1.0,"turns":4.0},{"damage":0.0,"enemies":"Small Slimes","floor":3.0,"turns":3.0},{"damage":0.0,"enemies":"2 Louse","floor":5.0,"turns":2.0},{"damage":21.0,"enemies":"Gremlin Nob","floor":6.0,"turns":6.0},{"damage":0.0,"enemies":"Exordium Thugs","floor":8.0,"turns":6.0},{"damage":0.0,"enemies":"2 Fungi Beasts","floor":11.0,"turns":3.0},{"damage":0.0,"enemies":"Looter","floor":12.0,"turns":2.0},{"damage":11.0,"enemies":"Slime Boss","floor":16.0,"turns":7.0},{"damage":6.0,"enemies":"Chosen","floor":18.0,"turns":5.0},{"damage":8.0,"enemies":"Shell Parasite","floor":22.0,"turns":5.0},{"damage":67,"enemies":"Gremlin Leader","floor":27,"turns":6}],"seed_played":"-7582458995624003073","potions_obtained":[{"floor":1.0,"key":"Fruit Juice"},{"floor":4.0,"key":"CultistPotion"},{"floor":4.0,"key":"GamblersBrew"},{"floor":4.0,"key":"Fruit Juice"},{"floor":5.0,"key":"Swift Potion"},{"floor":12.0,"key":"EssenceOfSteel"}],"is_trial":false,"path_per_floor":["M","?","M","?","M","E","R","M","T","?","M","M","$","?","R","B",null,"M","?","?","$","M","R","T","?","T","E"],"character_chosen":"THE_SILENT","items_purchased":["Well Laid Plans"],"campfire_rested":0,"item_purchase_floors":[13],"current_hp_per_floor":[75,75,75,80,80,59,59,59,59,90,90,90,90,83,83,72,90,84,84,66,66,58,58,58,64,64,0,0],"gold":6,"neow_bonus":"BOSS_RELIC","is_daily":false,"chose_seed":false,"campfire_upgraded":3,"win_rate":0.0,"timestamp":1610641040,"path_taken":["M","?","?","?","M","E","R","?","T","?","M","M","?","?","R","BOSS","M","?","?","$","M","R","?","?","T","E"],"items_purchased_type":["Card"],"build_version":"2020-12-22","purchased_purges":0,"victory":false,"max_hp_per_floor":[75,75,75,80,80,80,80,80,80,90,90,90,90,90,90,90,90,90,90,95,95,95,95,95,101,101,101,101],"card_choices":[{"not_picked":["Caltrops","Dagger Spray"],"picked":"Dash","floor":1.0},{"not_picked":["Sucker Punch","Poisoned Stab"],"picked":"PiercingWail","floor":3.0},{"not_picked":["Deadly Poison","Quick Slash"],"picked":"Expertise","floor":5.0},{"not_picked":["Acrobatics","Finisher"],"picked":"Masterful Stab","floor":6.0},{"not_picked":["Dagger Spray","Blade Dance"],"picked":"Envenom","floor":8.0},{"not_picked":["Deadly Poison","Prepared"],"picked":"Quick Slash","floor":11.0},{"not_picked":["Quick Slash","Prepared"],"picked":"Envenom","floor":12.0},{"not_picked":["Grand Finale","Night Terror"],"picked":"Bullet Time","floor":16.0},{"not_picked":["Bane+1","Deadly Poison"],"picked":"PiercingWail+1","floor":18.0},{"not_picked":["Blade Dance","All Out Attack"],"picked":"Skewer","floor":22.0}],"player_experience":379474,"relics_obtained":[{"floor":6.0,"key":"Pen Nib"},{"floor":9.0,"key":"CeramicFish"},{"floor":24.0,"key":"Darkstone Periapt"},{"floor":26,"key":"Ancient Tea Set"}],"event_choices":[{"damage_healed":0.0,"max_hp_gain":0.0,"max_hp_loss":0.0,"gold_gain":0.0,"cards_transformed":["Strike_G"],"event_name":"Transmorgrifier","player_choice":"Transformed","floor":2.0,"gold_loss":0.0,"damage_taken":0.0,"cards_obtained":["Backflip"]},{"damage_healed":0.0,"max_hp_gain":0.0,"max_hp_loss":0.0,"gold_gain":0.0,"event_name":"The Woman in Blue","player_choice":"Bought 3 Potions","floor":4.0,"gold_loss":0.0,"damage_taken":0.0},{"cards_removed":["Envenom"],"damage_healed":21.0,"max_hp_gain":10.0,"max_hp_loss":0.0,"gold_gain":0.0,"event_name":"Bonfire Elementals","player_choice":"Offered Rare","floor":10.0,"gold_loss":0.0,"damage_taken":0.0},{"damage_healed":0.0,"max_hp_gain":0.0,"max_hp_loss":0.0,"gold_gain":0.0,"event_name":"Scrap Ooze","player_choice":"Success","floor":14.0,"gold_loss":0.0,"damage_taken":7.0,"relics_obtained":["Art of War"]},{"damage_healed":0.0,"max_hp_gain":0.0,"max_hp_loss":0.0,"gold_gain":0.0,"event_name":"The Mausoleum","player_choice":"Ignored","floor":19.0,"gold_loss":0.0,"damage_taken":0.0},{"damage_healed":0.0,"max_hp_gain":5.0,"max_hp_loss":0.0,"gold_gain":0.0,"event_name":"Forgotten Altar","player_choice":"Shed Blood","floor":20.0,"gold_loss":0.0,"damage_taken":23.0},{"damage_healed":0,"gold_gain":0,"player_choice":"Stole Relic","damage_taken":0,"relics_obtained":["Blood Vial"],"max_hp_gain":0,"max_hp_loss":0,"event_name":"Addict","floor":25,"gold_loss":0,"cards_obtained":["Shame"]}],"is_beta":false,"boss_relics":[{"not_picked":["HoveringKite","Philosopher\u0027s Stone"],"picked":"Sozu"}],"items_purged_floors":[],"is_endless":false,"potions_floor_spawned":[1,5,12],"killed_by":"Gremlin Leader","ascension_level":0}}