{"host":"2zw05eexjythz74b","time":1610593356,"event":{"mods":["AchievementEnabler","BaseMod","Better Altar","Colored Map","Minty Spire (QoL Compilation)","StSLib","everything is the same but u backflip on backflip"],"gold_per_floor":[115,115,10,30,30,68,84,163,163,163,194,218,218,250,250,387,387,420,420,82,111,210,210,229,229,229,229,354,354,379,394,394,531,585,604,937,955,978,987,610,610,630,655,681,725,743,285,305,305,305],"floor_reached":51,"language":"ENG","playtime":2334,"items_purged":["Strike_B","Injury","Gash"],"score":911,"play_id":"390a667b-557a-475b-9882-23fce90cbb96","local_time":"20210113210236","is_ascension_mode":true,"campfire_choices":[{"data":"Fusion","floor":10.0,"key":"SMITH"},{"data":"Double Energy","floor":13.0,"key":"SMITH"},{"data":"Tempest","floor":15,"key":"SMITH"},{"floor":23,"key":"REST"},{"data":"Loop","floor":25,"key":"SMITH"},{"floor":27,"key":"REST"},{"floor":29,"key":"REST"},{"data":"Turbo","floor":32,"key":"SMITH"},{"data":"Electrodynamics","floor":41,"key":"SMITH"},{"data":"Creative AI","floor":49,"key":"SMITH"}],"circlet_count":0,"master_deck":["Zap","Dualcast","Chaos+1","Self Repair","Leap+1","BootSequence","Fusion+1","Double Energy+1","Redo+1","Tempest+1","Electrodynamics","Multi-Cast","Loop+1","Turbo+1","Steam+1","Self Repair+1","Creative AI+1","Genetic Algorithm+1","Rebound","Lockon","Electrodynamics+1","White Noise+1","Madness+1","Bandage Up+1","White Noise+1","Tempest+1","White Noise+1","Aggregate+1","White Noise+1","Consume+1","Lockon","Multi-Cast+1"],"relics":["Cracked Core","NeowsBlessing","Akabeko","Girya","Mummified Hand","CeramicFish","Inserter","Toxic Egg 2","HornCleat","Gambling Chip","Matryoshka","Pandora\u0027s Box","Cauldron","Letter Opener","War Paint","Ornamental Fan","Strange Spoon","Happy Flower"],"acts_visited":["Exordium","TheCity","TheBeyond"],"potions_floor_usage":[14,18,28,31,42,44,50],"damage_taken":[{"damage":0.0,"enemies":"Jaw Worm","floor":1.0,"turns":1.0},{"damage":0.0,"enemies":"Small Slimes","floor":4.0,"turns":1.0},{"damage":0.0,"enemies":"Lagavulin","floor":6.0,"turns":1.0},{"damage":0.0,"enemies":"2 Louse","floor":7.0,"turns":3.0},{"damage":28.0,"enemies":"Lagavulin Event","floor":8.0,"turns":6.0},{"damage":22.0,"enemies":"3 Sentries","floor":11.0,"turns":6.0},{"damage":1.0,"enemies":"2 Fungi Beasts","floor":12.0,"turns":3.0},{"damage":0,"enemies":"Blue Slaver","floor":14,"turns":2},{"damage":0,"enemies":"Slime Boss","floor":16,"turns":4},{"damage":38,"enemies":"Shell Parasite","floor":18,"turns":7},{"damage":25,"enemies":"Spheric Guardian","floor":21,"turns":4},{"damage":4,"enemies":"Centurion and Healer","floor":24,"turns":5},{"damage":20,"enemies":"Colosseum Slavers","floor":28,"turns":4},{"damage":36,"enemies":"Colosseum Nobs","floor":28,"turns":4},{"damage":0,"enemies":"3 Cultists","floor":30,"turns":3},{"damage":0,"enemies":"Snecko","floor":31,"turns":4},{"damage":62,"enemies":"Collector","floor":33,"turns":9},{"damage":0,"enemies":"3 Darklings","floor":35,"turns":1},{"damage":15,"enemies":"Orb Walker","floor":38,"turns":3},{"damage":5,"enemies":"4 Shapes","floor":42,"turns":2},{"damage":10,"enemies":"3 Darklings","floor":44,"turns":3},{"damage":0,"enemies":"Reptomancer","floor":45,"turns":2},{"damage":0,"enemies":"Sphere and 2 Shapes","floor":46,"turns":3},{"damage":9,"enemies":"4 Shapes","floor":48,"turns":2},{"damage":46,"enemies":"Donu and Deca","floor":50,"turns":5}],"seed_played":"-8911955964783923798","potions_obtained":[{"floor":1.0,"key":"Strength Potion"},{"floor":7.0,"key":"DuplicationPotion"},{"floor":8.0,"key":"PotionOfCapacity"},{"floor":11.0,"key":"FairyPotion"},{"floor":16,"key":"SkillPotion"},{"floor":28,"key":"DistilledChaos"},{"floor":30,"key":"Explosive Potion"},{"floor":38,"key":"Block Potion"},{"floor":40,"key":"Regen Potion"},{"floor":40,"key":"PotionOfCapacity"},{"floor":42,"key":"DuplicationPotion"},{"floor":44,"key":"LiquidBronze"},{"floor":46,"key":"Strength Potion"}],"is_trial":false,"path_per_floor":["M","?","$","M","?","E","M","?","T","R","E","M","R","M","R","B",null,"M","?","$","M","?","R","M","R","T","R","?","R","M","M","R","B",null,"M","?","?","M","?","$","R","M","T","M","E","M","$","M","R","B",null],"character_chosen":"DEFECT","items_purchased":["Self Repair","Leap","Turbo","Toxic Egg 2","Cauldron","White Noise+1","Aggregate+1","Strange Spoon","Happy Flower","Lockon"],"campfire_rested":3,"item_purchase_floors":[3,3,20,20,40,40,40,47,47,47],"current_hp_per_floor":[75,75,75,75,75,75,75,54,54,54,39,45,45,52,52,59,75,44,44,44,26,26,48,51,51,51,73,24,46,53,70,70,25,75,75,75,70,60,60,60,60,60,60,50,56,66,66,67,67,44],"gold":305,"neow_bonus":"THREE_ENEMY_KILL","is_daily":false,"chose_seed":false,"campfire_upgraded":7,"win_rate":0.0,"timestamp":1610593356,"path_taken":["M","?","$","M","?","E","M","?","T","R","E","M","R","M","R","BOSS","M","?","$","M","?","R","M","R","T","R","?","R","M","M","R","BOSS","M","?","?","M","?","$","R","M","T","M","E","M","$","?","R","BOSS"],"items_purchased_type":["Card","Card","Card","Relic","Relic","Card","Card","Relic","Relic","Card"],"build_version":"2020-12-22","purchased_purges":3,"victory":true,"max_hp_per_floor":[75,75,75,75,75,75,75,75,75,75,75,75,75,75,75,75,75,75,75,75,75,75,75,75,75,75,75,75,75,75,75,75,75,75,75,75,75,75,75,75,75,75,75,75,75,75,75,75,75,75],"card_choices":[{"not_picked":["Stack","Rebound"],"picked":"Chaos","floor":1.0},{"not_picked":["Beam Cell","Reinforced Body"],"picked":"BootSequence","floor":4.0},{"not_picked":["Consume","Reprogram"],"picked":"Fusion","floor":6.0},{"not_picked":["Go for the Eyes","Cold Snap"],"picked":"Double Energy","floor":7.0},{"not_picked":["Rebound","Cold Snap"],"picked":"Redo","floor":8.0},{"not_picked":["Beam Cell","Hologram","Blizzard"],"picked":"SKIP","floor":11.0},{"not_picked":["Fusion","Reprogram"],"picked":"Tempest","floor":12.0},{"not_picked":["Glacier","Reinforced Body"],"picked":"Electrodynamics","floor":14},{"not_picked":["Electrodynamics","Meteor Strike"],"picked":"Multi-Cast","floor":16},{"not_picked":["Gash+1","Aggregate"],"picked":"Loop","floor":18},{"not_picked":["Cold Snap+1","Barrage+1"],"picked":"Steam+1","floor":21},{"not_picked":["Darkness+1","Ball Lightning","Go for the Eyes+1"],"picked":"SKIP","floor":24},{"not_picked":["Steam Power+1","Leap+1"],"picked":"Self Repair+1","floor":30},{"not_picked":["Stack+1","Gash","Force Field+1"],"picked":"SKIP","floor":31},{"not_picked":["Buffer","Meteor Strike"],"picked":"Creative AI","floor":33},{"not_picked":["Ball Lightning","Go for the Eyes","Streamline+1"],"picked":"SKIP","floor":35},{"not_picked":["Swift Strike","Flash of Steel"],"picked":"Madness+1","floor":37},{"not_picked":["Transmutation+1","Finesse+1"],"picked":"Bandage Up+1","floor":37},{"not_picked":["Streamline","Hologram+1"],"picked":"White Noise+1","floor":38},{"not_picked":["Leap+1","Ball Lightning+1","Sweeping Beam"],"picked":"SKIP","floor":42},{"not_picked":["Storm","Steam+1"],"picked":"White Noise+1","floor":44},{"not_picked":["Hello World+1","Go for the Eyes"],"picked":"Consume+1","floor":45},{"not_picked":["BootSequence+1","Sweeping Beam+1","Redo+1"],"picked":"SKIP","floor":46},{"not_picked":["Gash","Beam Cell+1"],"picked":"Multi-Cast+1","floor":48}],"player_experience":220907,"relics_obtained":[{"floor":6.0,"key":"Akabeko"},{"floor":8.0,"key":"Girya"},{"floor":9.0,"key":"Mummified Hand"},{"floor":11.0,"key":"CeramicFish"},{"floor":26,"key":"HornCleat"},{"floor":28,"key":"Gambling Chip"},{"floor":28,"key":"Matryoshka"},{"floor":43,"key":"Letter Opener"},{"floor":43,"key":"War Paint"},{"floor":45,"key":"Ornamental Fan"}],"event_choices":[{"damage_healed":0.0,"max_hp_gain":0.0,"max_hp_loss":0.0,"gold_gain":0.0,"event_name":"Golden Idol","player_choice":"Take Wound","floor":2.0,"gold_loss":0.0,"damage_taken":0.0,"relics_obtained":["Golden Idol"],"cards_obtained":["Injury"]},{"damage_healed":0.0,"max_hp_gain":0.0,"max_hp_loss":0.0,"gold_gain":0.0,"event_name":"Living Wall","player_choice":"Grow","floor":5.0,"gold_loss":0.0,"damage_taken":0.0,"cards_upgraded":["Chaos"]},{"damage_healed":0.0,"max_hp_gain":0.0,"max_hp_loss":0.0,"gold_gain":0.0,"event_name":"Dead Adventurer","player_choice":"Searched \u00271\u0027 times","floor":8.0,"gold_loss":0.0,"damage_taken":0.0},{"cards_removed":["Strike_B"],"damage_healed":0,"gold_gain":0,"player_choice":"Elegance","damage_taken":0,"max_hp_gain":0,"max_hp_loss":0,"event_name":"Back to Basics","floor":19,"gold_loss":0},{"damage_healed":0,"gold_gain":99,"player_choice":"Stole From Cult","damage_taken":0,"max_hp_gain":0,"max_hp_loss":0,"event_name":"Nest","floor":22,"gold_loss":0},{"damage_healed":0,"gold_gain":0,"player_choice":"Fight","damage_taken":0,"max_hp_gain":0,"max_hp_loss":0,"event_name":"Colosseum","floor":28,"gold_loss":0},{"damage_healed":0,"gold_gain":0,"player_choice":"Fought Nobs","damage_taken":0,"max_hp_gain":0,"max_hp_loss":0,"event_name":"Colosseum","floor":28,"gold_loss":0},{"damage_healed":0,"gold_gain":333,"player_choice":"Gave Idol","damage_taken":0,"max_hp_gain":0,"max_hp_loss":0,"event_name":"The Moai Head","floor":36,"relics_lost":["Golden Idol"],"gold_loss":0},{"damage_healed":0,"gold_gain":0,"player_choice":"Memory 2","damage_taken":5,"max_hp_gain":0,"max_hp_loss":0,"event_name":"SensoryStone","floor":37,"gold_loss":0},{"damage_healed":0,"gold_gain":0,"player_choice":"Copied","damage_taken":0,"max_hp_gain":0,"max_hp_loss":0,"event_name":"Duplicator","floor":39,"gold_loss":0,"cards_obtained":["Tempest"]}],"is_beta":false,"boss_relics":[{"not_picked":["Sozu","Cursed Key"],"picked":"Inserter"},{"not_picked":["Black Star","Runic Pyramid"],"picked":"Pandora\u0027s Box"}],"items_purged_floors":[20,40,47],"is_endless":false,"potions_floor_spawned":[1,7,8,11,16,28,28,30,38,42,44,46],"ascension_level":2}}