{"host":"oiw60b5ins9fyx34","time":1610597595,"event":{"mods":["BaseMod","Colored Map","Colored Powertips","Minty Spire (QoL Compilation)","Permanent Neow","Quick Restart","Rare Cards Sparkle","Relic Stats","StSLib","The Cursed"],"gold_per_floor":[111,131,142,28,43,43,78,78,152,108,120,120,135,135,135,135,135],"floor_reached":16,"language":"JPN","playtime":720,"items_purged":[],"score":102,"play_id":"86318348-901d-4ea7-88a5-29764d024ada","local_time":"20210114131315","is_ascension_mode":false,"campfire_choices":[{"data":"TheCursedMod:LuckyCharm","floor":6,"key":"SMITH"},{"data":"TheCursedMod:AbyssShockwave","floor":8,"key":"SMITH"},{"floor":12,"key":"REST"},{"floor":15,"key":"REST"}],"circlet_count":0,"master_deck":["TheCursedMod:Strike_TheCursed","TheCursedMod:Strike_TheCursed","TheCursedMod:Strike_TheCursed","TheCursedMod:Strike_TheCursed","TheCursedMod:Defend_TheCursed","TheCursedMod:Defend_TheCursed","TheCursedMod:Defend_TheCursed","TheCursedMod:Defend_TheCursed","TheCursedMod:CursedWand","TheCursedMod:CleanUpWorkshop","TheCursedMod:Dregs","TheCursedMod:AntiAging","TheCursedMod:Mangle","TheCursedMod:Torture","TheCursedMod:Torture","TheCursedMod:Hemoplague","TheCursedMod:AbyssShockwave+1","TheCursedMod:LuckyCharm+1","TheCursedMod:TacticalStrike","TheCursedMod:Hemoplague","TheCursedMod:ReleasedStrength"],"relics":["TheCursedMod:BlackMagic101","Dead Branch","Bottled Flame","Du-Vu Doll"],"acts_visited":["Exordium"],"potions_floor_usage":[7,16],"damage_taken":[{"damage":8,"enemies":"Cultist","floor":1,"turns":5},{"damage":2,"enemies":"2 Louse","floor":2,"turns":4},{"damage":11,"enemies":"Jaw Worm","floor":3,"turns":5},{"damage":19,"enemies":"Large Slime","floor":5,"turns":5},{"damage":23,"enemies":"Lagavulin","floor":7,"turns":7},{"damage":0,"enemies":"3 Louse","floor":11,"turns":1},{"damage":17,"enemies":"2 Fungi Beasts","floor":13,"turns":4},{"damage":42,"enemies":"Slime Boss","floor":16,"turns":10}],"seed_played":"-86661325053744558","potions_obtained":[{"floor":1,"key":"GamblersBrew"},{"floor":7,"key":"Weak Potion"},{"floor":11,"key":"EssenceOfSteel"},{"floor":13,"key":"Energy Potion"}],"is_trial":false,"path_per_floor":["M","M","M","$","M","R","E","R","T","?","M","R","M","T","R","B"],"character_chosen":"THE_CURSED","items_purchased":["TheCursedMod:Hemoplague","TheCursedMod:AbyssShockwave"],"campfire_rested":2,"item_purchase_floors":[4,4],"current_hp_per_floor":[62,62,53,53,34,34,13,13,13,13,13,35,18,18,40,0,0],"gold":135,"neow_bonus":"THREE_RARE_CARDS","is_daily":false,"chose_seed":false,"campfire_upgraded":2,"win_rate":0.0,"timestamp":1610597595,"path_taken":["M","M","M","$","?","R","E","R","T","?","M","R","M","?","R","BOSS"],"items_purchased_type":["Card","Card"],"build_version":"2020-12-22","purchased_purges":0,"victory":false,"max_hp_per_floor":[70,72,74,74,74,74,76,76,76,76,76,76,76,76,76,76,76],"relic_stats":{"counters":[8,41],"Dead Branch":[10],"obtain_stats":[{"Du-Vu Doll":14,"TheCursedMod:BlackMagic101":0,"Bottled Flame":9,"Dead Branch":7},{"Du-Vu Doll":7,"TheCursedMod:BlackMagic101":0,"Bottled Flame":5,"Dead Branch":5},{"Du-Vu Doll":31,"TheCursedMod:BlackMagic101":0,"Bottled Flame":26,"Dead Branch":26}]},"card_choices":[{"not_picked":["TheCursedMod:UltimatePain","TheCursedMod:ForbiddenAlchemy"],"picked":"TheCursedMod:AntiAging","floor":0},{"not_picked":["TheCursedMod:SpitefulPray","TheCursedMod:RavingStaff"],"picked":"TheCursedMod:Mangle","floor":1},{"not_picked":["TheCursedMod:PrepareRite","TheCursedMod:CircleOfBlood"],"picked":"TheCursedMod:Torture","floor":2},{"not_picked":["TheCursedMod:CircleOfFlame","TheCursedMod:HellsGateOpen"],"picked":"TheCursedMod:Torture","floor":3},{"not_picked":["TheCursedMod:CircleOfCorruption","TheCursedMod:WearCloak"],"picked":"TheCursedMod:LuckyCharm","floor":5},{"not_picked":["TheCursedMod:CursedSpellbook","TheCursedMod:CircleOfAmplification"],"picked":"TheCursedMod:TacticalStrike","floor":7},{"not_picked":["TheCursedMod:CircleOfBlood","TheCursedMod:Wield"],"picked":"TheCursedMod:Hemoplague","floor":11},{"not_picked":["TheCursedMod:Hemoplague","TheCursedMod:TacticalStrike"],"picked":"TheCursedMod:ReleasedStrength","floor":13}],"player_experience":661642,"relics_obtained":[{"floor":7,"key":"Dead Branch"},{"floor":9,"key":"Bottled Flame"},{"floor":14,"key":"Du-Vu Doll"}],"event_choices":[{"damage_healed":0,"gold_gain":0,"player_choice":"Left Gold","damage_taken":0,"max_hp_gain":0,"max_hp_loss":0,"event_name":"World of Goop","floor":10,"gold_loss":44}],"is_beta":false,"boss_relics":[],"items_purged_floors":[],"is_endless":false,"potions_floor_spawned":[1,7,11,13],"killed_by":"Slime Boss","ascension_level":0}}