{"host":"51fyd6gkml7xavq8","time":1610602402,"event":{"mods":["BaseMod","BetterRewards","Colored Map","Energized Spire","Infinite Spire","Minty Spire (QoL Compilation)","Replay The Spire","Shop Mod","Spicy Shops","StSLib","The Blue Laboratory","[IsaacMod]????"],"gold_per_floor":[114,134,182,194,194,194,211,211,238,256,256,275,306,25,25,129,129,148,170,170,185,284,284,284,284],"floor_reached":24,"language":"ENG","playtime":1663,"items_purged":["Bash","Strike_R"],"score":395,"play_id":"d5bc398e-95d3-4fa7-8bf3-da2a2c75a3c5","local_time":"20210114023322","is_ascension_mode":true,"campfire_choices":[{"data":"Immolate","floor":6.0,"key":"SMITH"},{"data":"infinitespire:UltimateForm","floor":11.0,"key":"SMITH"},{"data":"ReplayTheSpireMod:Chaos Vortex","floor":15.0,"key":"SMITH"},{"data":"True Grit","floor":23.0,"key":"SMITH"}],"circlet_count":0,"master_deck":["Strike_R","Strike_R","Strike_R","Strike_R","Defend_R","Defend_R","Defend_R","Defend_R","Immolate+1","ReplayTheSpireMod:Muscle Training","Disarm","infinitespire:FutureSight","Inflame","infinitespire:UltimateForm+1","ReplayTheSpireMod:Chaos Vortex+1","Exhume","Barricade","Exhume","ReplayTheSpireMod:Faulty Equipment","Enlightenment","True Grit+1"],"relics":["Black Blood","HushsDoor","MaYiHuaBei","infinitespire:Cupcake","Mirror","King of Hearts","AnarchistCookbook","MerchantsRug","ReplayTheSpireMod:CursedCoin"],"acts_visited":["Exordium","TheCity"],"potions_floor_usage":[24,24,24],"damage_taken":[{"damage":3.0,"enemies":"Jaw Worm","floor":1.0,"turns":4.0},{"damage":2.0,"enemies":"Cultist","floor":2.0,"turns":3.0},{"damage":0.0,"enemies":"2 Louse","floor":4.0,"turns":1.0},{"damage":8.0,"enemies":"Large Slime","floor":7.0,"turns":6.0},{"damage":1.0,"enemies":"Red Slaver","floor":10.0,"turns":3.0},{"damage":0.0,"enemies":"2 Fungi Beasts","floor":12.0,"turns":1.0},{"damage":5.0,"enemies":"Lagavulin","floor":13.0,"turns":9.0},{"damage":9.0,"enemies":"The Guardian","floor":16.0,"turns":11.0},{"damage":39.0,"enemies":"3 Byrds","floor":18.0,"turns":7.0},{"damage":34.0,"enemies":"Chosen","floor":21.0,"turns":12.0},{"damage":28,"enemies":"Nightmare","floor":24,"turns":8}],"seed_played":"-2857723536820596352","potions_obtained":[{"floor":2.0,"key":"BloodPotion"},{"floor":7.0,"key":"Block Potion"},{"floor":18.0,"key":"blueLaboratory:EmptyBottle"},{"floor":20.0,"key":"blueLaboratory:AbyssPotion"},{"floor":20.0,"key":"blueLaboratory:ImpenetrablePotion"},{"floor":20.0,"key":"blueLaboratory:EntrenchedPotion"},{"floor":21.0,"key":"Elixir"}],"is_trial":false,"path_per_floor":["M","M","?","M","?","R","M","AVR","T","M","R","M","E","$","R","B",null,"M","$","?","M","?","R","NM"],"character_chosen":"IRONCLAD","items_purchased":["Immolate","Barricade","MerchantsRug","ReplayTheSpireMod:CursedCoin","Enlightenment","True Grit"],"campfire_rested":0,"item_purchase_floors":[0,14,14,19,19,19],"current_hp_per_floor":[80,80,65,71,51,51,49,49,49,54,54,60,61,61,61,58,75,48,48,48,26,26,26,0,0],"gold":284,"neow_bonus":"","is_daily":false,"chose_seed":false,"campfire_upgraded":4,"win_rate":0.0,"timestamp":1610602402,"path_taken":["M","M","?","M","?","R","M","AVR","T","M","R","M","E","$","R","BOSS","M","$","?","?","?","R","NM"],"items_purchased_type":["Card","Card","Relic","Relic","Card","Card"],"build_version":"2020-12-22","purchased_purges":2,"victory":false,"max_hp_per_floor":[80,80,80,80,80,80,80,80,80,80,80,80,80,80,80,80,80,80,80,80,80,80,80,80,80],"card_choices":[{"not_picked":["Shrug It Off","Pommel Strike"],"picked":"ReplayTheSpireMod:Muscle Training","floor":1.0},{"not_picked":["Reckless Charge","Dropkick"],"picked":"Disarm","floor":2.0},{"not_picked":["Battle Trance","Iron Wave","ReplayTheSpireMod:Strike From Hell"],"picked":"SKIP","floor":4.0},{"not_picked":["infinitespire:Fortify","ReplayTheSpireMod:Haul"],"picked":"infinitespire:FutureSight","floor":5.0},{"not_picked":["Body Slam","Warcry"],"picked":"Inflame","floor":7.0},{"not_picked":["Pummel","Iron Wave"],"picked":"Exhume","floor":10.0},{"not_picked":["Feel No Pain","Sentinel","Reckless Charge"],"picked":"SKIP","floor":12.0},{"not_picked":["Ghostly Armor","Anger","Evolve"],"picked":"SKIP","floor":13.0},{"not_picked":["Offering","Brutality"],"picked":"Exhume","floor":16.0},{"not_picked":["Seeing Red","Heavy Blade+1","Dropkick"],"picked":"SKIP","floor":18.0},{"not_picked":["Headbutt","Rage","Sword Boomerang"],"picked":"SKIP","floor":21.0}],"player_experience":501430,"relics_obtained":[{"floor":9.0,"key":"King of Hearts"},{"floor":13.0,"key":"AnarchistCookbook"}],"event_choices":[{"damage_healed":0.0,"max_hp_gain":0.0,"max_hp_loss":0.0,"gold_gain":0.0,"event_name":"Lab","player_choice":"Got Potions","floor":20.0,"gold_loss":0.0,"damage_taken":0.0},{"damage_healed":0.0,"max_hp_gain":0.0,"max_hp_loss":0.0,"gold_gain":99.0,"event_name":"Nest","player_choice":"Stole From Cult","floor":22.0,"gold_loss":0.0,"damage_taken":0.0}],"is_beta":false,"boss_relics":[{"not_picked":["energizedSpire:MagnifyingGlass","energizedSpire:DecayingSkull"],"picked":"Black Blood"},{"not_picked":[]}],"items_purged_floors":[0,8],"is_endless":false,"potions_floor_spawned":[2,7,18,21],"killed_by":"Nightmare","ascension_level":5}}