{"host":"a4220vmwe0snk9yx","time":1610644249,"event":{"mods":["100% Spire Juice","AchievementEnabler","BaseMod","Bestiary","Better Altar","Better Skull","BetterRewards","CapriCore","Card Forge","Chen","Gold Saver","HololiveMod","Koishi","Marisa（霧雨　魔理沙）","Minty Spire (QoL Compilation)","Prisma Mod","Reimu（博??梦）","StSLib","SuperFastMode","The Alterego","The Animator","The Immortal","The Wild Card","Waifu the Spire","WarShipGirlsR/??少女R mod","Yakumo Yukari mod"],"gold_per_floor":[266,155,171,171,182,182,182,182],"floor_reached":7,"language":"ENG","playtime":387,"items_purged":["animator:Strike"],"score":66,"play_id":"efa2d77f-4854-4591-8b74-748211e8944f","local_time":"20210114121049","is_ascension_mode":true,"campfire_choices":[{"data":"animator:Kira","floor":6,"key":"SMITH"}],"circlet_count":0,"master_deck":["AscendersBane","animator:Strike_MadokaMagica","animator:Defend_MadokaMagica","animator:Strike","animator:Strike","animator:Defend","animator:Defend","animator:Defend","animator:IrohaTamaki","animator:YuiTsuruno","animator:Kira+1","animator:YuiTsuruno","animator:YachiyoNanami","animator:IrohaTamaki"],"relics":["animator:LivingPicture","animator:TheMissingPiece","Hammer of Thor","Seething Fire","Anvil of the Gods"],"acts_visited":["Exordium"],"potions_floor_usage":[],"damage_taken":[{"damage":0,"enemies":"Cultist","floor":1,"turns":4},{"damage":10,"enemies":"2 Louse","floor":3,"turns":2},{"damage":3,"enemies":"Jaw Worm","floor":5,"turns":4},{"damage":31,"enemies":"Gremlin Nob","floor":7,"turns":4}],"seed_played":"-8089847488948117409","potions_obtained":[{"floor":5,"key":"Explosive Potion"}],"is_trial":false,"path_per_floor":["M","$","M","T","M","R","E"],"character_chosen":"THE_ANIMATOR","items_purchased":["animator:YachiyoNanami"],"campfire_rested":0,"item_purchase_floors":[2],"current_hp_per_floor":[44,44,34,34,31,31,0,0],"gold":182,"neow_bonus":"RANDOM_COLORLESS_2","is_daily":false,"chose_seed":false,"campfire_upgraded":1,"win_rate":0.0,"timestamp":1610644249,"path_taken":["M","$","?","?","M","R","E"],"items_purchased_type":["Card"],"build_version":"2020-12-22","purchased_purges":1,"victory":false,"max_hp_per_floor":[66,66,66,66,66,66,66,66],"card_choices":[{"not_picked":["animator:Lelouch","animator:Patchouli"],"picked":"animator:Kira","floor":0},{"not_picked":["animator:RoryMercury","animator:Yoichi"],"picked":"animator:YuiTsuruno","floor":1},{"not_picked":["animator:Tyuule","animator:SilverFang"],"picked":"animator:IrohaTamaki","floor":3},{"not_picked":["animator:Yoichi","animator:Nanami","animator:DwarfShaman"],"picked":"SKIP","floor":5}],"player_experience":914454,"relics_obtained":[],"event_choices":[],"is_beta":false,"boss_relics":[],"items_purged_floors":[2],"is_endless":false,"potions_floor_spawned":[5],"killed_by":"Gremlin Nob","ascension_level":12}}