{"host":"khkox7sggahain0a","time":1610606494,"event":{"mods":["Act Like it!","Arknights The Spire","BaseMod","Downfall","Gensokyo","Lobotomy","LobotomyExtend","Marisa£®ÏF”Í°°ƒß¿Ì…≥£©","Minty Spire (QoL Compilation)","Quick Restart","StSLib","The Animator","Waifu the Spire"],"gold_per_floor":[270,286,286,286,299,299,249,276,276,288,288,323,323,354,354,477,477,477,477],"floor_reached":18,"language":"ZHS","playtime":1117,"items_purged":[],"score":178,"play_id":"834165e6-3abb-4f3f-a9f1-67bb31a87f54","local_time":"20210114144134","is_ascension_mode":false,"campfire_choices":[{"floor":6,"key":"RECALL"},{"data":"ats:Leaping Hammer","floor":13,"key":"SMITH"},{"data":"ats:Sword Rain","floor":15,"key":"SMITH"}],"circlet_count":0,"master_deck":["ats:Strike C","ats:Strike S","ats:Armor Crushing Shot","ats:Defend","ats:Defend","ats:Defend","ats:Emotion Absorption","ats:Support Order","MeatLantern","ats:Healing Strengthening","QueenOfHatred","PunishingBird","ats:Poison Spread","SpiderBud","ats:Curse Doll","FieryBird","ats:Poison Spread","Injury","UniverseFragment","ats:Leaping Hammer+1","OSAHOGD","ats:Sword Rain+1","BlueStar","ats:Fractured Body"],"relics":["ats:Sanity","CogitoBucket","LetterFromLob","ats:Originium","Art of War","Question Card","Golden Idol","Bronze Scales","Bag of Preparation","ats:Tactical Delivery","MagicBullet_r"],"acts_visited":["Exordium","Exordium"],"potions_floor_usage":[12,16,16],"damage_taken":[{"damage":5,"enemies":"Small Slimes","floor":1,"turns":4},{"damage":0,"enemies":"2 Louse","floor":2,"turns":3},{"damage":4,"enemies":"Cultist","floor":5,"turns":5},{"damage":46,"enemies":"Gremlin Nob","floor":8,"turns":8},{"damage":6,"enemies":"2 Fungi Beasts","floor":10,"turns":4},{"damage":15,"enemies":"3 Sentries","floor":12,"turns":8},{"damage":20,"enemies":"Gremlin Nob","floor":14,"turns":4},{"damage":56,"enemies":"The Guardian","floor":16,"turns":8}],"seed_played":"-1012088325737054703","potions_obtained":[{"floor":1,"key":"FearPotion"},{"floor":5,"key":"Energy Potion"},{"floor":8,"key":"ats:Top Emergency Sanity Potion"},{"floor":10,"key":"GamblersBrew"},{"floor":12,"key":"SteroidPotion"}],"is_trial":false,"path_per_floor":["M","M","?","?","M","R","?","E","T","M","?","E","R","E","R","B",null,"M"],"character_chosen":"DOCTOR_CLASS","items_purchased":[],"campfire_rested":0,"item_purchase_floors":[],"current_hp_per_floor":[67,67,60,60,68,68,68,34,34,34,34,33,33,20,20,5,72,0,0],"gold":477,"neow_bonus":"","is_daily":false,"chose_seed":false,"campfire_upgraded":2,"win_rate":0.0,"timestamp":1610606494,"path_taken":["M","M","?","?","?","R","?","E","T","M","?","E","R","E","R","BOSS","M"],"items_purchased_type":[],"build_version":"2020-12-22","purchased_purges":0,"victory":false,"max_hp_per_floor":[72,72,72,72,72,72,72,72,72,72,72,72,72,72,72,72,72,72,72],"card_choices":[{"not_picked":["BigBird","Murderer","UniverseFragment"],"picked":"Singing Bowl","floor":1},{"not_picked":["ats:Explosion Area Strengthen","ats:Assault Order"],"picked":"ats:Support Order","floor":1},{"not_picked":["SpiderBud","Murderer","BeautyBeast"],"picked":"Singing Bowl","floor":2},{"not_picked":["ShyLook","CherryBlossoms"],"picked":"MeatLantern","floor":2},{"not_picked":["ats:Revitalization","ats:Thorns"],"picked":"ats:Healing Strengthening","floor":2},{"not_picked":["LittleHelper","DreamingCurrent","UniverseFragment"],"picked":"Singing Bowl","floor":5},{"not_picked":["BeautyBeast","SnowQueen"],"picked":"PunishingBird","floor":5},{"not_picked":["ats:Childhood Dance","ats:Rat Pack"],"picked":"ats:Poison Spread","floor":5},{"not_picked":["BeautyBeast","HeroicMonk","WallGazer"],"picked":"Singing Bowl","floor":8},{"not_picked":["Laetitia","MHz"],"picked":"SpiderBud","floor":8},{"not_picked":["ats:Hammer On","ats:Leaping Hammer"],"picked":"ats:Curse Doll","floor":8},{"not_picked":["OldLady","LittlePrince"],"picked":"FieryBird","floor":10},{"not_picked":["ats:Mental Burst","ats:Cat Scratch","ats:Childhood Dance"],"picked":"ats:Poison Spread","floor":10},{"not_picked":["Bloodbath","WallGazer","Wellcheers"],"picked":"Singing Bowl","floor":12},{"not_picked":["WallGazer","ShyLook"],"picked":"UniverseFragment","floor":12},{"not_picked":["ats:Durian","ats:Sword Rain","ats:Explosion Area Strengthen"],"picked":"ats:Leaping Hammer","floor":12},{"not_picked":["WhitesApple","LongBird","Laetitia"],"picked":"Singing Bowl","floor":14},{"not_picked":["CherryBlossoms","MHz"],"picked":"OSAHOGD","floor":14},{"not_picked":["ats:Shell Defense","ats:Collapsing Strike","ats:Cat Scratch"],"picked":"ats:Sword Rain","floor":14},{"not_picked":["BigBadWolf","WallGazer"],"picked":"BlueStar","floor":16},{"not_picked":["ats:Volcano","ats:Ambush","ats:Shadow Assault"],"picked":"ats:Fractured Body","floor":16}],"player_experience":294167,"relics_obtained":[{"floor":1,"key":"LetterFromLob"},{"floor":8,"key":"ats:Originium"},{"floor":8,"key":"Art of War"},{"floor":9,"key":"Question Card"},{"floor":12,"key":"ats:Originium"},{"floor":12,"key":"Bronze Scales"},{"floor":14,"key":"ats:Originium"},{"floor":14,"key":"Bag of Preparation"}],"event_choices":[{"cards_removed":["ats:Defend"],"damage_healed":0,"gold_gain":0,"player_choice":"Card Removal","damage_taken":7,"max_hp_gain":0,"max_hp_loss":0,"event_name":"Golden Wing","floor":3,"gold_loss":0},{"cards_removed":["ats:Strike V"],"damage_healed":0,"gold_gain":0,"player_choice":"Took Card","damage_taken":0,"max_hp_gain":0,"max_hp_loss":0,"event_name":"NoteForYourself","floor":4,"gold_loss":0,"cards_obtained":["QueenOfHatred"]},{"cards_removed":["ats:Strike G"],"damage_healed":0,"gold_gain":0,"player_choice":"Card Removal","damage_taken":0,"max_hp_gain":0,"max_hp_loss":0,"event_name":"The Cleric","floor":7,"gold_loss":50},{"damage_healed":0,"gold_gain":0,"player_choice":"Take Wound","damage_taken":0,"relics_obtained":["Golden Idol"],"max_hp_gain":0,"max_hp_loss":0,"event_name":"Golden Idol","floor":11,"gold_loss":0,"cards_obtained":["Injury"]}],"is_beta":false,"boss_relics":[{"not_picked":["SlaversCollar","Tiny House"],"picked":"ats:Tactical Delivery"}],"items_purged_floors":[],"is_endless":false,"potions_floor_spawned":[1,5,8,10,12],"ascension_level":0}}