{"host":"fa35vd3kig5td25x","time":1610646304,"event":{"mods":["BaseMod","Colored Powertips","Minty Spire (QoL Compilation)","Relic Stats","Slay the Relics Exporter"],"gold_per_floor":[359,359,374,385,48,48,73,6,6,34,68,90,90,115,115,198,198,218,218,218,16,45,45,86,86,160,160,182,107,147,192,192,192,192],"floor_reached":33,"language":"ENG","playtime":1145,"items_purged":[],"score":611,"play_id":"694af81a-d161-45ec-863a-216069587976","local_time":"20210114184504","is_ascension_mode":true,"campfire_choices":[{"data":"Static Discharge","floor":6,"key":"SMITH"},{"data":"Seek","floor":13,"key":"SMITH"},{"floor":15,"key":"REST"},{"floor":23,"key":"REST"},{"floor":25,"key":"REST"},{"data":"Coolheaded","floor":27,"key":"SMITH"},{"floor":32,"key":"REST"}],"circlet_count":0,"master_deck":["AscendersBane","Defend_B","Defend_B","Defend_B","Defend_B","Zap","Dualcast","Rip and Tear","Static Discharge+1","Glacier","Barrage","The Bomb","Seek+1","Doom and Gloom","Coolheaded+1","Electrodynamics","Chill","Compile Driver","Turbo+1","Compile Driver","Stack+1","Bite","Bite","Bite","Bite","Bite"],"relics":["Cracked Core","Sling","Symbiotic Virus","CeramicFish","StrikeDummy","Cables","Sozu","DataDisk","Ancient Tea Set","Toxic Egg 2","PreservedInsect"],"acts_visited":["Exordium","TheCity"],"potions_floor_usage":[12,16],"damage_taken":[{"damage":7,"enemies":"Jaw Worm","floor":1,"turns":3},{"damage":1,"enemies":"Cultist","floor":3,"turns":3},{"damage":2,"enemies":"Small Slimes","floor":4,"turns":4},{"damage":12,"enemies":"3 Sentries","floor":7,"turns":5},{"damage":9,"enemies":"Red Slaver","floor":10,"turns":3},{"damage":9,"enemies":"Lagavulin","floor":11,"turns":5},{"damage":0,"enemies":"Exordium Thugs","floor":12,"turns":3},{"damage":2,"enemies":"Large Slime","floor":14,"turns":3},{"damage":19,"enemies":"Hexaghost","floor":16,"turns":7},{"damage":2,"enemies":"3 Byrds","floor":18,"turns":3},{"damage":28,"enemies":"2 Thieves","floor":22,"turns":3},{"damage":20,"enemies":"Slavers","floor":24,"turns":4},{"damage":9,"enemies":"Snake Plant","floor":28,"turns":4},{"damage":17,"enemies":"Book of Stabbing","floor":30,"turns":3},{"damage":55,"enemies":"Automaton","floor":33,"turns":6}],"seed_played":"-6092825141973269199","potions_obtained":[{"floor":4,"key":"Swift Potion"},{"floor":10,"key":"LiquidBronze"},{"floor":12,"key":"ColorlessPotion"}],"is_trial":false,"path_per_floor":["M","?","M","M","$","R","E","?","T","M","E","M","R","M","R","B",null,"M","?","?","$","M","R","E","R","T","R","M","?","E","?","R","B"],"character_chosen":"DEFECT","items_purchased":["Sling","The Bomb","DataDisk","Chill"],"campfire_rested":4,"item_purchase_floors":[5,5,21,21],"current_hp_per_floor":[57,57,56,54,54,54,42,42,42,33,24,24,24,22,41,22,54,52,52,52,52,24,43,23,42,42,42,33,33,16,16,29,0,0],"gold":192,"neow_bonus":"TWO_FIFTY_GOLD","is_daily":false,"chose_seed":false,"campfire_upgraded":3,"win_rate":0.0,"timestamp":1610646304,"path_taken":["M","?","?","M","$","R","E","?","T","M","E","?","R","M","R","BOSS","M","?","?","$","M","R","E","R","T","R","?","?","E","?","R","BOSS"],"items_purchased_type":["Relic","Card","Relic","Card"],"build_version":"2020-12-22","purchased_purges":0,"victory":false,"max_hp_per_floor":[64,64,64,64,64,64,64,64,64,64,64,64,64,64,64,64,64,64,64,64,64,64,64,64,64,64,64,64,64,64,44,44,44,44],"relic_stats":{"Sozu":3,"counters":[15,59],"CeramicFish":126,"PreservedInsect":0,"obtain_stats":[{"Sozu":17,"DataDisk":21,"CeramicFish":8,"PreservedInsect":30,"Toxic Egg 2":26,"Cracked Core":0,"Sling":5,"Symbiotic Virus":7,"StrikeDummy":9,"Ancient Tea Set":24,"Cables":11},{"Sozu":9,"DataDisk":10,"CeramicFish":4,"PreservedInsect":14,"Toxic Egg 2":12,"Cracked Core":0,"Sling":3,"Symbiotic Virus":4,"StrikeDummy":4,"Ancient Tea Set":12,"Cables":6},{"Sozu":36,"DataDisk":39,"CeramicFish":15,"PreservedInsect":53,"Toxic Egg 2":46,"Cracked Core":0,"Sling":10,"Symbiotic Virus":15,"StrikeDummy":15,"Ancient Tea Set":46,"Cables":23}],"Cables":[34,13,18,3,0]},"card_choices":[{"not_picked":["Barrage","Stack"],"picked":"Rip and Tear","floor":1},{"not_picked":["Leap","Darkness"],"picked":"Glacier","floor":3},{"not_picked":["Hologram","Go for the Eyes"],"picked":"Barrage","floor":4},{"not_picked":["Cold Snap","Leap","Chaos"],"picked":"SKIP","floor":7},{"not_picked":["Cold Snap","Sweeping Beam"],"picked":"Seek","floor":10},{"not_picked":["Cold Snap","Hologram","Barrage"],"picked":"SKIP","floor":11},{"not_picked":["Redo","Streamline"],"picked":"Doom and Gloom","floor":12},{"not_picked":["Steam Power","Auto Shields"],"picked":"Coolheaded","floor":14},{"not_picked":["Seek","Thunder Strike"],"picked":"Electrodynamics","floor":16},{"not_picked":["Fusion","Consume","Conserve Battery"],"picked":"SKIP","floor":18},{"not_picked":["Chaos","Gash"],"picked":"Compile Driver","floor":22},{"not_picked":["Hello World","Conserve Battery"],"picked":"Turbo+1","floor":24},{"not_picked":["Beam Cell","Go for the Eyes"],"picked":"Compile Driver","floor":28},{"not_picked":["BootSequence+1","Reprogram+1"],"picked":"Stack+1","floor":30}],"player_experience":2922908,"relics_obtained":[{"floor":7,"key":"Symbiotic Virus"},{"floor":9,"key":"StrikeDummy"},{"floor":11,"key":"Cables"},{"floor":24,"key":"Ancient Tea Set"},{"floor":26,"key":"Toxic Egg 2"},{"floor":30,"key":"PreservedInsect"}],"event_choices":[{"damage_healed":0,"gold_gain":0,"player_choice":"2 cards matched","damage_taken":0,"max_hp_gain":0,"max_hp_loss":0,"event_name":"Match and Keep!","floor":2,"gold_loss":0,"cards_obtained":["Clumsy","Static Discharge"]},{"damage_healed":0,"gold_gain":0,"player_choice":"Paid Gold","damage_taken":0,"relics_obtained":["CeramicFish"],"max_hp_gain":0,"max_hp_loss":0,"event_name":"WeMeetAgain","floor":8,"gold_loss":67},{"damage_healed":0,"gold_gain":0,"player_choice":"Ignored","damage_taken":0,"max_hp_gain":0,"max_hp_loss":0,"event_name":"Ghosts","floor":19,"gold_loss":0},{"cards_removed":["Clumsy"],"damage_healed":0,"gold_gain":0,"player_choice":"Removed Curses","damage_taken":0,"max_hp_gain":0,"max_hp_loss":0,"event_name":"Fountain of Cleansing","floor":20,"gold_loss":0},{"cards_removed":["Strike_B"],"damage_healed":0,"gold_gain":0,"player_choice":"Gave Gold","damage_taken":0,"max_hp_gain":0,"max_hp_loss":0,"event_name":"Beggar","floor":29,"gold_loss":75},{"damage_healed":0,"gold_gain":0,"player_choice":"Became a vampire","damage_taken":0,"max_hp_gain":0,"max_hp_loss":20,"event_name":"Vampires","floor":31,"gold_loss":0,"cards_obtained":["Bite","Bite","Bite","Bite","Bite"]}],"is_beta":false,"boss_relics":[{"not_picked":["Calling Bell","Tiny House"],"picked":"Sozu"}],"items_purged_floors":[],"is_endless":false,"potions_floor_spawned":[4,10,12,14,18,22,28],"killed_by":"Automaton","ascension_level":20}}