{"host":"v3z2g2b45xdjh78v","time":1610589733,"event":{"mods":["BaseMod","Challenge The Spire","Colored Powertips","Hermit","Infinite Spire","Minty Spire (QoL Compilation)","Replay The Spire","Shop Mod","StSLib","The Bug Knight","The Construct","The Cursed","The Disciple","The Hierophant"],"gold_per_floor":[110,181,181,38,38,38,38],"floor_reached":6,"language":"ENG","playtime":801,"items_purged":[],"score":32,"play_id":"c00a5cf1-c160-4001-8c43-64caa3b1fd3f","local_time":"20210114150213","is_ascension_mode":false,"campfire_choices":[],"circlet_count":0,"master_deck":["TheCursedMod:Strike_TheCursed","TheCursedMod:Strike_TheCursed","TheCursedMod:Strike_TheCursed","TheCursedMod:Strike_TheCursed","TheCursedMod:Defend_TheCursed","TheCursedMod:Defend_TheCursed","TheCursedMod:Defend_TheCursed","TheCursedMod:Defend_TheCursed","TheCursedMod:CursedWand","TheCursedMod:CleanUpWorkshop+1","TheCursedMod:Dregs","TheCursedMod:CursedSpellbook","ReplayTheSpireMod:Splinters","TheCursedMod:CursedAmulet","TheCursedMod:CursedBoomerang","Sickly","ReplayTheSpireMod:IOU","Replay:Fractal Strike"],"relics":["TheCursedMod:BlackMagic101","Replay:Baseball","InkBottle","Juzu Bracelet"],"acts_visited":["Exordium"],"potions_floor_usage":[],"damage_taken":[{"damage":3,"enemies":"Small Slimes","floor":1,"turns":4},{"damage":36,"enemies":"3 Sentries","floor":6,"turns":8}],"seed_played":"-6745368157303783414","potions_obtained":[{"floor":1,"key":"BlessingOfTheForge"},{"floor":2,"key":"Energy Potion"}],"is_trial":false,"path_per_floor":["M","?","?","$","?","E"],"character_chosen":"THE_CURSED","items_purchased":["Juzu Bracelet"],"campfire_rested":0,"item_purchase_floors":[4],"current_hp_per_floor":[72,72,65,65,65,29,29],"gold":38,"neow_bonus":"UPGRADE_CARD","is_daily":false,"chose_seed":false,"campfire_upgraded":0,"win_rate":0.0,"timestamp":1610589733,"path_taken":["M","?","?","?","?","E"],"items_purchased_type":["Relic"],"build_version":"2020-12-22","purchased_purges":0,"victory":false,"max_hp_per_floor":[75,75,75,75,75,75,75],"card_choices":[{"not_picked":["TheCursedMod:CursedMace","TheCursedMod:Obscuration"],"picked":"TheCursedMod:CursedSpellbook","floor":1},{"not_picked":["TheCursedMod:CircleOfAmplification","TheCursedMod:SaltUponWound"],"picked":"TheCursedMod:CursedAmulet","floor":2},{"not_picked":["TheCursedMod:SmokeScreen","TheCursedMod:Wield"],"picked":"TheCursedMod:CursedBoomerang","floor":2},{"not_picked":["infinitespire:Collect","infinitespire:Oblivion"],"picked":"Replay:Fractal Strike","floor":5}],"player_experience":98088,"relics_obtained":[{"floor":2,"key":"Replay:Baseball"}],"event_choices":[{"damage_healed":0,"gold_gain":0,"player_choice":"Success","damage_taken":7,"relics_obtained":["InkBottle"],"max_hp_gain":0,"max_hp_loss":0,"event_name":"Scrap Ooze","floor":3,"gold_loss":0}],"is_beta":false,"boss_relics":[],"items_purged_floors":[],"is_endless":false,"potions_floor_spawned":[1],"killed_by":"3 Sentries","ascension_level":0}}