{"host":"9709z2dy8v1s63sm","time":1610636011,"event":{"mods":["AchievementEnabler","BaseMod","Minty Spire (QoL Compilation)","StSLib","SuperFastMode"],"gold_per_floor":[113,113,113,138,63,104,104,139,139,182,201,201,201],"floor_reached":12,"language":"KOR","playtime":1047,"items_purged":["Defend_R"],"score":169,"play_id":"bf08400a-be09-47df-a1e6-11075fc9eedf","local_time":"20210114235331","is_ascension_mode":true,"campfire_choices":[{"data":"Body Slam","floor":7,"key":"SMITH"}],"circlet_count":0,"master_deck":["Strike_R","Strike_R","Strike_R","Strike_R","Defend_R","Defend_R","Defend_R","Bash","Body Slam+1","Shockwave","Sword Boomerang","Dropkick"],"relics":["Burning Blood","NeowsBlessing","Golden Idol","CaptainsWheel","Dream Catcher","The Courier","Incense Burner"],"acts_visited":["Exordium"],"potions_floor_usage":[8,11],"damage_taken":[{"damage":0,"enemies":"2 Louse","floor":1,"turns":1},{"damage":0,"enemies":"Cultist","floor":4,"turns":1},{"damage":0,"enemies":"Lagavulin","floor":6,"turns":1},{"damage":28,"enemies":"3 Sentries","floor":8,"turns":6},{"damage":20,"enemies":"Gremlin Nob","floor":10,"turns":5},{"damage":4,"enemies":"Jaw Worm","floor":11,"turns":3},{"damage":20,"enemies":"3 Sentries","floor":12,"turns":4}],"seed_played":"-5709315158351895660","potions_obtained":[{"floor":4,"key":"PowerPotion"},{"floor":10,"key":"AttackPotion"}],"is_trial":false,"path_per_floor":["M","?","?","M","$","E","R","E","T","E","M","E"],"character_chosen":"IRONCLAD","items_purchased":[],"campfire_rested":0,"item_purchase_floors":[],"current_hp_per_floor":[78,58,51,57,57,63,63,41,41,27,29,9,9],"gold":201,"neow_bonus":"THREE_ENEMY_KILL","is_daily":false,"chose_seed":false,"campfire_upgraded":1,"win_rate":0.0,"timestamp":1610636011,"path_taken":["M","?","?","M","$","E","R","E","T","E","M","E"],"items_purchased_type":[],"build_version":"2020-12-22","purchased_purges":1,"victory":false,"max_hp_per_floor":[80,80,80,80,80,80,80,80,80,80,80,80,80],"card_choices":[{"not_picked":["Rampage","Flex"],"picked":"Body Slam","floor":1},{"not_picked":["Sentinel","Armaments","Anger"],"picked":"SKIP","floor":4},{"not_picked":["Rage","Pommel Strike"],"picked":"Shockwave","floor":6},{"not_picked":["Flame Barrier","Warcry"],"picked":"Sword Boomerang","floor":8},{"not_picked":["Feel No Pain","Shockwave","Armaments"],"picked":"SKIP","floor":10},{"not_picked":["Iron Wave","Flame Barrier"],"picked":"Dropkick","floor":11}],"player_experience":70293,"relics_obtained":[{"floor":6,"key":"CaptainsWheel"},{"floor":8,"key":"Dream Catcher"},{"floor":9,"key":"The Courier"},{"floor":10,"key":"Incense Burner"}],"event_choices":[{"damage_healed":0,"gold_gain":0,"player_choice":"Take Damage","damage_taken":20,"relics_obtained":["Golden Idol"],"max_hp_gain":0,"max_hp_loss":0,"event_name":"Golden Idol","floor":2,"gold_loss":0},{"cards_removed":["Strike_R"],"damage_healed":0,"gold_gain":0,"player_choice":"Card Removal","damage_taken":7,"max_hp_gain":0,"max_hp_loss":0,"event_name":"Golden Wing","floor":3,"gold_loss":0}],"is_beta":false,"boss_relics":[],"items_purged_floors":[5],"is_endless":false,"potions_floor_spawned":[4,10],"killed_by":"3 Sentries","ascension_level":8}}