{"host":"4hkuu26ltn0le3bk","time":1610656023,"event":{"mods":["100% Spire Juice","Arknights The Spire","Astrologer","BaseMod","BetterRewards","Clockwork Mod","Colored Map","Colored Powertips","Downfall","Friendly Minions","Gremlin Mod","Hermit","Marisa????????","Minty Spire (QoL Compilation)","Quick Restart","StSLib","Td1madao Mod","The Bug Knight","The Construct","The Cursed","The Disciple","The Factory","The Hierophant","The Jungle","The Servant 0.9.4"],"gold_per_floor":[109,128,128,9,84,124,140,140,140,20,20,20,20,35,35,164,164,178,58,58,78,78,78],"floor_reached":22,"language":"ENG","playtime":1060,"items_purged":[],"score":207,"play_id":"0d974f02-acf3-4eb3-841a-0c1bf6735c9b","local_time":"20210114152703","is_ascension_mode":false,"campfire_choices":[{"floor":10,"key":"REST"},{"data":"Moonworks:RagingMadness","floor":13,"key":"SMITH"},{"floor":15,"key":"REST"}],"circlet_count":0,"master_deck":["Moonworks:Strike","Moonworks:Strike","Moonworks:Strike","Moonworks:Strike","Moonworks:Defend","Moonworks:Defend","Moonworks:Ambush","Moonworks:LongDistanceShot","Moonworks:MiracleWalker","Moonworks:RagingMadness+1","Moonworks:FullSpeedAlicianrone","Moonworks:CloudOfSeagulls+1","Moonworks:BackdoorTrade","Moonworks:CloudOfSeagulls","Moonworks:MetallicMonocoque+1","Moonworks:CloudOfSeagulls","Moonworks:SakisCookie"],"relics":["Moonworks:BrokenBomb","Moonworks:Homemark","NeowsBlessing","Bloody Idol","Frozen Egg 2","Coffee Dripper"],"acts_visited":["Exordium","TheCity"],"potions_floor_usage":[14],"damage_taken":[{"damage":0,"enemies":"Small Slimes","floor":1,"turns":1},{"damage":0,"enemies":"Cultist","floor":2,"turns":1},{"damage":0,"enemies":"3 Sentries","floor":6,"turns":1},{"damage":22,"enemies":"Jaw Worm","floor":7,"turns":4},{"damage":24,"enemies":"Gremlin Gang","floor":14,"turns":5},{"damage":25,"enemies":"Hexaghost","floor":16,"turns":8},{"damage":18,"enemies":"Chosen","floor":18,"turns":5},{"damage":17,"enemies":"Spheric Guardian","floor":21,"turns":4},{"damage":31,"enemies":"Snake Plant","floor":22,"turns":2}],"seed_played":"3615787014989023734","potions_obtained":[{"floor":7,"key":"hexamod:EctoCoolerPotion"},{"floor":16,"key":"GamblersBrew"}],"is_trial":false,"path_per_floor":["M","M","?","$","?","E","M","?","T","R","?","?","R","M","R","B",null,"M","$","?","M","M"],"character_chosen":"THE_STARBREAKER","items_purchased":["Moonworks:RagingMadness","Moonworks:FullSpeedAlicianrone"],"campfire_rested":2,"item_purchase_floors":[4,4],"current_hp_per_floor":[60,60,45,45,34,34,18,11,11,29,29,29,29,5,23,3,60,42,42,42,30,0,0],"gold":78,"neow_bonus":"THREE_ENEMY_KILL","is_daily":false,"chose_seed":false,"campfire_upgraded":1,"win_rate":0.0,"timestamp":1610656023,"path_taken":["M","M","?","$","?","E","M","?","T","R","?","?","R","?","R","BOSS","M","$","?","M","M"],"items_purchased_type":["Card","Card"],"build_version":"2020-12-22","purchased_purges":0,"victory":false,"max_hp_per_floor":[60,60,60,60,60,60,60,60,60,60,60,60,60,60,60,60,60,60,60,60,60,60,60],"card_choices":[{"not_picked":["Moonworks:ImOnFire","Moonworks:Assault","Moonworks:IndiscriminateFireSupport"],"picked":"SKIP","floor":1},{"not_picked":["Moonworks:Heat300Percent","Moonworks:BigMagnum"],"picked":"Moonworks:MiracleWalker","floor":2},{"not_picked":["Moonworks:Dinner","Moonworks:BigMagnum"],"picked":"Moonworks:CloudOfSeagulls","floor":6},{"not_picked":["Moonworks:CastOff","Moonworks:DeployBits","Moonworks:ScrambledEve"],"picked":"SKIP","floor":7},{"not_picked":["Moonworks:ImmovableObject","Moonworks:NicePresent"],"picked":"Moonworks:CloudOfSeagulls","floor":14},{"not_picked":["Moonworks:EvilMastermind","Moonworks:Wanted"],"picked":"Moonworks:MetallicMonocoque+1","floor":16},{"not_picked":["Moonworks:MiracleRedBeanIceCream","Moonworks:AngelHand"],"picked":"Moonworks:CloudOfSeagulls","floor":18},{"not_picked":["Moonworks:Assault","Moonworks:Heat300Percent+1"],"picked":"Moonworks:SakisCookie","floor":21}],"player_experience":202511,"relics_obtained":[{"floor":6,"key":"Frozen Egg 2"}],"event_choices":[{"damage_healed":0,"gold_gain":0,"player_choice":"Take Damage","damage_taken":15,"relics_obtained":["Golden Idol"],"max_hp_gain":0,"max_hp_loss":0,"event_name":"Golden Idol","floor":3,"gold_loss":0},{"damage_healed":0,"gold_gain":75,"player_choice":"Gather Gold","damage_taken":11,"max_hp_gain":0,"max_hp_loss":0,"event_name":"World of Goop","floor":5,"gold_loss":0},{"cards_removed":["Moonworks:Defend"],"damage_healed":0,"gold_gain":0,"player_choice":"Card Removal","damage_taken":7,"max_hp_gain":0,"max_hp_loss":0,"event_name":"Golden Wing","floor":8,"gold_loss":0},{"damage_healed":0,"gold_gain":0,"cards_transformed":["Moonworks:Defend"],"player_choice":"Change","damage_taken":0,"max_hp_gain":0,"max_hp_loss":0,"event_name":"Living Wall","floor":11,"gold_loss":0,"cards_obtained":["Moonworks:BackdoorTrade"]},{"damage_healed":0,"gold_gain":0,"player_choice":"Forge","damage_taken":0,"max_hp_gain":0,"max_hp_loss":0,"event_name":"Accursed Blacksmith","floor":12,"gold_loss":0,"cards_upgraded":["Moonworks:CloudOfSeagulls"]},{"damage_healed":0,"gold_gain":0,"player_choice":"Gave Idol","damage_taken":0,"relics_obtained":["Bloody Idol"],"max_hp_gain":0,"max_hp_loss":0,"event_name":"Forgotten Altar","floor":20,"relics_lost":["Golden Idol"],"gold_loss":0}],"is_beta":false,"boss_relics":[{"not_picked":["Sozu","Tiny House"],"picked":"Coffee Dripper"}],"items_purged_floors":[],"is_endless":false,"potions_floor_spawned":[7,16],"killed_by":"Snake Plant","ascension_level":0}}