{"host":"pf47v7h0307523iy","time":1610625517,"event":{"mods":["BaseMod","Minty Spire (QoL Compilation)"],"gold_per_floor":[109,34,47,47,67,67,102,102,126,137,157,157,171,185,185,257,257,268,268,295,315,315,315],"floor_reached":22,"language":"ENG","playtime":1257,"items_purged":[],"score":376,"play_id":"d9ec6833-a050-4bde-8047-4b9549b80029","local_time":"20210114135837","is_ascension_mode":true,"campfire_choices":[{"data":"Predator","floor":6,"key":"SMITH"},{"data":"A Thousand Cuts","floor":8,"key":"SMITH"},{"floor":15,"key":"REST"}],"circlet_count":0,"master_deck":["AscendersBane","Strike_G","Strike_G","Strike_G","Strike_G","Defend_G","Defend_G","Defend_G","Defend_G","Defend_G","Survivor","Neutralize","Dagger Throw","Backstab","Predator+1","A Thousand Cuts+1","Well Laid Plans","Blur","Blade Dance","Adrenaline","Writhe","Choke"],"relics":["Ring of the Snake","NeowsBlessing","Bronze Scales","Lantern","Orichalcum","GremlinMask","Snecko Eye","Vajra","Strawberry"],"acts_visited":["Exordium","TheCity"],"potions_floor_usage":[7,11,16,16,22],"damage_taken":[{"damage":0,"enemies":"Small Slimes","floor":1,"turns":1},{"damage":0,"enemies":"Cultist","floor":3,"turns":1},{"damage":0,"enemies":"2 Louse","floor":5,"turns":1},{"damage":24,"enemies":"Gremlin Nob","floor":7,"turns":4},{"damage":1,"enemies":"Red Slaver","floor":10,"turns":2},{"damage":10,"enemies":"Exordium Wildlife","floor":11,"turns":4},{"damage":7,"enemies":"Exordium Thugs","floor":13,"turns":5},{"damage":0,"enemies":"Looter","floor":14,"turns":3},{"damage":20,"enemies":"Slime Boss","floor":16,"turns":9},{"damage":5,"enemies":"3 Byrds","floor":18,"turns":2},{"damage":13,"enemies":"2 Thieves","floor":21,"turns":4},{"damage":43,"enemies":"3 Cultists","floor":22,"turns":4}],"seed_played":"-3030868247773221067","potions_obtained":[{"floor":1,"key":"Weak Potion"},{"floor":3,"key":"ColorlessPotion"},{"floor":5,"key":"ColorlessPotion"},{"floor":10,"key":"Energy Potion"},{"floor":11,"key":"SteroidPotion"},{"floor":18,"key":"Strength Potion"},{"floor":21,"key":"LiquidMemories"}],"is_trial":false,"path_per_floor":["M","?","M","?","M","R","E","R","T","M","M","?","M","M","R","B",null,"M","?","T","M","M"],"character_chosen":"THE_SILENT","items_purchased":[],"campfire_rested":1,"item_purchase_floors":[],"current_hp_per_floor":[59,59,59,59,59,59,35,35,35,34,24,24,17,17,36,16,54,49,49,56,43,0,0],"gold":315,"neow_bonus":"THREE_ENEMY_KILL","is_daily":false,"chose_seed":false,"campfire_upgraded":2,"win_rate":0.0,"timestamp":1610625517,"path_taken":["M","?","M","?","?","R","E","R","T","M","M","?","M","?","R","BOSS","M","?","?","?","M"],"items_purchased_type":[],"build_version":"2020-12-22","purchased_purges":0,"victory":false,"max_hp_per_floor":[66,66,66,66,66,66,66,66,66,66,66,66,66,66,66,66,66,66,66,73,73,73,73],"card_choices":[{"not_picked":["Tactician","Distraction"],"picked":"Dagger Throw","floor":1},{"not_picked":["Sucker Punch","Masterful Stab"],"picked":"Backstab","floor":3},{"not_picked":["Backflip","Distraction"],"picked":"Predator","floor":5},{"not_picked":["Dagger Throw","Blade Dance"],"picked":"A Thousand Cuts","floor":7},{"not_picked":["Bane","Prepared"],"picked":"Well Laid Plans","floor":10},{"not_picked":["Flying Knee","Sucker Punch"],"picked":"Blur","floor":11},{"not_picked":["Quick Slash","Catalyst","Reflex"],"picked":"SKIP","floor":13},{"not_picked":["Flying Knee","Bouncing Flask"],"picked":"Blade Dance","floor":14},{"not_picked":["Doppelganger","Grand Finale"],"picked":"Adrenaline","floor":16},{"not_picked":["Cloak And Dagger","Flying Knee","Acrobatics"],"picked":"SKIP","floor":18},{"not_picked":["Flying Knee+1","Slice"],"picked":"Choke","floor":21}],"player_experience":1639006,"relics_obtained":[{"floor":7,"key":"Lantern"},{"floor":9,"key":"Orichalcum"},{"floor":20,"key":"Strawberry"}],"event_choices":[{"cards_removed":["Strike_G"],"damage_healed":0,"gold_gain":0,"player_choice":"Card Removal","damage_taken":0,"max_hp_gain":0,"max_hp_loss":0,"event_name":"The Cleric","floor":2,"gold_loss":75},{"damage_healed":0,"gold_gain":0,"player_choice":"Gave Potion","damage_taken":0,"relics_obtained":["Bronze Scales"],"max_hp_gain":0,"max_hp_loss":0,"event_name":"WeMeetAgain","floor":4,"gold_loss":0},{"damage_healed":0,"gold_gain":0,"player_choice":"Trade","damage_taken":0,"relics_obtained":["GremlinMask"],"max_hp_gain":0,"max_hp_loss":0,"event_name":"FaceTrader","floor":12,"gold_loss":0},{"damage_healed":0,"gold_gain":0,"player_choice":"Opened","damage_taken":0,"relics_obtained":["Vajra"],"max_hp_gain":0,"max_hp_loss":0,"event_name":"The Mausoleum","floor":19,"gold_loss":0,"cards_obtained":["Writhe"]}],"is_beta":false,"boss_relics":[{"not_picked":["SacredBark","WristBlade"],"picked":"Snecko Eye"}],"items_purged_floors":[],"is_endless":false,"potions_floor_spawned":[1,3,5,10,11,18,21],"killed_by":"3 Cultists","ascension_level":20}}