{"host":"j4g6ia6asvpyu2b0","time":1610659399,"event":{"mods":["BaseMod","Colored Map","Minty Spire (QoL Compilation)","Permanent Neow","Quick Restart","Relic Stats","StSLib","Unceasing Turn Reminder"],"gold_per_floor":[119,89,106,126,138,170,170,170,218,238,238,249,261,286,286,286,286],"floor_reached":16,"language":"ENG","playtime":414,"items_purged":[],"score":177,"play_id":"6bc8d6ae-ecf9-447e-8a2e-6479737b9812","local_time":"20210114142319","is_ascension_mode":true,"campfire_choices":[{"data":"Barrage","floor":11,"key":"SMITH"},{"data":"White Noise","floor":15,"key":"SMITH"}],"circlet_count":0,"master_deck":["AscendersBane","Strike_B","Strike_B","Strike_B","Strike_B","Defend_B","Defend_B","Defend_B","Defend_B","Zap","Dualcast","Ball Lightning","Defragment+1","Barrage+1","White Noise+1","Darkness","Thunder Strike","Barrage","Genetic Algorithm","Amplify"],"relics":["Cracked Core","Anchor","Question Card","Bag of Preparation"],"acts_visited":["Exordium"],"potions_floor_usage":[6,13,14],"damage_taken":[{"damage":0,"enemies":"2 Louse","floor":1,"turns":2},{"damage":1,"enemies":"Cultist","floor":3,"turns":3},{"damage":0,"enemies":"Small Slimes","floor":4,"turns":3},{"damage":8,"enemies":"3 Louse","floor":5,"turns":3},{"damage":24,"enemies":"Gremlin Nob","floor":6,"turns":4},{"damage":7,"enemies":"Red Slaver","floor":10,"turns":4},{"damage":0,"enemies":"Exordium Thugs","floor":12,"turns":4},{"damage":2,"enemies":"Blue Slaver","floor":13,"turns":3},{"damage":15,"enemies":"3 Sentries","floor":14,"turns":5},{"damage":14,"enemies":"Hexaghost","floor":16,"turns":4}],"seed_played":"-3238403969741694403","potions_obtained":[{"floor":2,"key":"Fire Potion"},{"floor":2,"key":"EntropicBrew"},{"floor":3,"key":"AttackPotion"},{"floor":12,"key":"EssenceOfSteel"},{"floor":13,"key":"DistilledChaos"}],"is_trial":false,"path_per_floor":["M","?","M","M","M","E","?","?","T","M","R","M","M","E","R","B"],"character_chosen":"DEFECT","items_purchased":[],"campfire_rested":0,"item_purchase_floors":[],"current_hp_per_floor":[68,68,67,67,59,35,35,35,35,28,28,28,26,11,11,0,0],"gold":286,"neow_bonus":"RANDOM_COMMON_RELIC","is_daily":false,"chose_seed":false,"campfire_upgraded":2,"win_rate":0.0,"timestamp":1610659399,"path_taken":["M","?","?","M","M","E","?","?","T","?","R","M","M","E","R","BOSS"],"items_purchased_type":[],"build_version":"2020-12-22","purchased_purges":0,"victory":false,"max_hp_per_floor":[75,75,75,75,75,75,75,75,75,75,75,75,75,75,75,75,75],"relic_stats":{"counters":[10,35],"Bag of Preparation":[2],"Question Card":4,"obtain_stats":[{"Anchor":0,"Bag of Preparation":14,"Cracked Core":0,"Question Card":6},{"Anchor":0,"Bag of Preparation":9,"Cracked Core":0,"Question Card":5},{"Anchor":0,"Bag of Preparation":31,"Cracked Core":0,"Question Card":15}]},"card_choices":[{"not_picked":["Barrage","Self Repair"],"picked":"Ball Lightning","floor":1},{"not_picked":["Rebound","Streamline"],"picked":"Defragment","floor":3},{"not_picked":["Force Field","Turbo"],"picked":"Barrage","floor":4},{"not_picked":["Gash","Aggregate"],"picked":"White Noise","floor":5},{"not_picked":["Auto Shields","Gash"],"picked":"Darkness","floor":6},{"not_picked":["Steam","Aggregate","Turbo"],"picked":"Barrage","floor":10},{"not_picked":["Redo","Go for the Eyes","Doom and Gloom"],"picked":"Genetic Algorithm","floor":12},{"not_picked":["Gash","Ball Lightning","Barrage"],"picked":"Amplify","floor":13},{"not_picked":["Rebound","Fusion","Meteor Strike","Leap"],"picked":"SKIP","floor":14}],"player_experience":844667,"relics_obtained":[{"floor":6,"key":"Question Card"},{"floor":14,"key":"Bag of Preparation"}],"event_choices":[{"damage_healed":0,"gold_gain":0,"player_choice":"Bought 2 Potions","damage_taken":0,"max_hp_gain":0,"max_hp_loss":0,"event_name":"The Woman in Blue","floor":2,"gold_loss":0},{"damage_healed":0,"gold_gain":0,"player_choice":"Grow","damage_taken":0,"max_hp_gain":0,"max_hp_loss":0,"event_name":"Living Wall","floor":7,"gold_loss":0,"cards_upgraded":["Defragment"]},{"damage_healed":0,"gold_gain":0,"player_choice":"1 cards matched","damage_taken":0,"max_hp_gain":0,"max_hp_loss":0,"event_name":"Match and Keep!","floor":8,"gold_loss":0,"cards_obtained":["Thunder Strike"]}],"is_beta":false,"boss_relics":[],"items_purged_floors":[],"is_endless":false,"potions_floor_spawned":[3,5,12,13],"killed_by":"Hexaghost","ascension_level":11}}