{"host":"qf6a1vkjx65tfr1z","time":1610589829,"event":{"mods":["2.2 Compatiblity","Aspiration","BaseMod","CCEM","Card Forge","Colored Map","Colorless Booster Pack","Conspire","Custom Start","Defuse TimeMaze Blight","Dota2Spire","Downfall","Duelist Mod","Energized Spire","Friendly Minions","GifTheSpireLib","Glutton Mod","Halation","Hubris","Hunter ??","Infinite Spire","Jedi Mod","Koishi","LagranYue(???·?)","Magitek Elite","Marisa????????","Minty Spire (QoL Compilation)","Quick Restart","Rare Cards Sparkle","RatMod","Relic Filter","Replay The Spire","RumiaBox-????????","Shop Mod","Small Relic Pack","Somnambulant","Spikes Relics","StSLib","Stuff the Spire","Td1madao Mod","The Accelerator","The Bug Knight","The Construct","The Cursed","The Mystic","The Necromancer","The Sage","The Saiyan","The Servant 0.9.4","The Witch","Transform Curses","Unceasing Turn Reminder","Yuyuko","vexMod","??????REMEMod"],"gold_per_floor":[167,67,67,79,96,148,148,199,199,241,269,311,365,377,389,587,599,519,519,519,519,519,519,519,519,519,519],"floor_reached":26,"language":"ENG","playtime":3849,"items_purged":[],"score":855,"play_id":"2358621c-6283-437f-8a5b-5d04873b62d1","local_time":"20210113210349","is_ascension_mode":true,"campfire_choices":[{"data":"Koishi:ConfinedInnocent+1","floor":7,"key":"SMITH"},{"data":"Koishi:ConfinedInnocent+2","floor":7,"key":"SMITH"},{"data":"rat:BloodPact+1","floor":7,"key":"SMITH"},{"data":"rat:BloodPact+2","floor":7,"key":"SMITH"},{"data":"Saiyan:Medicine+1","floor":15,"key":"SMITH"},{"data":"Koishi:ConfinedInnocent+3","floor":15,"key":"SMITH"},{"data":"theDuelist:RedMedicine+4","floor":15,"key":"SMITH"},{"data":"theDuelist:RedMedicine+5","floor":15,"key":"SMITH"},{"data":"Koishi:ConfinedInnocent+4","floor":23,"key":"SMITH"},{"data":"Koishi:ConfinedInnocent+5","floor":23,"key":"SMITH"},{"data":"Glutton:GuardStance+1","floor":23,"key":"SMITH"},{"data":"Glutton:GuardStance+2","floor":23,"key":"SMITH"}],"circlet_count":0,"master_deck":["theDuelist:RedMedicine+1","theDuelist:SpiralSpearStrike+2","theDuelist:SpiralSpearStrike+1","DeliriumForm+1","Glutton:GuardStance+3","Glutton:EatAlive+1","Glutton:Mug+1","Koishi:ConfinedInnocent+6","LagranYue:PowerDreamCard+1","jedi:cleanse+1","rat:BloodPact+3","Echo Form+1","theDuelist:FlameTiger+1","theDuelist:Predaponics+1","theDuelist:RedMedicine+4"],"relics":["theDuelist:MillenniumPuzzle","theDuelist:CardPoolRelic","theDuelist:CardPoolBasicRelic","theDuelist:BoosterPackPoolRelic","theDuelist:CardPoolAddRelic","theDuelist:CardPoolMinusRelic","theDuelist:CardPoolSaveRelic","theDuelist:CardPoolOptionsRelic","Hammer of Thor","Seething Fire","Anvil of the Gods","SecretRecord","Ring of Fangs","Ring of Fangs","SecretRecord","Replay:Arrowhead","Dota2Spire:AghanimScepter","Blue Candle","Replay:Antivirus Software","AncientExoskeleton","StuffTheSpire:DarkSteelAnvil","conspire:InfiniteJournal","halation:PenCase","Medical Kit","hubris:MedicalManual","halation:PrussianBluePaint","theDuelist:MerchantPendant","Happy Flower","MawBank","theDuelist:ElectricToken","theDuelist:MonsterEggRelic","Ectoplasm","Ectoplasm","Ectoplasm","LagranYue:GuidanceLightRelic","LagranYue:GuideDeadRelic","Ectoplasm","hubris:IronBody","REME_ArchaeologicalTools"],"acts_visited":["Exordium","TheCity"],"potions_floor_usage":[],"damage_taken":[{"damage":5,"enemies":"Cultist","floor":1,"turns":4},{"damage":0,"enemies":"2 Louse","floor":4,"turns":2},{"damage":0,"enemies":"Jaw Worm","floor":5,"turns":2},{"damage":21,"enemies":"Lagavulin","floor":6,"turns":6},{"damage":11,"enemies":"Gremlin Nob","floor":8,"turns":4},{"damage":0,"enemies":"3 Sentries","floor":10,"turns":3},{"damage":2,"enemies":"Looter","floor":11,"turns":2},{"damage":3,"enemies":"Replay:BlueRogue","floor":12,"turns":3},{"damage":1,"enemies":"Exordium Wildlife","floor":13,"turns":3},{"damage":3,"enemies":"Fading Forest","floor":16,"turns":6},{"damage":6,"enemies":"2 Thieves","floor":18,"turns":3},{"damage":4,"enemies":"3 Byrds","floor":19,"turns":3},{"damage":29,"enemies":"Shelled Parasite and Fungi","floor":20,"turns":4},{"damage":5,"enemies":"Cultist and Chosen","floor":24,"turns":3},{"damage":3,"enemies":"Gremlin Leader","floor":25,"turns":4}],"seed_played":"5203620639009168633","potions_obtained":[{"floor":5,"key":"FocusPotion"}],"is_trial":true,"path_per_floor":["M","$","$","M","M","E","R","E","T","E","M","E","M","$","R","B",null,"M","M","M","?","?","R","M","E","T"],"character_chosen":"THE_DUELIST","items_purchased":["theDuelist:FlameTiger","theDuelist:MerchantPendant"],"campfire_rested":0,"item_purchase_floors":[2,2],"current_hp_per_floor":[58,58,58,76,76,55,55,47,47,63,68,65,64,64,64,435,435,429,432,421,421,421,421,439,436,436,436],"gold":519,"neow_bonus":"","is_daily":false,"chose_seed":false,"campfire_upgraded":12,"win_rate":0.0,"timestamp":1610589829,"path_taken":["M","?","$","M","?","E","R","E","T","E","M","E","M","$","R","BOSS","M","M","M","?","?","R","M","E","T"],"items_purchased_type":["Card","Relic"],"build_version":"2020-12-22","purchased_purges":0,"victory":false,"max_hp_per_floor":[70,70,70,76,76,76,76,76,76,76,76,76,76,76,76,435,435,435,442,442,442,442,442,442,442,442,442],"card_choices":[{"not_picked":["theDuelist:CombinationAttack","theDuelist:FairyBox","theDuelist:EgoBoost","theDuelist:VendreadCharge"],"picked":"theDuelist:WhiteMagicalHat","floor":1},{"not_picked":["theDuelist:MeteorDestruction","theDuelist:Tuningware","theDuelist:SpiritHarp","theDuelist:MagnumShield"],"picked":"theDuelist:Predaponics","floor":4},{"not_picked":["theDuelist:EvilswarmHeliotrope","theDuelist:GolemSentry","theDuelist:BattleguardKing","theDuelist:PotGreed","theDuelist:MillenniumGolem"],"picked":"SKIP","floor":5},{"not_picked":["theDuelist:Hinotama","theDuelist:CombinationAttack","theDuelist:ScrapFactory","theDuelist:DarkBurningAttack"],"picked":"theDuelist:InfernoFireBlast","floor":6},{"not_picked":["theDuelist:CombinationAttack","theDuelist:Downbeat","theDuelist:SpiritHarp","theDuelist:SwordDeepSeated","theDuelist:AncientGearFist"],"picked":"SKIP","floor":8},{"not_picked":["theDuelist:SpellShatteringArrow","theDuelist:SwordDeepSeated","theDuelist:Eva","theDuelist:BigFire","theDuelist:AfterTheStorm"],"picked":"SKIP","floor":10},{"not_picked":["theDuelist:DoubleTool","theDuelist:MagnumShield","theDuelist:WormApocalypse","theDuelist:FluteKuriboh","theDuelist:SpiralSpearStrike"],"picked":"SKIP","floor":11},{"not_picked":["theDuelist:MythicalBeast","theDuelist:RainbowNeos","theDuelist:WhiteNinja","theDuelist:BigKoala","theDuelist:FrontierWiseman"],"picked":"SKIP","floor":12},{"not_picked":["Jack Of All Trades","Magnetism","Metamorphosis","Swift Strike"],"picked":"SKIP","floor":13},{"not_picked":["theDuelist:ClearKuriboh","theDuelist:EvilswarmHeliotrope","theDuelist:LightningVortex","theDuelist:WingedKuriboh","theDuelist:DarklordSuperbia"],"picked":"SKIP","floor":18},{"not_picked":["theDuelist:ClearKuriboh","theDuelist:EvilswarmHeliotrope","theDuelist:LightningVortex","theDuelist:WingedKuriboh","theDuelist:DarklordSuperbia"],"picked":"SKIP","floor":18},{"not_picked":["theDuelist:ClearKuriboh","theDuelist:EvilswarmHeliotrope","theDuelist:LightningVortex","theDuelist:WingedKuriboh","theDuelist:DarklordSuperbia"],"picked":"SKIP","floor":18},{"not_picked":["theDuelist:WhiteMagicalHat","theDuelist:SangaEarth","theDuelist:FrontierWiseman","theDuelist:RainbowNeos","theDuelist:HappyLover"],"picked":"SKIP","floor":19},{"not_picked":["theDuelist:WhiteMagicalHat","theDuelist:SangaEarth","theDuelist:FrontierWiseman","theDuelist:RainbowNeos","theDuelist:HappyLover"],"picked":"SKIP","floor":19},{"not_picked":["theDuelist:DoubleTool","theDuelist:RainbowNeos","theDuelist:WhiteMagicalHat","theDuelist:SpiritHarp","theDuelist:ElectromagneticShield"],"picked":"SKIP","floor":20},{"not_picked":["theDuelist:DoubleTool","theDuelist:RainbowNeos","theDuelist:WhiteMagicalHat","theDuelist:SpiritHarp","theDuelist:ElectromagneticShield"],"picked":"SKIP","floor":20},{"not_picked":["theDuelist:SpellShatteringArrow","theDuelist:SpiritHarp+1","theDuelist:Tuningware","theDuelist:SilverApples","theDuelist:VendreadCharge"],"picked":"SKIP","floor":24},{"not_picked":["theDuelist:RainbowNeos","theDuelist:HappyLover","theDuelist:Eva","theDuelist:RainbowKuriboh","theDuelist:RainbowOverdragon"],"picked":"SKIP","floor":25}],"player_experience":114030,"relics_obtained":[{"floor":6,"key":"Happy Flower"},{"floor":9,"key":"MawBank"},{"floor":10,"key":"theDuelist:ElectricToken"},{"floor":12,"key":"theDuelist:MonsterEggRelic"},{"floor":25,"key":"hubris:IronBody"},{"floor":26,"key":"REME_ArchaeologicalTools"}],"event_choices":[{"damage_healed":0,"gold_gain":0,"player_choice":"Grow","damage_taken":0,"max_hp_gain":0,"max_hp_loss":0,"event_name":"Living Wall","floor":3,"gold_loss":0,"cards_upgraded":["theDuelist:RedMedicine"]},{"damage_healed":0,"gold_gain":0,"player_choice":"Grow","damage_taken":0,"max_hp_gain":0,"max_hp_loss":0,"event_name":"Living Wall","floor":3,"gold_loss":0,"cards_upgraded":["theDuelist:RedMedicine"]},{"damage_healed":0,"gold_gain":0,"player_choice":"Grow","damage_taken":0,"max_hp_gain":0,"max_hp_loss":0,"event_name":"Living Wall","floor":3,"gold_loss":0,"cards_upgraded":["theDuelist:RedMedicine"]},{"damage_healed":0,"gold_gain":0,"player_choice":"Grow","damage_taken":0,"max_hp_gain":0,"max_hp_loss":0,"event_name":"Living Wall","floor":3,"gold_loss":0,"cards_upgraded":["theDuelist:SpiralSpearStrike"]}],"is_beta":false,"boss_relics":[{"not_picked":["Dota2Spire:Bloodstone","Gem_Box"],"picked":"Ectoplasm"}],"items_purged_floors":[],"is_endless":false,"potions_floor_spawned":[1,5,12,13,16,18,24,25],"ascension_level":17}}