{"host":"d3wn6ylxoasccvbu","time":1610582644,"event":{"mods":["BaseMod","Better Debug","Downfall","Minty Spire (QoL Compilation)","StSLib"],"gold_per_floor":[119,131,131,54,54,84,84,9,56,69,84,94,94,128,128,224,224,243,90,189,189,202,237,247,264,264,290,290,305,305,318,318,318,318],"floor_reached":33,"language":"ENG","playtime":2027,"items_purged":["Strike_G","Strike_G"],"score":372,"play_id":"d9654cc0-e131-4bcc-9bdf-6d2e6bada90d","local_time":"20210113190404","is_ascension_mode":false,"campfire_choices":[{"floor":7,"key":"DIG"},{"floor":13,"key":"DIG"},{"floor":15,"key":"DIG"},{"floor":28,"key":"REST"},{"floor":30,"key":"REST"},{"floor":32,"key":"REST"}],"circlet_count":0,"master_deck":["Strike_G","Strike_G","Strike_G","Defend_G","Defend_G","Defend_G","Defend_G","Defend_G","Survivor","Neutralize","Quick Slash","Flying Knee","Footwork","Backstab+1","Backstab+1","Poisoned Stab","Blur","Corpse Explosion","PiercingWail+1","Backflip","Footwork","Deadly Poison+1","Footwork+1","Dodge and Roll","Catalyst"],"relics":["Ring of the Snake","NeowsBlessing","Shovel","Centennial Puzzle","Omamori","Orichalcum","Pen Nib","Juzu Bracelet","Gremlin Horn","Black Star","Dream Catcher","Whetstone","Sundial","StoneCalendar","Vajra"],"acts_visited":["Exordium","TheCity"],"potions_floor_usage":[11,12,12,14,16,16,16,16,23,23,33],"damage_taken":[{"damage":0,"enemies":"2 Louse","floor":1,"turns":1},{"damage":0,"enemies":"Jaw Worm","floor":2,"turns":1},{"damage":0,"enemies":"3 Sentries","floor":6,"turns":1},{"damage":0,"enemies":"Cultist","floor":10,"turns":4},{"damage":7,"enemies":"Large Slime","floor":11,"turns":5},{"damage":3,"enemies":"Exordium Thugs","floor":12,"turns":3},{"damage":17,"enemies":"Lagavulin","floor":14,"turns":6},{"damage":5,"enemies":"Slime Boss","floor":16,"turns":6},{"damage":12,"enemies":"Shell Parasite","floor":18,"turns":10},{"damage":2,"enemies":"Chosen","floor":22,"turns":6},{"damage":0,"enemies":"Slavers","floor":23,"turns":3},{"damage":0,"enemies":"3 Cultists","floor":24,"turns":2},{"damage":20,"enemies":"Sentry and Sphere","floor":25,"turns":6},{"damage":39,"enemies":"Gremlin Leader","floor":27,"turns":8},{"damage":10,"enemies":"Centurion and Healer","floor":29,"turns":3},{"damage":16,"enemies":"Snake Plant","floor":31,"turns":6},{"damage":45,"enemies":"Champ","floor":33,"turns":13}],"seed_played":"-733568781789354608","potions_obtained":[{"floor":1,"key":"ColorlessPotion"},{"floor":10,"key":"EntropicBrew"},{"floor":12,"key":"Dexterity Potion"},{"floor":14,"key":"EssenceOfSteel"},{"floor":22,"key":"EssenceOfSteel"},{"floor":23,"key":"FearPotion"},{"floor":31,"key":"SpeedPotion"}],"is_trial":false,"path_per_floor":["M","M","?","$","?","E","R","$","T","M","M","M","R","E","R","B",null,"M","$","?","?","M","E","M","M","T","E","R","M","R","M","R","B"],"character_chosen":"THE_SILENT","items_purchased":["Footwork","Backflip"],"campfire_rested":3,"item_purchase_floors":[4,19],"current_hp_per_floor":[70,70,58,58,63,63,63,63,63,63,56,53,53,36,36,31,75,63,63,63,63,61,61,61,41,41,2,24,14,36,20,42,0,0],"gold":318,"neow_bonus":"THREE_ENEMY_KILL","is_daily":false,"chose_seed":false,"campfire_upgraded":0,"win_rate":0.0,"timestamp":1610582644,"path_taken":["M","M","?","$","?","E","R","?","T","M","M","M","R","E","R","BOSS","M","$","?","?","M","E","M","M","T","E","R","M","R","M","R","BOSS"],"items_purchased_type":["Card","Card"],"build_version":"2020-12-22","purchased_purges":2,"victory":false,"max_hp_per_floor":[70,70,70,70,75,75,75,75,75,75,75,75,75,75,75,75,75,75,75,75,75,75,75,75,75,75,75,75,75,75,75,75,75,75],"card_choices":[{"not_picked":["Prepared","Backstab"],"picked":"Quick Slash","floor":1},{"not_picked":["Crippling Poison","Deflect"],"picked":"Flying Knee","floor":2},{"not_picked":["Well Laid Plans","Blade Dance"],"picked":"Backstab","floor":6},{"not_picked":["Terror","Quick Slash"],"picked":"Backstab","floor":10},{"not_picked":["Sucker Punch","Deflect"],"picked":"Poisoned Stab","floor":11},{"not_picked":["Blade Dance","Slice","Quick Slash"],"picked":"SKIP","floor":12},{"not_picked":["Endless Agony","Heel Hook"],"picked":"Blur","floor":14},{"not_picked":["Phantasmal Killer","Malaise"],"picked":"Corpse Explosion","floor":16},{"not_picked":["Dodge and Roll+1","Sucker Punch"],"picked":"PiercingWail+1","floor":18},{"not_picked":["Calculated Gamble","Flying Knee"],"picked":"Deadly Poison+1","floor":22},{"not_picked":["Escape Plan","Deadly Poison","Flying Knee"],"picked":"SKIP","floor":23},{"not_picked":["Deadly Poison","Leg Sweep","Underhanded Strike+1"],"picked":"SKIP","floor":24},{"not_picked":["Poisoned Stab","Deflect"],"picked":"Footwork+1","floor":25},{"not_picked":["Acrobatics","Slice"],"picked":"Dodge and Roll","floor":27},{"not_picked":["Wraith Form v2","Dodge and Roll+1","Quick Slash"],"picked":"SKIP","floor":29},{"not_picked":["Heel Hook","Infinite Blades"],"picked":"Catalyst","floor":31}],"player_experience":62652,"relics_obtained":[{"floor":6,"key":"Centennial Puzzle"},{"floor":7,"key":"Omamori"},{"floor":9,"key":"Orichalcum"},{"floor":13,"key":"Pen Nib"},{"floor":14,"key":"Juzu Bracelet"},{"floor":15,"key":"Gremlin Horn"},{"floor":23,"key":"Dream Catcher"},{"floor":23,"key":"Whetstone"},{"floor":26,"key":"Sundial"},{"floor":27,"key":"StoneCalendar"},{"floor":27,"key":"Vajra"}],"event_choices":[{"damage_healed":0,"gold_gain":0,"player_choice":"Success","damage_taken":12,"relics_obtained":["Shovel"],"max_hp_gain":0,"max_hp_loss":0,"event_name":"Scrap Ooze","floor":3,"gold_loss":0},{"damage_healed":0,"gold_gain":0,"player_choice":"Donut","damage_taken":0,"max_hp_gain":5,"max_hp_loss":0,"event_name":"Big Fish","floor":5,"gold_loss":0},{"damage_healed":0,"gold_gain":99,"player_choice":"Stole From Cult","damage_taken":0,"max_hp_gain":0,"max_hp_loss":0,"event_name":"Nest","floor":20,"gold_loss":0},{"damage_healed":0,"gold_gain":0,"player_choice":"Copied","damage_taken":0,"max_hp_gain":0,"max_hp_loss":0,"event_name":"Duplicator","floor":21,"gold_loss":0,"cards_obtained":["Footwork"]}],"is_beta":false,"boss_relics":[{"not_picked":["Ectoplasm","Ring of the Serpent"],"picked":"Black Star"}],"items_purged_floors":[8,19],"is_endless":false,"potions_floor_spawned":[1,10,12,14,22,23,31],"killed_by":"Champ","ascension_level":0}}