{"host":"kxe6iorzpbw8ioqh","time":1610620229,"event":{"mods":["Act Like it!","BaseMod","Downfall","Minty Spire (QoL Compilation)","StSLib"],"gold_per_floor":[99,118,134,134,134,144,219,219,238,251,276,293,313,325,337,435,435,435,454,454,454,454],"floor_reached":20,"language":"ZHS","playtime":3153,"items_purged":[],"score":180,"play_id":"578ccf37-8dae-4429-ac71-efa32653cfca","local_time":"20210114183029","is_ascension_mode":false,"campfire_choices":[{"data":"Guardian:CurlUp","floor":1.0,"key":"SMITH"},{"data":"Guardian:SpikerProtocol","floor":8.0,"key":"SMITH"},{"data":"Guardian:PrismaticBeam","floor":18,"key":"SMITH"}],"circlet_count":0,"master_deck":["Guardian:Strike_Guardian","Guardian:Strike_Guardian","Guardian:Strike_Guardian","Guardian:Strike_Guardian","Guardian:Defend_Guardian","Guardian:Defend_Guardian","Guardian:Defend_Guardian","Guardian:Defend_Guardian","Guardian:CurlUp+1","Guardian:TwinSlam","Guardian:SpikerProtocol+1","Regret","Guardian:Planning","Guardian:Reroute","Guardian:GuardianWhirl","Guardian:SentryBeam","Guardian:PrismaticBeam+1","Guardian:StasisStrike"],"relics":["Guardian:ModeShifterPlus","Anchor","Letter Opener","FossilizedHelix"],"acts_visited":["Exordium","TheCity"],"potions_floor_usage":[],"damage_taken":[{"damage":1.0,"enemies":"Cultist","floor":2.0,"turns":3.0},{"damage":3.0,"enemies":"Small Slimes","floor":3.0,"turns":4.0},{"damage":2.0,"enemies":"2 Louse","floor":6.0,"turns":3.0},{"damage":2.0,"enemies":"Blue Slaver","floor":9.0,"turns":4.0},{"damage":12.0,"enemies":"Large Slime","floor":10.0,"turns":7.0},{"damage":19.0,"enemies":"Lagavulin","floor":11.0,"turns":6.0},{"damage":0.0,"enemies":"Red Slaver","floor":12.0,"turns":3.0},{"damage":0.0,"enemies":"Lots of Slimes","floor":13.0,"turns":2.0},{"damage":4.0,"enemies":"Blue Slaver","floor":14.0,"turns":3.0},{"damage":0.0,"enemies":"Exordium Wildlife","floor":15.0,"turns":4.0},{"damage":16.0,"enemies":"downfall:Watcher","floor":16.0,"turns":8.0},{"damage":7,"enemies":"Spheric Guardian","floor":19,"turns":3}],"seed_played":"7747792486327463867","potions_obtained":[{"floor":6.0,"key":"EntropicBrew"},{"floor":9.0,"key":"Fire Potion"},{"floor":13.0,"key":"SpeedPotion"},{"floor":15.0,"key":"Fire Potion"}],"is_trial":false,"path_per_floor":["R","M","M","?","?","M","T","R","M","M","E","M","M","M","M","B",null,"R","M","?"],"character_chosen":"GUARDIAN","items_purchased":[],"campfire_rested":0,"item_purchase_floors":[],"current_hp_per_floor":[88,87,84,84,84,82,82,82,80,68,49,49,49,45,45,29,88,88,81,65,65,65],"gold":454,"neow_bonus":"TEN_PERCENT_HP_BONUS","is_daily":false,"chose_seed":false,"campfire_upgraded":3,"win_rate":0.0,"timestamp":1610620229,"path_taken":["R","M","M","?","?","M","T","R","M","M","E","?","M","?","M","BOSS","R","M","?"],"items_purchased_type":[],"build_version":"2020-12-22","purchased_purges":0,"victory":false,"max_hp_per_floor":[88,88,88,88,88,88,88,88,88,88,88,88,88,88,88,88,88,88,88,88,88,88],"card_choices":[{"not_picked":["Guardian:VentSteam","Guardian:BronzeArmor"],"picked":"Guardian:SpikerProtocol","floor":2.0},{"not_picked":["Guardian:Incinerate","Guardian:TemporalStrike"],"picked":"Guardian:Gem_White","floor":3.0},{"not_picked":["Guardian:ShieldSpikes","Guardian:VentSteam","Guardian:Recover"],"picked":"SKIP","floor":6.0},{"not_picked":["Guardian:Recover","Guardian:Suspension"],"picked":"Guardian:Planning","floor":9.0},{"not_picked":["Guardian:Recover","Guardian:RefractedBeam"],"picked":"Guardian:Gem_Purple","floor":10.0},{"not_picked":["Guardian:TemporalShield","Guardian:Incinerate"],"picked":"Guardian:Reroute","floor":11.0},{"not_picked":["Guardian:SpikerProtocol","Guardian:ConstructionForm"],"picked":"Guardian:GuardianWhirl","floor":12.0},{"not_picked":["Guardian:Gem_Purple","Guardian:TimeBomb"],"picked":"Guardian:SentryBeam","floor":13.0},{"not_picked":["Guardian:BronzeOrb","Guardian:ArmoredProtocol","Guardian:ChargeCore"],"picked":"SKIP","floor":14.0},{"not_picked":["Guardian:WalkerClaw","Guardian:Repulse"],"picked":"Guardian:PrismaticBeam","floor":15.0},{"not_picked":["Guardian:ConstructionForm","Guardian:HyperBeam_Guardian"],"picked":"Guardian:StasisStrike","floor":16.0},{"not_picked":["Guardian:GuardianWhirl+1","Guardian:PrimingBeam","Guardian:DonusPower"],"picked":"SKIP","floor":19}],"player_experience":368155,"relics_obtained":[{"floor":7.0,"key":"Letter Opener"},{"floor":11.0,"key":"FossilizedHelix"}],"event_choices":[{"damage_healed":0.0,"max_hp_gain":0.0,"max_hp_loss":0.0,"gold_gain":0.0,"event_name":"Big Fish","player_choice":"Box","floor":4.0,"gold_loss":0.0,"damage_taken":0.0,"relics_obtained":["Anchor"],"cards_obtained":["Regret"]}],"is_beta":false,"boss_relics":[{"not_picked":["Empty Cage","Calling Bell"],"picked":"Guardian:ModeShifterPlus"}],"items_purged_floors":[],"is_endless":false,"potions_floor_spawned":[6,9,13,15],"ascension_level":0}}