{"host":"wg29woj1pduqw9vg","time":1610644404,"event":{"mods":["BaseMod","Bestiary","Better Third Choice","Colored Map","Downfall","Highlight Path","Minty Spire (QoL Compilation)","Quick Restart","StSLib"],"gold_per_floor":[99,99,99,99,99,129,129,139,52,65,95,95,95,106,125,125,125,125],"floor_reached":16,"language":"ENG","playtime":929,"items_purged":[],"score":113,"play_id":"0788ab36-ff4d-4dbf-a039-471c55ea68ff","local_time":"20210114091324","is_ascension_mode":true,"campfire_choices":[{"data":"Slimebound:Split","floor":1,"key":"SMITH"},{"data":"Slimebound:Prepare","floor":12,"key":"SMITH"}],"circlet_count":0,"master_deck":["Slimebound:Strike_Slimebound","Slimebound:Strike_Slimebound","Slimebound:Strike_Slimebound","Slimebound:Tackle","Slimebound:Defend_Slimebound","Slimebound:Defend_Slimebound","Slimebound:Defend_Slimebound","Slimebound:Defend_Slimebound","Slimebound:Split+1","Slimebound:CorrosiveSpit","Slimebound:LeechEnergy","Slimebound:ComboTackle+1","Slimebound:GoopSpray","Slimebound:DuplicatedForm+1","Slimebound:Grow+1","Slimebound:Prepare+1","Slimebound:SplitSpecialist"],"relics":["Slimebound:AbsorbEndCombat","downfall:HeartsMalice","Frozen Egg 2","Letter Opener","Toy Ornithopter","Slimebound:GreedOozeRelic"],"acts_visited":["Exordium"],"potions_floor_usage":[11,16],"damage_taken":[{"damage":0,"enemies":"Jaw Worm","floor":2,"turns":1},{"damage":0,"enemies":"Cultist","floor":3,"turns":1},{"damage":0,"enemies":"Small Slimes","floor":5,"turns":1},{"damage":22,"enemies":"Lagavulin","floor":6,"turns":5},{"damage":10,"enemies":"Blue Slaver","floor":8,"turns":3},{"damage":23,"enemies":"downfall:FleeingMerchant","floor":9,"turns":4},{"damage":20,"enemies":"Large Slime","floor":10,"turns":5},{"damage":50,"enemies":"3 Sentries","floor":11,"turns":4},{"damage":19,"enemies":"3 Louse","floor":14,"turns":4},{"damage":8,"enemies":"Exordium Wildlife","floor":15,"turns":3},{"damage":63,"enemies":"downfall:Defect","floor":16,"turns":5}],"seed_played":"1755916265918483034","potions_obtained":[{"floor":6,"key":"SkillPotion"},{"floor":8,"key":"Dexterity Potion"},{"floor":14,"key":"Slimebound:SlimedPotion"},{"floor":15,"key":"champ:CounterPotion"}],"is_trial":false,"path_per_floor":["R","M","M","?","M","E","T","M","$","M","E","R","?","M","M","B"],"character_chosen":"SLIMEBOUND","items_purchased":["Slimebound:Grow+1"],"campfire_rested":0,"item_purchase_floors":[9],"current_hp_per_floor":[60,60,60,60,60,55,55,57,60,53,38,38,38,29,35,0,0,0],"gold":125,"neow_bonus":"THREE_ENEMY_KILL","is_daily":false,"chose_seed":false,"campfire_upgraded":2,"win_rate":0.0,"timestamp":1610644404,"path_taken":["R","M","M","?","M","E","T","M","?","?","E","R","?","M","M","BOSS"],"items_purchased_type":["Card"],"build_version":"2020-12-22","purchased_purges":0,"victory":false,"max_hp_per_floor":[60,60,60,60,60,60,60,60,60,60,60,60,60,60,60,60,60,60],"card_choices":[{"not_picked":["Slimebound:ViciousTackle","Slimebound:HungryTackle"],"picked":"Slimebound:LeechEnergy","floor":2},{"not_picked":["Slimebound:DivideAndConquer","Slimebound:SplitBruiser"],"picked":"Slimebound:ComboTackle","floor":3},{"not_picked":["Slimebound:FinishingTackle","Slimebound:DisruptingSlam"],"picked":"Slimebound:GoopSpray","floor":5},{"not_picked":["Slimebound:Repurpose","Slimebound:ProtectTheBoss+1","Slimebound:ServeAndProtect"],"picked":"SKIP","floor":6},{"not_picked":["Slimebound:SplitBruiser","Slimebound:LeechEnergy"],"picked":"Slimebound:DuplicatedForm+1","floor":8},{"not_picked":["Slimebound:SplitAcid","Slimebound:HauntingLick","Slimebound:Prepare"],"picked":"SKIP","floor":9},{"not_picked":["Slimebound:FinishingTackle","Slimebound:DisruptingSlam","Slimebound:ComboTackle"],"picked":"SKIP","floor":10},{"not_picked":["Slimebound:Repurpose","Slimebound:PressTheAttack"],"picked":"Slimebound:Prepare","floor":11},{"not_picked":["Slimebound:FormOfPuddle","Slimebound:GoopSpray","Slimebound:ViciousTackle"],"picked":"SKIP","floor":14},{"not_picked":["Slimebound:SplitLeeching","Slimebound:DouseInSlime"],"picked":"Slimebound:SplitSpecialist","floor":15}],"player_experience":45366,"relics_obtained":[{"floor":6,"key":"Frozen Egg 2"},{"floor":7,"key":"Letter Opener"},{"floor":11,"key":"Toy Ornithopter"}],"event_choices":[{"damage_healed":0,"gold_gain":0,"player_choice":"Forge","damage_taken":0,"max_hp_gain":0,"max_hp_loss":0,"event_name":"Accursed Blacksmith","floor":4,"gold_loss":0,"cards_upgraded":["Slimebound:ComboTackle"]}],"is_beta":false,"boss_relics":[],"items_purged_floors":[],"is_endless":false,"potions_floor_spawned":[6,8,14,15],"killed_by":"downfall:Defect","ascension_level":1}}