{"host":"oiw60b5ins9fyx34","time":1610599323,"event":{"mods":["BaseMod","Colored Map","Colored Powertips","Minty Spire (QoL Compilation)","Permanent Neow","Quick Restart","Rare Cards Sparkle","Relic Stats","StSLib","The Cursed"],"gold_per_floor":[115,129,149,149,62,62,89,101,101,30,44,44,75,93,93,188,188,201,214,11,11,25,25,355,355],"floor_reached":24,"language":"JPN","playtime":1430,"items_purged":["TheCursedMod:Defend_TheCursed"],"score":228,"play_id":"8fb0aaae-8d25-422f-9f54-ffaa05c7f074","local_time":"20210114134203","is_ascension_mode":false,"campfire_choices":[{"data":"TheCursedMod:CursedStaff","floor":6,"key":"SMITH"},{"data":"TheCursedMod:HellsGateOpen","floor":12,"key":"SMITH"},{"floor":15,"key":"REST"},{"floor":23,"key":"REST"}],"circlet_count":0,"master_deck":["TheCursedMod:Strike_TheCursed","TheCursedMod:Strike_TheCursed","TheCursedMod:Strike_TheCursed","TheCursedMod:Strike_TheCursed","TheCursedMod:Defend_TheCursed","TheCursedMod:Defend_TheCursed","TheCursedMod:CursedWand","TheCursedMod:CleanUpWorkshop","TheCursedMod:Dregs","TheCursedMod:CursedStaff+1","TheCursedMod:SmokeScreen","TheCursedMod:LuckyCharm","TheCursedMod:Wield","TheCursedMod:SpitefulPlan","TheCursedMod:SpitefulStrike","TheCursedMod:CursedBlade","TheCursedMod:HellsGateOpen+1","TheCursedMod:Evocation","TheCursedMod:SpreadPlague","TheCursedMod:NeowsMight+1","TheCursedMod:SpitefulStrike","TheCursedMod:CursedShiv","TheCursedMod:FleshFromBone","TheCursedMod:ManaBullet","TheCursedMod:CursedSpellbook","TheCursedMod:AbyssShockwave+1"],"relics":["TheCursedMod:BlackMagic101","Singing Bowl","Pantograph","TheCursedMod:BloodyHarpoon","TheCursedMod:FourLeafCloverCharm","Old Coin"],"acts_visited":["Exordium","TheCity"],"potions_floor_usage":[],"damage_taken":[{"damage":2,"enemies":"Small Slimes","floor":1,"turns":3},{"damage":0,"enemies":"Jaw Worm","floor":2,"turns":3},{"damage":1,"enemies":"Cultist","floor":3,"turns":4},{"damage":32,"enemies":"3 Sentries","floor":7,"turns":10},{"damage":0,"enemies":"Large Slime","floor":8,"turns":3},{"damage":4,"enemies":"2 Fungi Beasts","floor":11,"turns":3},{"damage":2,"enemies":"Lagavulin","floor":13,"turns":8},{"damage":19,"enemies":"Blue Slaver","floor":14,"turns":3},{"damage":31,"enemies":"The Guardian","floor":16,"turns":13},{"damage":12,"enemies":"Chosen","floor":18,"turns":5},{"damage":28,"enemies":"2 Thieves","floor":19,"turns":4},{"damage":24,"enemies":"Shelled Parasite and Fungi","floor":22,"turns":4},{"damage":8,"enemies":"Gremlin Leader","floor":24,"turns":6}],"seed_played":"7817887803813362582","potions_obtained":[{"floor":1,"key":"ColorlessPotion"},{"floor":8,"key":"SteroidPotion"},{"floor":13,"key":"LiquidBronze"},{"floor":16,"key":"Strength Potion"}],"is_trial":false,"path_per_floor":["M","M","M","?","$","R","E","M","T","$","M","R","E","M","R","B",null,"M","M","$","?","M","R","E"],"character_chosen":"THE_CURSED","items_purchased":["TheCursedMod:SpitefulPlan","TheCursedMod:SpitefulStrike","TheCursedMod:HellsGateOpen","TheCursedMod:FleshFromBone","TheCursedMod:ManaBullet"],"campfire_rested":2,"item_purchase_floors":[5,5,10,20,20],"current_hp_per_floor":[73,73,72,77,77,77,47,47,47,47,43,43,41,24,49,43,84,72,44,44,44,20,45,37,37],"gold":355,"neow_bonus":"TRANSFORM_CARD","is_daily":false,"chose_seed":false,"campfire_upgraded":2,"win_rate":0.0,"timestamp":1610599323,"path_taken":["M","M","M","?","$","R","E","M","T","$","M","R","E","M","R","BOSS","M","M","$","?","?","R","E"],"items_purchased_type":["Card","Card","Card","Card","Card"],"build_version":"2020-12-22","purchased_purges":1,"victory":false,"max_hp_per_floor":[75,75,75,80,80,80,82,82,82,82,82,82,82,84,84,84,84,84,84,84,84,84,84,84,84],"relic_stats":{"Singing Bowl":4,"counters":[13,69],"Pantograph":25,"obtain_stats":[{"TheCursedMod:BloodyHarpoon":13,"TheCursedMod:BlackMagic101":0,"TheCursedMod:FourLeafCloverCharm":17,"Singing Bowl":7,"Pantograph":9,"Old Coin":24},{"TheCursedMod:BloodyHarpoon":7,"TheCursedMod:BlackMagic101":0,"TheCursedMod:FourLeafCloverCharm":9,"Singing Bowl":4,"Pantograph":5,"Old Coin":13},{"TheCursedMod:BloodyHarpoon":34,"TheCursedMod:BlackMagic101":0,"TheCursedMod:FourLeafCloverCharm":50,"Singing Bowl":20,"Pantograph":23,"Old Coin":69}]},"card_choices":[{"not_picked":["TheCursedMod:CursedAmulet","TheCursedMod:RavingStaff"],"picked":"TheCursedMod:SmokeScreen","floor":1},{"not_picked":["TheCursedMod:SurpriseAttack","TheCursedMod:CursedAmulet"],"picked":"TheCursedMod:LuckyCharm","floor":2},{"not_picked":["TheCursedMod:VitalStrike","TheCursedMod:SurpriseAttack"],"picked":"TheCursedMod:Wield","floor":3},{"not_picked":["TheCursedMod:TroublousMinions","TheCursedMod:OutForBlood","TheCursedMod:Hemoplague"],"picked":"Singing Bowl","floor":7},{"not_picked":["TheCursedMod:Stretching","TheCursedMod:Wield"],"picked":"TheCursedMod:CursedBlade","floor":8},{"not_picked":["TheCursedMod:Torture","TheCursedMod:VitalStrike"],"picked":"TheCursedMod:Evocation","floor":11},{"not_picked":["TheCursedMod:CursedBlade","TheCursedMod:FleshFromBone"],"picked":"TheCursedMod:SpreadPlague","floor":13},{"not_picked":["TheCursedMod:SmokeScreen","TheCursedMod:Stigma","TheCursedMod:CircleOfWindfury"],"picked":"Singing Bowl","floor":14},{"not_picked":["TheCursedMod:DemonicPact","TheCursedMod:DarkBarrier"],"picked":"TheCursedMod:NeowsMight","floor":16},{"not_picked":["TheCursedMod:CircleOfBlood","TheCursedMod:CircleOfAmplification"],"picked":"TheCursedMod:SpitefulStrike","floor":18},{"not_picked":["TheCursedMod:TacticalStrike","TheCursedMod:WearCloak"],"picked":"TheCursedMod:CursedShiv","floor":19},{"not_picked":["TheCursedMod:Grudge+1","TheCursedMod:CursedAmulet"],"picked":"TheCursedMod:CursedSpellbook","floor":22},{"not_picked":["TheCursedMod:CursedBoomerang+1","TheCursedMod:Evocation"],"picked":"TheCursedMod:AbyssShockwave+1","floor":24}],"player_experience":662623,"relics_obtained":[{"floor":7,"key":"Singing Bowl"},{"floor":9,"key":"Pantograph"},{"floor":13,"key":"TheCursedMod:BloodyHarpoon"},{"floor":24,"key":"Old Coin"}],"event_choices":[{"damage_healed":0,"gold_gain":0,"player_choice":"Donut","damage_taken":0,"max_hp_gain":5,"max_hp_loss":0,"event_name":"Big Fish","floor":4,"gold_loss":0},{"damage_healed":0,"gold_gain":0,"player_choice":"Upgraded","damage_taken":0,"max_hp_gain":0,"max_hp_loss":0,"event_name":"Upgrade Shrine","floor":21,"gold_loss":0,"cards_upgraded":["TheCursedMod:NeowsMight"]}],"is_beta":false,"boss_relics":[{"not_picked":["Snecko Eye","Coffee Dripper"],"picked":"TheCursedMod:FourLeafCloverCharm"}],"items_purged_floors":[20],"is_endless":false,"potions_floor_spawned":[1,8,13,16,18],"killed_by":"Gremlin Leader","ascension_level":0}}