{"host":"9ndbo4kgsfoemf7y","time":1610617162,"event":{"mods":["AchievementEnabler","BaseMod","Colored Map","DeckTracker","Keyboard Shortcuts","Minty Spire (QoL Compilation)","Permanent Neow","Quick Restart","Relic Stats","StSLib","SuperFastMode"],"gold_per_floor":[109,126,137,157,157,157,157],"floor_reached":6,"language":"KOR","playtime":355,"items_purged":[],"score":76,"play_id":"3b6ad634-7c9b-49ca-8adc-ed36a7592e50","local_time":"20210114183922","is_ascension_mode":true,"campfire_choices":[],"circlet_count":0,"master_deck":["AscendersBane","Strike_R","Strike_R","Strike_R","Strike_R","Defend_R","Defend_R","Defend_R","Defend_R","Bash","The Bomb","Cleave","Twin Strike"],"relics":["Burning Blood"],"acts_visited":["Exordium"],"potions_floor_usage":[],"damage_taken":[{"damage":8,"enemies":"Small Slimes","floor":1,"turns":3},{"damage":1,"enemies":"Cultist","floor":2,"turns":3},{"damage":14,"enemies":"2 Louse","floor":3,"turns":2},{"damage":27,"enemies":"Blue Slaver","floor":4,"turns":5},{"damage":30,"enemies":"Lagavulin","floor":6,"turns":5}],"seed_played":"-898753732033321380","potions_obtained":[{"floor":2,"key":"GamblersBrew"}],"is_trial":false,"path_per_floor":["M","M","M","M","?","E"],"character_chosen":"IRONCLAD","items_purchased":[],"campfire_rested":0,"item_purchase_floors":[],"current_hp_per_floor":[48,53,45,24,24,0,0],"gold":157,"neow_bonus":"RANDOM_COLORLESS_2","is_daily":false,"chose_seed":false,"campfire_upgraded":0,"win_rate":0.0,"timestamp":1610617162,"path_taken":["M","M","M","M","?","E"],"items_purchased_type":[],"build_version":"2020-12-22","purchased_purges":0,"victory":false,"max_hp_per_floor":[75,75,75,75,75,75,75],"relic_stats":{"counters":[5,18],"obtain_stats":[{"Burning Blood":0},{"Burning Blood":0},{"Burning Blood":0}],"Burning Blood":24},"card_choices":[{"not_picked":["Transmutation","Thinking Ahead"],"picked":"The Bomb","floor":0},{"not_picked":["Thunderclap","Twin Strike"],"picked":"Cleave","floor":1},{"not_picked":["Reckless Charge","True Grit","Wild Strike"],"picked":"SKIP","floor":2},{"not_picked":["Cleave","Combust"],"picked":"Twin Strike","floor":3},{"not_picked":["Clash","Sword Boomerang","Heavy Blade"],"picked":"SKIP","floor":4}],"player_experience":816498,"relics_obtained":[],"event_choices":[{"cards_removed":["Strike_R"],"damage_healed":0,"gold_gain":0,"player_choice":"Purged","damage_taken":0,"max_hp_gain":0,"max_hp_loss":0,"event_name":"Purifier","floor":5,"gold_loss":0}],"is_beta":false,"boss_relics":[],"items_purged_floors":[],"is_endless":false,"potions_floor_spawned":[2],"killed_by":"Lagavulin","ascension_level":20}}