{"host":"d61fcf2p3sjwe6yo","time":1610660064,"event":{"mods":["AchievementEnabler","BaseMod","Colored Map","Minty Spire (QoL Compilation)","StSLib","SuperFastMode"],"gold_per_floor":[114,131,143,153,171,171,185,215,215,227,227,227],"floor_reached":11,"language":"ENG","playtime":427,"items_purged":[],"score":146,"play_id":"c027998d-f619-4614-9ef7-f95dce7c9a56","local_time":"20210115003424","is_ascension_mode":true,"campfire_choices":[{"data":"Dagger Spray","floor":6,"key":"SMITH"}],"circlet_count":0,"master_deck":["AscendersBane","Strike_G","Strike_G","Strike_G","Strike_G","Strike_G","Defend_G","Defend_G","Defend_G","Defend_G","Defend_G","Survivor","Neutralize","Dagger Spray+1","Noxious Fumes","Backstab"],"relics":["Ring of the Snake","Boot","Meat on the Bone"],"acts_visited":["Exordium"],"potions_floor_usage":[8,10,11],"damage_taken":[{"damage":2,"enemies":"2 Louse","floor":1,"turns":4},{"damage":6,"enemies":"Jaw Worm","floor":2,"turns":5},{"damage":1,"enemies":"Cultist","floor":3,"turns":4},{"damage":4,"enemies":"Looter","floor":4,"turns":4},{"damage":11,"enemies":"Gremlin Gang","floor":5,"turns":5},{"damage":5,"enemies":"Blue Slaver","floor":7,"turns":5},{"damage":30,"enemies":"Gremlin Nob","floor":8,"turns":5},{"damage":0,"enemies":"Large Slime","floor":10,"turns":5},{"damage":2,"enemies":"Lagavulin","floor":11,"turns":5}],"seed_played":"1710137686063692842","potions_obtained":[{"floor":2,"key":"GamblersBrew"},{"floor":4,"key":"Fire Potion"},{"floor":10,"key":"Strength Potion"}],"is_trial":false,"path_per_floor":["M","M","M","M","M","R","M","E","T","M","E"],"character_chosen":"THE_SILENT","items_purchased":[],"campfire_rested":0,"item_purchase_floors":[],"current_hp_per_floor":[63,57,56,52,41,41,36,6,6,18,16,16],"gold":227,"neow_bonus":"TEN_PERCENT_HP_BONUS","is_daily":false,"chose_seed":false,"campfire_upgraded":1,"win_rate":0.0,"timestamp":1610660064,"path_taken":["M","M","M","M","M","R","M","E","T","M","E"],"items_purchased_type":[],"build_version":"2020-12-22","purchased_purges":0,"victory":false,"max_hp_per_floor":[72,72,72,72,72,72,72,72,72,72,72,72],"card_choices":[{"not_picked":["Poisoned Stab","Backflip"],"picked":"Dagger Spray","floor":1},{"not_picked":["Concentrate","Eviscerate","Envenom"],"picked":"SKIP","floor":2},{"not_picked":["Dodge and Roll","Backflip"],"picked":"Noxious Fumes","floor":3},{"not_picked":["PiercingWail","Dagger Spray"],"picked":"Backstab","floor":4},{"not_picked":["Flying Knee","Sucker Punch","Cloak And Dagger"],"picked":"SKIP","floor":5},{"not_picked":["Quick Slash","Flying Knee","Deflect"],"picked":"SKIP","floor":7},{"not_picked":["Dodge and Roll","Poisoned Stab","Well Laid Plans"],"picked":"SKIP","floor":8},{"not_picked":["Backstab","Crippling Poison","Dodge and Roll"],"picked":"SKIP","floor":10}],"player_experience":218574,"relics_obtained":[{"floor":8,"key":"Boot"},{"floor":9,"key":"Meat on the Bone"}],"event_choices":[],"is_beta":false,"boss_relics":[],"items_purged_floors":[],"is_endless":false,"potions_floor_spawned":[2,4,5,10],"killed_by":"Lagavulin","ascension_level":17}}