{"host":"baymyijz6sxaqj5s","time":1610638964,"event":{"mods":["AchievementEnabler","BaseMod","Colored Map","Colored Powertips","DeckTracker","Highlight Path","KOR Keyword Fix","Keyboard Shortcuts","Minty Spire (QoL Compilation)","Quick Restart","StSLib","SuperFastMode"],"gold_per_floor":[114,43,43,60,80,96,96,115,138,151,151,177,191,191,191,287,287,307,295,295,312,158,158,158,171,171,131,131,131],"floor_reached":28,"language":"KOR","playtime":839,"items_purged":["Strike_G"],"score":254,"play_id":"387c9e34-ce80-45de-84a3-de7f7e9e95f9","local_time":"20210115004244","is_ascension_mode":true,"campfire_choices":[{"data":"Survivor","floor":7,"key":"SMITH"},{"floor":11,"key":"REST"},{"data":"Tactician","floor":15,"key":"SMITH"},{"floor":23,"key":"REST"}],"circlet_count":0,"master_deck":["Strike_G","Strike_G","Strike_G","Strike_G","Defend_G","Defend_G","Defend_G","Defend_G","Defend_G","Survivor+1","Neutralize","Poisoned Stab","Dash","Deadly Poison","Backflip","Leg Sweep+1","Tactician+1","Burst+1","Outmaneuver+1","Catalyst","Deflect","Crippling Poison"],"relics":["Ring of the Snake","Art of War","Bag of Marbles","Runic Pyramid","Paper Crane"],"acts_visited":["Exordium","TheCity"],"potions_floor_usage":[8,16,19,21],"damage_taken":[{"damage":7,"enemies":"2 Louse","floor":1,"turns":3},{"damage":0,"enemies":"Jaw Worm","floor":4,"turns":4},{"damage":0,"enemies":"Cultist","floor":5,"turns":4},{"damage":6,"enemies":"Looter","floor":6,"turns":3},{"damage":9,"enemies":"Gremlin Gang","floor":8,"turns":8},{"damage":15,"enemies":"3 Louse","floor":10,"turns":3},{"damage":2,"enemies":"2 Fungi Beasts","floor":13,"turns":4},{"damage":25,"enemies":"The Guardian","floor":16,"turns":13},{"damage":3,"enemies":"Shell Parasite","floor":18,"turns":10},{"damage":7,"enemies":"2 Thieves","floor":19,"turns":4},{"damage":34,"enemies":"Snake Plant","floor":21,"turns":6},{"damage":8,"enemies":"3 Cultists","floor":25,"turns":7},{"damage":36,"enemies":"Chosen and Byrds","floor":28,"turns":8}],"seed_played":"-4030516951350549138","potions_obtained":[{"floor":5,"key":"EssenceOfSteel"},{"floor":6,"key":"Strength Potion"},{"floor":10,"key":"SpeedPotion"},{"floor":13,"key":"Fire Potion"},{"floor":19,"key":"FearPotion"}],"is_trial":false,"path_per_floor":["M","$","?","M","M","M","R","M","T","M","R","T","M","$","R","B",null,"M","M","?","M","$","R","?","M","T","?","M"],"character_chosen":"THE_SILENT","items_purchased":["Dash","Crippling Poison"],"campfire_rested":2,"item_purchase_floors":[2,22],"current_hp_per_floor":[70,70,70,70,70,64,64,55,55,40,63,63,61,61,61,36,77,74,67,67,33,33,56,42,34,34,34,0,0],"gold":131,"neow_bonus":"TEN_PERCENT_HP_BONUS","is_daily":false,"chose_seed":false,"campfire_upgraded":2,"win_rate":0.0,"timestamp":1610638964,"path_taken":["M","$","?","M","M","M","R","M","T","M","R","?","?","$","R","BOSS","M","M","?","?","$","R","?","M","T","?","M"],"items_purchased_type":["Card","Card"],"build_version":"2020-12-22","purchased_purges":1,"victory":false,"max_hp_per_floor":[77,77,77,77,77,77,77,77,77,77,77,77,77,77,77,77,77,77,77,77,77,77,77,82,82,82,82,82,82],"card_choices":[{"not_picked":["Cloak And Dagger","Escape Plan"],"picked":"Poisoned Stab","floor":1},{"not_picked":["Terror","Calculated Gamble"],"picked":"Deadly Poison","floor":4},{"not_picked":["Poisoned Stab","Catalyst"],"picked":"Backflip","floor":5},{"not_picked":["Caltrops","Reflex","Dodge and Roll"],"picked":"SKIP","floor":6},{"not_picked":["Blade Dance","Concentrate"],"picked":"Leg Sweep","floor":8},{"not_picked":["Accuracy","Terror"],"picked":"Tactician","floor":10},{"not_picked":["Infinite Blades","Terror","Quick Slash"],"picked":"SKIP","floor":13},{"not_picked":["After Image","Malaise"],"picked":"Burst","floor":16},{"not_picked":["Flying Knee","Dodge and Roll"],"picked":"Outmaneuver+1","floor":18},{"not_picked":["Bouncing Flask","Prepared+1"],"picked":"Catalyst","floor":19},{"not_picked":["Poisoned Stab","Footwork"],"picked":"Deflect","floor":21},{"not_picked":["Outmaneuver","Terror","Deflect"],"picked":"SKIP","floor":25}],"player_experience":91135,"relics_obtained":[{"floor":9,"key":"Art of War"},{"floor":12,"key":"Bag of Marbles"},{"floor":26,"key":"Paper Crane"}],"event_choices":[{"damage_healed":0,"gold_gain":0,"player_choice":"Leave","damage_taken":0,"max_hp_gain":0,"max_hp_loss":0,"event_name":"The Cleric","floor":3,"gold_loss":0},{"damage_healed":0,"gold_gain":0,"player_choice":"Upgraded","damage_taken":0,"max_hp_gain":0,"max_hp_loss":0,"event_name":"Upgrade Shrine","floor":20,"gold_loss":0,"cards_upgraded":["Burst"]},{"damage_healed":0,"gold_gain":0,"player_choice":"Shed Blood","damage_taken":19,"max_hp_gain":5,"max_hp_loss":0,"event_name":"Forgotten Altar","floor":24,"gold_loss":0},{"damage_healed":0,"gold_gain":0,"player_choice":"Upgrade","damage_taken":0,"max_hp_gain":0,"max_hp_loss":0,"event_name":"Designer","floor":27,"gold_loss":40,"cards_upgraded":["Leg Sweep"]}],"is_beta":false,"boss_relics":[{"not_picked":["Pandora\u0027s Box","SacredBark"],"picked":"Runic Pyramid"}],"items_purged_floors":[22],"is_endless":false,"potions_floor_spawned":[5,6,10,13,19],"killed_by":"Chosen and Byrds","ascension_level":4}}