{"host":"eu5wvbbtjeiar27l","time":1610638505,"event":{"mods":["Astrologer","BaseMod","Colored Powertips","Conspire","Energized Spire","Hubris","Infinite Spire","Mad Scientist","Melee Mod","Minty Spire (QoL Compilation)","Potionbrewer","Rare Cards Sparkle","StSLib","The Construct","The Factory","The Jungle","The Runesmith","The Valiant","Treasure Hunter","themimic","vexMod"],"gold_per_floor":[60,60,60,73,84,112,125,125,152,171,171,198,198,42,42,142,142,155,6,6,6,17,43,43,43,43],"floor_reached":25,"language":"ENG","playtime":2227,"items_purged":["Defend_Valiant","Strike_Valiant","Strike_Valiant"],"score":229,"play_id":"1f3d23ec-a8e1-4e81-b790-431e5b4950f5","local_time":"20210114153505","is_ascension_mode":false,"campfire_choices":[{"data":"EmpoweringForce","floor":8,"key":"SMITH"},{"data":"ArchangelsBoon","floor":11,"key":"SMITH"},{"data":"BlindingLight","floor":15,"key":"SMITH"},{"data":"infinitespire:DeathsTouch","floor":24,"key":"SMITH"}],"circlet_count":0,"master_deck":["Strike_Valiant","Strike_Valiant","Defend_Valiant","Defend_Valiant","Defend_Valiant","BlindingLight+1","MinorHealing","MinorHealing","Salvation","ArchangelsBoon+1","EmpoweringForce+1","CombatDance","GracefulSiphon","GracefulSiphon","UnyieldingZeal","Salvation","TearPsyche","Vindication","CombatDance","infinitespire:DeathsTouch+1","infinitespire:DeathsTouch","BraceThePain"],"relics":["Cross Pendant","Juzu Bracelet","potionbrewer:Torch","Bag of Marbles","vexMod:TanglingVine","Du-Vu Doll","Pen Nib"],"acts_visited":["Exordium","TheCity"],"potions_floor_usage":[23,23],"damage_taken":[{"damage":29,"enemies":"Jaw Worm","floor":1,"turns":8},{"damage":2,"enemies":"Small Slimes","floor":4,"turns":6},{"damage":1,"enemies":"Cultist","floor":5,"turns":5},{"damage":107,"enemies":"Gremlin Nob","floor":6,"turns":7},{"damage":15,"enemies":"Blue Slaver","floor":7,"turns":5},{"damage":19,"enemies":"Large Slime","floor":10,"turns":5},{"damage":18,"enemies":"3 Sentries","floor":12,"turns":6},{"damage":58,"enemies":"The Guardian","floor":16,"turns":12},{"damage":9,"enemies":"3 Byrds","floor":18,"turns":3},{"damage":19,"enemies":"2 Thieves","floor":22,"turns":2},{"damage":71,"enemies":"Nightmare","floor":23,"turns":7},{"damage":82,"enemies":"Gremlin Leader","floor":25,"turns":8}],"seed_played":"-1029468269792323418","potions_obtained":[{"floor":6,"key":"Fire Potion"},{"floor":10,"key":"SkillPotion"}],"is_trial":false,"path_per_floor":["M","?","?","M","M","E","M","R","T","M","R","E","?","$","R","B",null,"M","$","?","AVR","M","NM","R","E"],"character_chosen":"TheValiant","items_purchased":["Salvation","CombatDance"],"campfire_rested":0,"item_purchase_floors":[14,19],"current_hp_per_floor":[73,73,73,100,99,10,27,27,27,42,42,52,52,52,52,83,100,98,98,72,72,59,22,22,0,0],"gold":43,"neow_bonus":"THREE_RARE_CARDS","is_daily":false,"chose_seed":false,"campfire_upgraded":4,"win_rate":0.0,"timestamp":1610638505,"path_taken":["M","?","?","M","M","E","M","R","T","M","R","E","?","$","R","BOSS","M","$","?","AVR","M","NM","R","E"],"items_purchased_type":["Card","Card"],"build_version":"2020-12-22","purchased_purges":3,"victory":false,"max_hp_per_floor":[100,100,100,100,100,100,100,100,100,100,100,100,100,100,100,100,100,100,100,100,100,100,100,100,100,100],"card_choices":[{"not_picked":["TearPsyche","TempoMaster"],"picked":"Salvation","floor":0},{"not_picked":["ItsSmitingTime","FuriousSmite"],"picked":"ArchangelsBoon","floor":1},{"not_picked":["SeekAnswers","Vindication"],"picked":"EmpoweringForce","floor":4},{"not_picked":["InsightfulPrayer","PushOnward"],"picked":"CombatDance","floor":5},{"not_picked":["SoulStrain","HolyStorm"],"picked":"GracefulSiphon","floor":6},{"not_picked":["TH:PixieDust","TH:CursedSword"],"picked":"SKIP","floor":6},{"not_picked":["FlashOfAnger","Execution"],"picked":"GracefulSiphon","floor":7},{"not_picked":["TH:Mimic","TH:ArmorSpikes"],"picked":"SKIP","floor":9},{"not_picked":["ReduceToNothing","Meaballize"],"picked":"UnyieldingZeal","floor":10},{"not_picked":["TH:DeckOfManyThings","TH:CursedSword"],"picked":"SKIP","floor":12},{"not_picked":["ZealousPersecution","Charge","RecklessSmite"],"picked":"SKIP","floor":12},{"not_picked":["TempoMaster","Salvation"],"picked":"TearPsyche","floor":16},{"not_picked":["QuickSiphon","MightBracer"],"picked":"Vindication","floor":18},{"not_picked":["infinitespire:TheBestDefense","infinitespire:FutureSight"],"picked":"infinitespire:DeathsTouch","floor":20},{"not_picked":["MercilessSmite+1","SoulStrain","CombatStance"],"picked":"SKIP","floor":22},{"not_picked":["FlashOfAnger","ZealousPersecution"],"picked":"BraceThePain","floor":23},{"not_picked":["TH:ArmorSpikes","TH:PixieDust"],"picked":"SKIP","floor":23}],"player_experience":168913,"relics_obtained":[{"floor":6,"key":"Juzu Bracelet"},{"floor":9,"key":"potionbrewer:Torch"},{"floor":12,"key":"Bag of Marbles"},{"floor":23,"key":"Pen Nib"}],"event_choices":[{"damage_healed":0,"gold_gain":0,"player_choice":"Ignored","damage_taken":0,"max_hp_gain":0,"max_hp_loss":0,"event_name":"Liars Game","floor":2,"gold_loss":0},{"damage_healed":0,"gold_gain":0,"player_choice":"Ignored","damage_taken":0,"max_hp_gain":0,"max_hp_loss":0,"event_name":"NoteForYourself","floor":3,"gold_loss":0}],"is_beta":false,"boss_relics":[{"not_picked":["energizedSpire:OgreHead","hubris:Backtick"],"picked":"vexMod:TanglingVine"}],"items_purged_floors":[14,19,21],"is_endless":false,"potions_floor_spawned":[6,10],"killed_by":"Gremlin Leader","ascension_level":0}}