{"host":"ckaco0f0uooj3awm","time":1610656190,"event":{"mods":["AchievementEnabler","BaseMod","Bestiary","Block Reminder","Colored Map","Colored Powertips","Highlight Path","Minty Spire (QoL Compilation)","Permanent Neow","Relic Stats"],"gold_per_floor":[115,24,37,57,70,95,95,128,128,128,128,155,155,184,184,287,287,302,2,2,20,20,55,55,83,109,142,142,168,178,197,197,302,302,314,324,324,336,386,417,0,0,25,25,41,66,78,104,113,113],"floor_reached":51,"language":"ENG","playtime":7985,"items_purged":["Strike_P"],"score":1294,"play_id":"37b1dae8-6a11-4639-aa2d-bc1ba656e551","local_time":"20210114212950","is_ascension_mode":true,"campfire_choices":[{"data":"JustLucky","floor":7,"key":"SMITH"},{"data":"SashWhip","floor":11,"key":"SMITH"},{"data":"CrushJoints","floor":13,"key":"SMITH"},{"data":"JustLucky","floor":15,"key":"SMITH"},{"data":"Prostrate","floor":24,"key":"SMITH"},{"data":"Weave","floor":32,"key":"SMITH"},{"data":"Prostrate","floor":44,"key":"SMITH"},{"floor":49,"key":"REST"}],"circlet_count":0,"master_deck":["Strike_P","Strike_P","Strike_P","Defend_P","Defend_P","Defend_P","Defend_P","Eruption+1","Vigilance","CrushJoints+1","Consecrate","SashWhip+1","Conclude","Consecrate","BattleHymn","JustLucky+1","Halt","FlurryOfBlows","JustLucky+1","Brilliance","Weave","Weave+1","Prostrate+1","ThirdEye+1","ClearTheMind+1","JustLucky+1","Consecrate+1","FlurryOfBlows","Prostrate+1","JustLucky+1","Consecrate"],"relics":["PureWater","Unceasing Top","Meat on the Bone","FossilizedHelix","Bird Faced Urn","Dream Catcher","Runic Dome","Bag of Marbles","Bottled Lightning","StoneCalendar","Singing Bowl","Nilry\u0027s Codex","Boot","VioletLotus","Gambling Chip","Pocketwatch","Red Mask","Potion Belt","CeramicFish","Smiling Mask"],"acts_visited":["Exordium","TheCity","TheBeyond"],"potions_floor_usage":[6,6,6,8,23,25,50,50,50,50],"damage_taken":[{"damage":0,"enemies":"Cultist","floor":1,"turns":3},{"damage":0,"enemies":"Jaw Worm","floor":3,"turns":1},{"damage":0,"enemies":"2 Louse","floor":4,"turns":2},{"damage":0,"enemies":"2 Fungi Beasts","floor":5,"turns":3},{"damage":0,"enemies":"Gremlin Nob","floor":6,"turns":2},{"damage":0,"enemies":"3 Sentries","floor":8,"turns":2},{"damage":0,"enemies":"Lagavulin","floor":12,"turns":4},{"damage":0,"enemies":"Gremlin Nob","floor":14,"turns":3},{"damage":36,"enemies":"The Guardian","floor":16,"turns":5},{"damage":0,"enemies":"3 Byrds","floor":18,"turns":3},{"damage":0,"enemies":"2 Thieves","floor":21,"turns":1},{"damage":0,"enemies":"Slavers","floor":23,"turns":2},{"damage":5,"enemies":"Book of Stabbing","floor":25,"turns":3},{"damage":0,"enemies":"Gremlin Leader","floor":27,"turns":2},{"damage":0,"enemies":"Slavers","floor":29,"turns":3},{"damage":0,"enemies":"Snake Plant","floor":30,"turns":2},{"damage":0,"enemies":"Centurion and Healer","floor":31,"turns":2},{"damage":12,"enemies":"Automaton","floor":33,"turns":6},{"damage":0,"enemies":"3 Darklings","floor":35,"turns":2},{"damage":0,"enemies":"3 Shapes","floor":36,"turns":1},{"damage":0,"enemies":"3 Darklings","floor":38,"turns":1},{"damage":20,"enemies":"Mind Bloom Boss Battle","floor":39,"turns":3},{"damage":10,"enemies":"Nemesis","floor":40,"turns":2},{"damage":0,"enemies":"Transient","floor":45,"turns":5},{"damage":0,"enemies":"Giant Head","floor":46,"turns":4},{"damage":0,"enemies":"Spire Growth","floor":47,"turns":2},{"damage":24,"enemies":"Reptomancer","floor":48,"turns":3},{"damage":37,"enemies":"Awakened One","floor":50,"turns":5}],"seed_played":"-3173983014464813408","potions_obtained":[{"floor":1,"key":"EntropicBrew"},{"floor":3,"key":"Ancient Potion"},{"floor":5,"key":"SmokeBomb"},{"floor":16,"key":"Energy Potion"},{"floor":21,"key":"Weak Potion"},{"floor":25,"key":"SteroidPotion"},{"floor":29,"key":"Fire Potion"},{"floor":31,"key":"LiquidBronze"},{"floor":35,"key":"ColorlessPotion"},{"floor":38,"key":"ColorlessPotion"},{"floor":45,"key":"SmokeBomb"},{"floor":48,"key":"Block Potion"}],"is_trial":false,"path_per_floor":["M","$","M","M","M","E","R","E","T","?","R","E","R","E","R","B",null,"M","$","?","M","?","E","R","E","T","E","?","E","M","M","R","B",null,"M","M","?","M","?","E","?","$","T","R","M","E","M","E","R","B",null],"character_chosen":"WATCHER","items_purchased":["Consecrate","SashWhip","Bag of Marbles","Weave"],"campfire_rested":1,"item_purchase_floors":[2,2,19,19],"current_hp_per_floor":[72,72,72,72,72,72,72,72,72,77,77,77,77,77,77,41,77,77,77,77,77,77,77,77,72,72,76,60,62,66,68,68,64,85,85,87,83,83,63,53,53,53,53,53,57,61,63,57,84,51],"gold":113,"neow_bonus":"UPGRADE_CARD","is_daily":false,"chose_seed":false,"campfire_upgraded":7,"win_rate":0.0,"timestamp":1610656190,"path_taken":["M","?","?","M","M","E","R","E","T","?","R","E","R","E","R","BOSS","M","$","?","M","?","E","R","E","T","E","?","E","M","M","R","BOSS","M","M","?","M","?","E","?","?","T","R","?","E","M","E","R","BOSS"],"items_purchased_type":["Card","Card","Relic","Card"],"build_version":"2020-12-22","purchased_purges":1,"victory":true,"max_hp_per_floor":[72,72,72,72,72,72,72,72,72,77,77,77,77,77,77,77,77,77,77,77,77,77,77,77,77,77,79,79,81,83,83,83,85,85,85,87,83,83,83,83,83,83,83,83,85,87,89,91,91,91],"relic_stats":{"Singing Bowl":18,"counters":[28,77],"CeramicFish":9,"StoneCalendar":[0],"Boot":[94],"Smiling Mask":0,"Dream Catcher":1,"Bird Faced Urn":[24],"Gambling Chip":[12],"VioletLotus":[6],"obtain_stats":[{"Potion Belt":43,"Singing Bowl":27,"Nilry\u0027s Codex":28,"CeramicFish":46,"StoneCalendar":25,"Boot":29,"Smiling Mask":48,"Runic Dome":17,"Dream Catcher":14,"Bird Faced Urn":12,"Gambling Chip":39,"VioletLotus":34,"Bag of Marbles":19,"Red Mask":41,"Bottled Lightning":23,"PureWater":0,"Unceasing Top":6,"FossilizedHelix":9,"Meat on the Bone":8,"Pocketwatch":40},{"Potion Belt":23,"Singing Bowl":14,"Nilry\u0027s Codex":14,"CeramicFish":25,"StoneCalendar":13,"Boot":15,"Smiling Mask":27,"Runic Dome":9,"Dream Catcher":8,"Bird Faced Urn":7,"Gambling Chip":22,"VioletLotus":18,"Bag of Marbles":10,"Red Mask":23,"Bottled Lightning":12,"PureWater":0,"Unceasing Top":5,"FossilizedHelix":6,"Meat on the Bone":6,"Pocketwatch":23},{"Potion Belt":58,"Singing Bowl":36,"Nilry\u0027s Codex":36,"CeramicFish":67,"StoneCalendar":34,"Boot":39,"Smiling Mask":72,"Runic Dome":25,"Dream Catcher":20,"Bird Faced Urn":17,"Gambling Chip":56,"VioletLotus":49,"Bag of Marbles":28,"Red Mask":58,"Bottled Lightning":31,"PureWater":0,"Unceasing Top":11,"FossilizedHelix":13,"Meat on the Bone":13,"Pocketwatch":58}],"Unceasing Top":[249],"Meat on the Bone":12,"Pocketwatch":[0]},"card_choices":[{"not_picked":["SignatureMove","Fasting2"],"picked":"CrushJoints","floor":1},{"not_picked":["Protect","CrushJoints"],"picked":"Conclude","floor":3},{"not_picked":["FollowUp","EmptyBody"],"picked":"Consecrate","floor":4},{"not_picked":["Protect","EmptyMind"],"picked":"BattleHymn","floor":5},{"not_picked":["FlurryOfBlows","WaveOfTheHand"],"picked":"JustLucky","floor":6},{"not_picked":["WreathOfFlame","FlyingSleeves"],"picked":"Halt","floor":8},{"not_picked":["Vengeance","FlyingSleeves"],"picked":"FlurryOfBlows","floor":12},{"not_picked":["Wish","Evaluate"],"picked":"JustLucky","floor":14},{"not_picked":["Judgement","MasterReality"],"picked":"Brilliance","floor":16},{"not_picked":["TalkToTheHand","SignatureMove"],"picked":"Weave","floor":18},{"not_picked":["CrushJoints","Halt"],"picked":"ThirdEye+1","floor":21},{"not_picked":["Wallop","EmptyMind"],"picked":"ClearTheMind+1","floor":23},{"not_picked":["WindmillStrike","Vengeance+1","Tantrum"],"picked":"SKIP","floor":25},{"not_picked":["CrushJoints","Alpha","ReachHeaven+1"],"picked":"Singing Bowl","floor":27},{"not_picked":["Alpha","ReachHeaven","FearNoEvil"],"picked":"Singing Bowl","floor":29},{"not_picked":["FollowUp","Evaluate","EmptyBody"],"picked":"Singing Bowl","floor":30},{"not_picked":["Swivel+1","InnerPeace"],"picked":"JustLucky+1","floor":31},{"not_picked":["Alpha","Blasphemy","ConjureBlade"],"picked":"Singing Bowl","floor":33},{"not_picked":["ThirdEye","Perseverance"],"picked":"Consecrate+1","floor":35},{"not_picked":["PathToVictory","FollowUp","SignatureMove"],"picked":"Singing Bowl","floor":36},{"not_picked":["Fasting2+1","Nirvana"],"picked":"FlurryOfBlows","floor":38},{"not_picked":["FollowUp+1","Indignation+1"],"picked":"Prostrate","floor":39},{"not_picked":["LikeWater+1","Halt+1"],"picked":"JustLucky+1","floor":40},{"not_picked":["FlyingSleeves","BowlingBash","Evaluate+1"],"picked":"Singing Bowl","floor":45},{"not_picked":["Evaluate+1","Protect+1","Vault"],"picked":"Singing Bowl","floor":46},{"not_picked":["WaveOfTheHand","Protect","Swivel+1"],"picked":"Singing Bowl","floor":47},{"not_picked":["Adaptation","Evaluate","ClearTheMind"],"picked":"Singing Bowl","floor":48},{"not_picked":["Fasting2","SashWhip"],"picked":"Consecrate","floor":49}],"player_experience":240642,"relics_obtained":[{"floor":6,"key":"Unceasing Top"},{"floor":8,"key":"Meat on the Bone"},{"floor":9,"key":"FossilizedHelix"},{"floor":12,"key":"Bird Faced Urn"},{"floor":14,"key":"Dream Catcher"},{"floor":23,"key":"Bottled Lightning"},{"floor":25,"key":"StoneCalendar"},{"floor":27,"key":"Singing Bowl"},{"floor":28,"key":"Nilry\u0027s Codex"},{"floor":29,"key":"Boot"},{"floor":39,"key":"Gambling Chip"},{"floor":40,"key":"Pocketwatch"},{"floor":43,"key":"Potion Belt"},{"floor":46,"key":"CeramicFish"},{"floor":48,"key":"Smiling Mask"}],"event_choices":[{"damage_healed":0,"gold_gain":0,"player_choice":"Donut","damage_taken":0,"max_hp_gain":5,"max_hp_loss":0,"event_name":"Big Fish","floor":10,"gold_loss":0},{"damage_healed":0,"gold_gain":0,"player_choice":"Read","damage_taken":0,"max_hp_gain":0,"max_hp_loss":0,"event_name":"The Library","floor":20,"gold_loss":0,"cards_obtained":["Prostrate"]},{"damage_healed":0,"gold_gain":0,"player_choice":"Obtained Book","damage_taken":16,"max_hp_gain":0,"max_hp_loss":0,"event_name":"Cursed Tome","floor":28,"gold_loss":0},{"damage_healed":0,"gold_gain":0,"player_choice":"Max HP","damage_taken":0,"max_hp_gain":0,"max_hp_loss":4,"event_name":"Winding Halls","floor":37,"gold_loss":0},{"damage_healed":0,"gold_gain":0,"player_choice":"Fight","damage_taken":0,"max_hp_gain":0,"max_hp_loss":0,"event_name":"MindBloom","floor":39,"gold_loss":0},{"damage_healed":0,"gold_gain":0,"player_choice":"Paid","damage_taken":0,"relics_obtained":["Red Mask"],"max_hp_gain":0,"max_hp_loss":0,"event_name":"Tomb of Lord Red Mask","floor":41,"gold_loss":417}],"is_beta":false,"boss_relics":[{"not_picked":["Runic Pyramid","Sozu"],"picked":"Runic Dome"},{"not_picked":["Astrolabe","Busted Crown"],"picked":"VioletLotus"}],"items_purged_floors":[19],"is_endless":false,"potions_floor_spawned":[1,3,5,16,21,25,29,31,35,38,40,45,48],"ascension_level":4}}