{"host":"9j9ju8r45kuhshxi","time":1610583316,"event":{"mods":["BaseMod","Colored Map","Colored Powertips","Highlight Path","Marisa（F雨　魔理沙）","Minty Spire (QoL Compilation)","Replay The Spire","Ryuuou龙王","StSLib","[功能]功能增强和修复MOD"],"gold_per_floor":[113,113,98,113,188,188,214,214,238,264,259,286,281,311,311,413,413,432,452,432,432,483,523,523,552,602,602,606,655,655,690,690,724,724,751,826,1003,1077,1077,1077,1193,1193,1243,1255,1329,1341,1384,0,12,66,78,90,120,164,246],"floor_reached":56,"language":"ZHS","playtime":2800,"items_purged":["Strike_P","Strike_P","Defend_P","Strike_P","SashWhip","Defend_P","Defend_P","Strike_P","Beam Cell","Dash+1","Crescendo"],"score":2130,"play_id":"38fbff80-4698-448c-bf0a-0b6b65db06ae","local_time":"20210114081516","is_ascension_mode":true,"campfire_choices":[{"floor":6,"key":"RECALL"},{"data":"Tantrum","floor":8,"key":"SMITH"},{"data":"SignatureMove","floor":15,"key":"SMITH"},{"data":"WindmillStrike","floor":24,"key":"SMITH"},{"data":"Midas Touch","floor":27,"key":"SMITH"},{"data":"Worship","floor":30,"key":"SMITH"},{"data":"Ragnarok","floor":32,"key":"SMITH"},{"data":"Replay:Vibes","floor":32,"key":"SMITH"},{"data":"Master of Strategy","floor":40,"key":"SMITH"},{"data":"ReplayTheSpireMod:Faulty Equipment","floor":40,"key":"SMITH"},{"data":"Pray","floor":42,"key":"SMITH"},{"data":"ForeignInfluence","floor":42,"key":"SMITH"},{"data":"EmptyFist","floor":44,"key":"SMITH"},{"data":"ReachHeaven","floor":44,"key":"SMITH"},{"data":"FlurryOfBlows","floor":46,"key":"SMITH"},{"data":"ThirdEye","floor":46,"key":"SMITH"},{"data":"Vigilance","floor":49,"key":"SMITH"},{"data":"Protect","floor":49,"key":"SMITH"},{"data":"Protect","floor":52,"key":"SMITH"},{"data":"Replay:LoomingThreat","floor":52,"key":"SMITH"}],"circlet_count":0,"master_deck":["Eruption","Vigilance+1","Tantrum+1","Replay:Vibes+1","EmptyFist+1","Weave","Worship+1","Ragnarok+1","Crescendo","Apotheosis","Protect+1","SignatureMove+1","ForeignInfluence+1","Protect+1","Replay:LoomingThreat+1","Adaptation","Midas Touch+1","WindmillStrike+1","FlurryOfBlows+1","Pray+1","ThirdEye+1","CrushJoints+1","Protect+1","Master of Strategy+1","ReachHeaven+1","Consecrate+1","Devotion","SandsOfTime+1"],"relics":["PureWater","NeowsBlessing","Replay:Purple Gloves","Strange Spoon","Juzu Bracelet","Pantograph","Divine Protection","Cauldron","Quantum Egg","Gremlin Food","Bottled Lightning","PrismaticShard","StrikeDummy","Pet Ghost","Bag of Preparation","SlaversCollar","BargainBundle","PreservedInsect","Replay:Baseball","ReplayTheSpireMod:Ring of Challenge","Ring of Misfortune","Pen Nib","CeramicFish","Replay:Bandana","Vajra","Medical Kit","TeardropLocket","Darkstone Periapt","Blue Doll","Replay:Arrowhead","SacredBark","ReplayTheSpireMod:CursedCoin","Anchor","InkBottle","MawBank","Eternal Feather","Red Mask","Membership Card","Pondfish Scales","Art of War","Bag of Marbles"],"acts_visited":["Exordium","TheCity","TheBeyond","TheEnding"],"potions_floor_usage":[4,10,10,10,10,12,16,25,33,36,38,50,55],"damage_taken":[{"damage":0,"enemies":"Jaw Worm","floor":1,"turns":1},{"damage":0,"enemies":"Small Slimes","floor":4,"turns":1},{"damage":0,"enemies":"Gremlin Nob","floor":7,"turns":1},{"damage":0,"enemies":"Replay:BlueRogue","floor":10,"turns":1},{"damage":0,"enemies":"3 Sentries","floor":12,"turns":2},{"damage":0,"enemies":"Replay:BlueRogue","floor":14,"turns":2},{"damage":4,"enemies":"Hexaghost","floor":16,"turns":2},{"damage":0,"enemies":"Shell Parasite","floor":18,"turns":1},{"damage":0,"enemies":"Chosen","floor":19,"turns":1},{"damage":0,"enemies":"Replay:Snechameleon","floor":23,"turns":1},{"damage":0,"enemies":"Gremlin Leader","floor":25,"turns":2},{"damage":0,"enemies":"Replay:Snechameleon","floor":29,"turns":1},{"damage":0,"enemies":"Book of Stabbing","floor":31,"turns":2},{"damage":16,"enemies":"Pondfish","floor":33,"turns":5},{"damage":0,"enemies":"Orb Walker","floor":35,"turns":1},{"damage":0,"enemies":"3 Darklings","floor":36,"turns":1},{"damage":0,"enemies":"Spire Growth","floor":38,"turns":1},{"damage":6,"enemies":"Maw","floor":41,"turns":4},{"damage":0,"enemies":"R_Hoarder","floor":45,"turns":1},{"damage":0,"enemies":"3 Darklings","floor":47,"turns":2},{"damage":21,"enemies":"Time Eater","floor":50,"turns":3},{"damage":20,"enemies":"Shield and Spear","floor":54,"turns":2},{"damage":0,"enemies":"The Heart","floor":55,"turns":3}],"seed_played":"-9066953084131281355","potions_obtained":[{"floor":1,"key":"SkillPotion"},{"floor":1,"key":"BottledMiracle"},{"floor":4,"key":"AttackPotion"},{"floor":7,"key":"EntropicBrew"},{"floor":10,"key":"SpeedPotion"},{"floor":10,"key":"Elixir"},{"floor":11,"key":"AttackPotion"},{"floor":11,"key":"Flashbang"},{"floor":16,"key":"ColorlessPotion"},{"floor":22,"key":"Elixir"},{"floor":25,"key":"BlessingOfTheForge"},{"floor":33,"key":"LiquidBronze"},{"floor":35,"key":"AttackPotion"},{"floor":36,"key":"BlessingOfTheForge"},{"floor":36,"key":"FairyPotion"},{"floor":38,"key":"Strength Potion"}],"is_trial":false,"path_per_floor":["M","?","$","M","?","R","E","R","T","E","$","E","$","E","R","B",null,"M","M","$","?","?","E","R","E","T","R","$","E","R","E","R","B",null,"M","M","$","M","?","R","M","R","T","R","E","R","M","?","R","B",null,"R","$","E","B",null],"character_chosen":"WATCHER","items_purchased":["Replay:Purple Gloves","Strange Spoon","Juzu Bracelet","Crescendo","Replay:Vibes","Swift Potion","EmptyFist","SashWhip","Cauldron","Quantum Egg","Gremlin Food","Crescendo","Apotheosis","PrismaticShard","StrikeDummy","Pet Ghost","SignatureMove","ForeignInfluence","Protect","Death Potion","BargainBundle","PreservedInsect","Replay:Baseball","Adaptation","Midas Touch","WindmillStrike","FlurryOfBlows","Pray","Fire Potion","Medical Kit","TeardropLocket","Darkstone Periapt","Wireheading","ReplayTheSpireMod:CursedCoin","Anchor","InkBottle","Protect+1","Master of Strategy","Membership Card","Pondfish Scales","Art of War","Devotion","SandsOfTime+1","FearPotion","AttackPotion","AttackPotion"],"campfire_rested":0,"item_purchase_floors":[3,3,3,3,3,3,3,3,11,11,11,11,11,13,13,13,13,13,13,13,20,20,20,20,20,20,20,20,20,28,28,28,28,37,37,37,37,37,53,53,53,53,53,53,53,53],"current_hp_per_floor":[72,72,72,72,61,61,61,61,61,61,61,61,61,61,61,68,72,72,72,72,72,54,54,54,54,54,54,54,54,54,54,54,56,72,72,72,78,78,78,78,72,72,72,72,72,78,78,78,78,57,78,78,78,58,78],"gold":246,"neow_bonus":"THREE_ENEMY_KILL","is_daily":false,"chose_seed":false,"campfire_upgraded":19,"win_rate":0.0,"timestamp":1610583316,"path_taken":["M","?","$","M","?","R","E","R","T","E","$","E","$","E","R","BOSS","M","M","$","?","?","E","R","E","T","R","$","E","R","E","R","BOSS","M","M","$","M","?","R","M","R","T","R","E","R","M","?","R","BOSS","R","$","E","BOSS"],"items_purchased_type":["Relic","Relic","Relic","Card","Card","Potion","Card","Card","Relic","Relic","Relic","Card","Card","Relic","Relic","Relic","Card","Card","Card","Potion","Relic","Relic","Relic","Card","Card","Card","Card","Card","Potion","Relic","Relic","Relic","Card","Relic","Relic","Relic","Card","Card","Relic","Relic","Relic","Card","Card","Potion","Potion","Potion"],"build_version":"2020-12-22","purchased_purges":11,"victory":true,"max_hp_per_floor":[72,72,72,72,72,72,72,72,72,72,72,72,72,72,72,72,72,72,72,72,72,72,72,72,72,72,72,72,72,72,72,72,72,72,72,72,78,78,78,78,78,78,78,78,78,78,78,78,78,78,78,78,78,78,78],"card_choices":[{"not_picked":["EmptyBody","DeceiveReality"],"picked":"Tantrum","floor":1},{"not_picked":["InnerPeace","Evaluate"],"picked":"Weave","floor":4},{"not_picked":["JustLucky","Replay:ManipulateFuture"],"picked":"Worship","floor":7},{"not_picked":["Replay:BluntJabs","Perseverance"],"picked":"Ragnarok","floor":10},{"not_picked":["Wireheading","Crescendo"],"picked":"Protect","floor":12},{"not_picked":["Purity","Electrodynamics"],"picked":"Beam Cell","floor":14},{"not_picked":["SuperNova","DevaForm"],"picked":"Replay:LoomingThreat","floor":16},{"not_picked":["Acrobatics","Setup+1"],"picked":"Dash+1","floor":18},{"not_picked":["Perfected Strike","Body Slam","Run Through"],"picked":"SKIP","floor":19},{"not_picked":["DarkSpark","StarBarrage"],"picked":"ThirdEye","floor":22},{"not_picked":["WindmillStrike","HandOfGreedLower"],"picked":"CrushJoints+1","floor":23},{"not_picked":["Intimidate+1","Bane","Capacitor"],"picked":"SKIP","floor":25},{"not_picked":["Infinite Blades","Evaluate","WitchLeyline+1"],"picked":"SKIP","floor":29},{"not_picked":["Exhume","DC","Flex"],"picked":"SKIP","floor":31},{"not_picked":["Headbutt+1","6A+1","Replay:Bootleg Shield Generator+1"],"picked":"SKIP","floor":35},{"not_picked":["Flying Knee+1","Perfected Strike","Hidden Blade"],"picked":"SKIP","floor":36},{"not_picked":["Prepared","Ghostly Armor+1","Deadly Poison+1"],"picked":"SKIP","floor":38},{"not_picked":["Prepared+1","Anger"],"picked":"ReachHeaven","floor":41},{"not_picked":["ShootTheMoon","UnstableBomb+1"],"picked":"Consecrate+1","floor":45},{"not_picked":["MagicChant","Sword Boomerang+1","SashWhip+1"],"picked":"SKIP","floor":47},{"not_picked":["DarkMatter","Rainbow","Pommel Strike+1"],"picked":"SKIP","floor":54}],"player_experience":109002,"relics_obtained":[{"floor":7,"key":"Pantograph"},{"floor":10,"key":"Divine Protection"},{"floor":12,"key":"Bottled Lightning"},{"floor":14,"key":"Bag of Preparation"},{"floor":21,"key":"ReplayTheSpireMod:Ring of Challenge"},{"floor":21,"key":"Ring of Misfortune"},{"floor":22,"key":"Pen Nib"},{"floor":23,"key":"CeramicFish"},{"floor":25,"key":"Replay:Bandana"},{"floor":26,"key":"Vajra"},{"floor":29,"key":"Blue Doll"},{"floor":31,"key":"Replay:Arrowhead"},{"floor":43,"key":"MawBank"},{"floor":45,"key":"Eternal Feather"},{"floor":54,"key":"Bag of Marbles"}],"event_choices":[{"damage_healed":0,"gold_gain":75,"player_choice":"Gather Gold","damage_taken":11,"max_hp_gain":0,"max_hp_loss":0,"event_name":"World of Goop","floor":5,"gold_loss":0},{"cards_removed":["Wireheading"],"damage_healed":0,"gold_gain":0,"player_choice":"Removed Power","damage_taken":0,"max_hp_gain":0,"max_hp_loss":0,"event_name":"Falling","floor":39,"gold_loss":0},{"damage_healed":0,"gold_gain":0,"player_choice":"Paid","damage_taken":0,"relics_obtained":["Red Mask"],"max_hp_gain":0,"max_hp_loss":0,"event_name":"Tomb of Lord Red Mask","floor":48,"gold_loss":1396}],"is_beta":false,"boss_relics":[{"not_picked":["ChewingGum","Replay:Drink Me"],"picked":"SlaversCollar"},{"not_picked":["Snecko Eye","Pandora\u0027s Box"],"picked":"SacredBark"}],"items_purged_floors":[3,3,3,11,13,20,20,20,20,20,28],"is_endless":false,"potions_floor_spawned":[1,1,4,4,7,10,10,10,14,16,16,16,18,23,23,25,25,25,29,29,31,33,35,36,36,38,41,41,45,45,47,54,54],"ascension_level":3}}