{"host":"1cd1aqaox6jesai3","time":1610604237,"event":{"mods":["Act Like it!","Arknights The Spire","Astrologer","Bartender","BaseMod","Colored Powertips","Googly Eyes","Hallownest","Infinite Spire","Mimic Mod","Minty Spire (QoL Compilation)","Replay The Spire","StSLib","The Bladedancer","The Bug Knight","The Construct","The Factory","The Hierophant"],"gold_per_floor":[118,118,136,154,173,205,205,215,215,241,241,257,286,304,304,405,405,422,497,516,516,549,549,549],"floor_reached":23,"language":"ENG","playtime":1395,"items_purged":[],"score":238,"play_id":"4718d787-2b5b-4196-ab13-65aa9d1d72d9","local_time":"20210114010357","is_ascension_mode":false,"campfire_choices":[{"data":"blademaster:BladeMastery","floor":7,"key":"SMITH"},{"data":"blademaster:Havoc","floor":11,"key":"SMITH"},{"data":"blademaster:SharpBlades","floor":15,"key":"SMITH"}],"circlet_count":0,"master_deck":["blademaster:Strike","blademaster:Strike","blademaster:Strike","blademaster:Strike","blademaster:Defend","blademaster:Defend","blademaster:Defend","blademaster:RagingBlow","blademaster:HighVoltage","blademaster:BladeMastery+1","blademaster:Flurry","blademaster:Flurry","blademaster:ThunderingOpener","blademaster:Vortex","blademaster:Havoc+1","blademaster:AwakeningStrike","blademaster:CombatPrep","blademaster:SharpBlades+1","blademaster:Quickstep","blademaster:CloudOfSteel","blademaster:EyeOfTheTornado","blademaster:EyeOfTheStorm"],"relics":["blademaster:DancersAmulet","NeowsBlessing","infinitespire:Lychee Nut","Strawberry","Happy Flower","Replay:WaspNest","construct:WeddingRing","Red Mask"],"acts_visited":["Exordium","TheCity"],"potions_floor_usage":[6,10,13,13],"damage_taken":[{"damage":0,"enemies":"2 Louse","floor":1,"turns":1},{"damage":0,"enemies":"Cultist","floor":3,"turns":2},{"damage":0,"enemies":"Small Slimes","floor":4,"turns":1},{"damage":21,"enemies":"3 Louse","floor":5,"turns":3},{"damage":18,"enemies":"3 Sentries","floor":6,"turns":6},{"damage":7,"enemies":"Blue Slaver","floor":8,"turns":3},{"damage":11,"enemies":"Lagavulin","floor":10,"turns":5},{"damage":10,"enemies":"Looter","floor":12,"turns":3},{"damage":0,"enemies":"Gremlin Nob","floor":13,"turns":3},{"damage":11,"enemies":"Lots of Slimes","floor":14,"turns":3},{"damage":26,"enemies":"Hexaghost","floor":16,"turns":5},{"damage":20,"enemies":"Shell Parasite","floor":18,"turns":4},{"damage":22,"enemies":"2 Thieves","floor":20,"turns":3},{"damage":25,"enemies":"Masked Bandits","floor":22,"turns":4},{"damage":10,"enemies":"Nightmare","floor":23,"turns":4}],"seed_played":"-5210174128668065350","potions_obtained":[{"floor":3,"key":"PowerPotion"},{"floor":6,"key":"Elixir"},{"floor":8,"key":"Block Potion"},{"floor":10,"key":"Reflective Coating"},{"floor":12,"key":"Weak Potion"},{"floor":20,"key":"Elixir"},{"floor":22,"key":"Milkshake"}],"is_trial":false,"path_per_floor":["M","?","M","M","M","E","R","M","T","E","R","M","E","M","R","B",null,"M","?","M","?","?","NM"],"character_chosen":"THE_BLADEMASTER","items_purchased":[],"campfire_rested":0,"item_purchase_floors":[],"current_hp_per_floor":[75,75,75,75,54,36,36,34,41,36,36,31,36,30,30,10,63,46,40,23,23,4,0,0],"gold":549,"neow_bonus":"THREE_ENEMY_KILL","is_daily":false,"chose_seed":false,"campfire_upgraded":3,"win_rate":0.0,"timestamp":1610604237,"path_taken":["M","?","?","M","M","E","R","M","T","E","R","M","E","M","R","BOSS","M","?","?","?","?","NM"],"items_purchased_type":[],"build_version":"2020-12-22","purchased_purges":0,"victory":false,"max_hp_per_floor":[75,75,75,75,75,56,56,56,63,63,63,63,63,63,63,63,63,63,63,63,63,63,63,63],"card_choices":[{"not_picked":["blademaster:DaggerAndCloak","blademaster:CombatPrep"],"picked":"blademaster:BladeMastery","floor":1},{"not_picked":["blademaster:Rupture","blademaster:AirSlash"],"picked":"blademaster:Flurry","floor":3},{"not_picked":["blademaster:Frontflip","blademaster:ChargingUp"],"picked":"blademaster:Flurry","floor":4},{"not_picked":["blademaster:AspectOfLightning","blademaster:CombatPrep"],"picked":"blademaster:ThunderingOpener","floor":5},{"not_picked":["blademaster:KiBarrier","blademaster:LightningCrash"],"picked":"blademaster:Vortex","floor":6},{"not_picked":["blademaster:Cut","blademaster:BloodyBlow"],"picked":"blademaster:Havoc","floor":8},{"not_picked":["blademaster:DragonStrike","blademaster:Quickness"],"picked":"blademaster:AwakeningStrike","floor":10},{"not_picked":["blademaster:AwakeningDefend","blademaster:FuryOfTheElements"],"picked":"blademaster:CombatPrep","floor":12},{"not_picked":["blademaster:CloudOfSteel","blademaster:Cut"],"picked":"blademaster:SharpBlades","floor":13},{"not_picked":["blademaster:AirSlash","blademaster:AwakeningDefend"],"picked":"blademaster:Quickstep","floor":14},{"not_picked":["blademaster:ThreePointStrike","blademaster:BladeDance"],"picked":"blademaster:CloudOfSteel","floor":16},{"not_picked":["blademaster:Stability","blademaster:Momentum"],"picked":"blademaster:EyeOfTheTornado","floor":18},{"not_picked":["blademaster:Frontflip","blademaster:AspectOfWind"],"picked":"blademaster:EyeOfTheStorm","floor":20}],"player_experience":165426,"relics_obtained":[{"floor":6,"key":"blademaster:StrongPerk"},{"floor":6,"key":"infinitespire:Lychee Nut"},{"floor":9,"key":"Strawberry"},{"floor":10,"key":"Happy Flower"},{"floor":10,"key":"blademaster:BleedingMoreDamagePerk"},{"floor":13,"key":"Replay:WaspNest"},{"floor":13,"key":"blademaster:WindChargePerk"},{"floor":22,"key":"Red Mask"}],"event_choices":[{"cards_removed":["blademaster:Defend"],"damage_healed":0,"gold_gain":0,"player_choice":"Purged","damage_taken":0,"max_hp_gain":0,"max_hp_loss":0,"event_name":"Purifier","floor":2,"gold_loss":0},{"damage_healed":0,"gold_gain":75,"player_choice":"Touch","damage_taken":6,"max_hp_gain":0,"max_hp_loss":0,"event_name":"FaceTrader","floor":19,"gold_loss":0},{"damage_healed":0,"gold_gain":0,"player_choice":"Ignored","damage_taken":0,"max_hp_gain":0,"max_hp_loss":0,"event_name":"Vampires","floor":21,"gold_loss":0},{"damage_healed":0,"gold_gain":0,"player_choice":"Fought Bandits","damage_taken":0,"max_hp_gain":0,"max_hp_loss":0,"event_name":"Masked Bandits","floor":22,"gold_loss":0}],"is_beta":false,"boss_relics":[{"not_picked":["Tiny House","Honey Jar"],"picked":"construct:WeddingRing"}],"items_purged_floors":[],"is_endless":false,"potions_floor_spawned":[3,6,8,10,12,20,22],"killed_by":"Nightmare","ascension_level":0}}