{"host":"eeuhgv8goqdjv4ip","time":1610643609,"event":{"mods":["2.2 Compatiblity","AchievementEnabler","BaseMod","Challenge The Spire","Colored Map","Colored Powertips","Conspire","Custom Start","Dark Map","Hubris","Infinite Spire","Marisa????????","Minty Spire (QoL Compilation)","Permanent Neow","Quick Restart","Replay The Spire","SIMod","StSLib","The Animator","The Saiyan","The Servant 0.9.4","The Wild Card"],"gold_per_floor":[28,28,28,47,47,47,66,145,170,221,238,238,24,51,51,147,172,199,289,46,66,66,66,66,96,121,181,220,220,272,291,291,387,412,432,456,8,26,26,86,86,145,220,277,294,319,329,380,380,380],"floor_reached":51,"language":"ENG","playtime":7727,"items_purged":["animator:Strike","animator:Defend","animator:Defend"],"score":1127,"play_id":"d0664d69-ab40-41b2-8970-622e346cae0b","local_time":"20210114130009","is_ascension_mode":true,"campfire_choices":[{"data":"animator:Rider","floor":6.0,"key":"SMITH"},{"floor":12.0,"key":"REST"},{"floor":15.0,"key":"REST"},{"data":"animator:Darkness","floor":23.0,"key":"SMITH"},{"floor":29.0,"key":"REST"},{"data":"animator:Lancer","floor":32.0,"key":"SMITH"},{"data":"animator:Berserker","floor":41,"key":"SMITH"},{"data":"animator:Saber","floor":49,"key":"SMITH"}],"circlet_count":0,"master_deck":["animator:Strike_Fate","animator:Defend_Fate+1","animator:Alexander+1","animator:Rider+1","animator:IzunaHatsuse+1","animator:Gilgamesh+14","animator:Kyubey","animator:JeanneDArc+1","animator:SuzuneAmano+1","animator:Kuribayashi+1","animator:DolaRiku","animator:Berserker+1","animator:Saber+1","animator:RinTohsaka+1","animator:Lancer+1","animator:Darkness+1","infinitespire:Collect","animator:Priestess","animator:ShinjiMatou+1","animator:EmiyaShirou+1","animator:SwordMaiden+1","animator:Saber","animator:ShinjiMatou+1","animator:Spearman","animator:LizardPriest+1","animator:RinTohsaka+1","animator:Illya+1","animator:NagisaMomoe","animator:Illya","animator:Caster+1","animator:EmiyaShirou+1"],"relics":["animator:VividPicture","animator:TheMissingPiece","Gremlin Food","animator:CursedGlyph","animator:Hoodie","Paper Frog","Membership Card","Sling","Akabeko","Pondfish Scales","Pantograph","The Courier","ChewingGum","Charon\u0027s Ashes","Replay:Ringing Soul","Whetstone","Mirror","Bird Faced Urn","War Paint","hubris:MysteriousPyramids","Chameleon Ring","Iron Hammer"],"acts_visited":["Exordium","TheCity","TheBeyond"],"potions_floor_usage":[48],"damage_taken":[{"damage":9.0,"enemies":"Jaw Worm","floor":1.0,"turns":3.0},{"damage":0.0,"enemies":"Cultist","floor":4.0,"turns":3.0},{"damage":8.0,"enemies":"2 Louse","floor":7.0,"turns":2.0},{"damage":38.0,"enemies":"Gremlin Nob","floor":8.0,"turns":5.0},{"damage":12.0,"enemies":"3 Sentries","floor":10.0,"turns":8.0},{"damage":10.0,"enemies":"Lots of Slimes","floor":11.0,"turns":8.0},{"damage":0.0,"enemies":"Red Slaver","floor":14.0,"turns":3.0},{"damage":11.0,"enemies":"The Guardian","floor":16.0,"turns":11.0},{"damage":0.0,"enemies":"Spheric Guardian","floor":18.0,"turns":2.0},{"damage":1.0,"enemies":"Shell Parasite","floor":21.0,"turns":5.0},{"damage":0.0,"enemies":"conspire:HollyBat","floor":25.0,"turns":4.0},{"damage":0.0,"enemies":"Book of Stabbing","floor":27.0,"turns":4.0},{"damage":0.0,"enemies":"Snake Plant","floor":28.0,"turns":4.0},{"damage":0.0,"enemies":"Replay:Snechameleon","floor":30.0,"turns":2.0},{"damage":0.0,"enemies":"3 Cultists","floor":31.0,"turns":5.0},{"damage":20.0,"enemies":"hubris:MusketHawk","floor":33.0,"turns":9.0},{"damage":0.0,"enemies":"3 Shapes","floor":35.0,"turns":5.0},{"damage":0.0,"enemies":"Orb Walker","floor":36.0,"turns":2.0},{"damage":0.0,"enemies":"4 Shapes","floor":38.0,"turns":4.0},{"damage":0,"enemies":"Reptomancer","floor":40,"turns":3},{"damage":0,"enemies":"R_Hoarder","floor":42,"turns":4},{"damage":0,"enemies":"Giant Head","floor":44,"turns":5},{"damage":3,"enemies":"Spire Growth","floor":45,"turns":3},{"damage":0,"enemies":"Writhing Mass","floor":47,"turns":3},{"damage":2,"enemies":"Nemesis","floor":48,"turns":7},{"damage":61,"enemies":"Awakened One","floor":50,"turns":12}],"seed_played":"1332957589965594966","potions_obtained":[{"floor":1.0,"key":"Adrenaline Potion"},{"floor":11.0,"key":"FearPotion"},{"floor":16.0,"key":"DistilledChaos"},{"floor":21.0,"key":"DistilledChaos"},{"floor":28.0,"key":"Milkshake"},{"floor":31.0,"key":"SpeedPotion"},{"floor":33.0,"key":"SkillPotion"},{"floor":35.0,"key":"FearPotion"},{"floor":38.0,"key":"Reflective Coating"},{"floor":48,"key":"FairyPotion"}],"is_trial":false,"path_per_floor":["M","?","?","M","?","R","M","E","T","E","M","R","$","M","R","B",null,"M","?","$","M","?","R","?","M","T","E","M","R","E","M","R_BF","B",null,"M","M","$","M","?","E","R","E","T","E","M","?","M","E","R","B",null],"character_chosen":"THE_ANIMATOR","items_purchased":["Membership Card","animator:DolaRiku","animator:Lancer","Sling","Akabeko","animator:LizardPriest+1","Charon\u0027s Ashes","Replay:Ringing Soul","Whetstone","Mirror"],"campfire_rested":3,"item_purchase_floors":[13,13,20,20,20,37,37,37,37,37],"current_hp_per_floor":[57,57,57,57,57,57,49,11,11,11,13,31,31,34,53,43,66,69,51,51,50,50,50,32,35,35,39,42,65,69,72,72,66,86,89,92,92,98,98,106,106,112,112,118,115,115,121,124,124,68],"gold":380,"neow_bonus":"REMOVE_TWO","is_daily":false,"chose_seed":false,"campfire_upgraded":5,"win_rate":0.0,"timestamp":1610643609,"path_taken":["M","?","?","?","?","R","?","E","T","E","M","R","?","M","R","BOSS","M","?","?","M","?","R","?","M","T","E","M","R","E","M","R_BF","BOSS","M","M","$","M","?","E","R","E","T","E","M","?","M","E","R","BOSS"],"items_purchased_type":["Relic","Card","Card","Relic","Relic","Card","Relic","Relic","Relic","Relic"],"build_version":"2020-12-22","purchased_purges":3,"victory":true,"max_hp_per_floor":[66,66,66,66,66,66,66,62,62,62,62,62,62,65,65,66,66,69,69,69,69,69,69,69,72,72,76,79,79,83,86,86,86,86,89,92,92,98,98,106,106,112,112,118,118,118,124,127,127,127],"card_choices":[{"not_picked":["animator:Arpeggio","animator:SilverFang"],"picked":"animator:Genos","floor":1.0},{"not_picked":["animator:Tyuule","animator:Rider"],"picked":"animator:IzunaHatsuse","floor":4.0},{"not_picked":["animator:Tyuule","animator:Assassin"],"picked":"animator:Kyubey","floor":7.0},{"not_picked":["animator:Rider","animator:SakuraMatou"],"picked":"animator:JeanneDArc","floor":8.0},{"not_picked":["animator:Bozes","animator:DolaRiku"],"picked":"animator:SuzuneAmano","floor":10.0},{"not_picked":["animator:ChlammyZell","animator:KyokoSakura"],"picked":"animator:Kuribayashi","floor":11.0},{"not_picked":["animator:Priestess","animator:DwarfShaman"],"picked":"animator:Berserker","floor":14.0},{"not_picked":["animator:GoblinSlayer","animator:HomuraAkemi"],"picked":"animator:Saber","floor":16.0},{"not_picked":["animator:SakuraMatou","animator:Assassin"],"picked":"animator:RinTohsaka","floor":18.0},{"not_picked":["animator:Rider","animator:SayakaMiki+1"],"picked":"animator:Darkness","floor":21.0},{"not_picked":["infinitespire:DeathsTouch","infinitespire:TheBestDefense"],"picked":"infinitespire:Collect","floor":24.0},{"not_picked":["animator:DwarfShaman","animator:Tet"],"picked":"animator:Priestess","floor":25.0},{"not_picked":["animator:TukaLunaMarceau","animator:Tet"],"picked":"animator:ShinjiMatou+1","floor":27.0},{"not_picked":["animator:Alexander","animator:Caster"],"picked":"animator:EmiyaShirou","floor":28.0},{"not_picked":["animator:Kazuma","animator:SuzuneAmano"],"picked":"animator:SwordMaiden","floor":30.0},{"not_picked":["animator:DolaSchwi","animator:Jibril+1","animator:FielNirvalen"],"picked":"SKIP","floor":31.0},{"not_picked":["animator:Kyubey","animator:Wiz"],"picked":"animator:Saber","floor":33.0},{"not_picked":["animator:SilverFang","animator:DwarfShaman"],"picked":"animator:ShinjiMatou+1","floor":35.0},{"not_picked":["animator:DwarfShaman","animator:CowGirl"],"picked":"animator:Spearman","floor":36.0},{"not_picked":["animator:Bozes+1","animator:Kuribayashi+1"],"picked":"animator:RinTohsaka+1","floor":38.0},{"not_picked":["animator:SwordMaiden","animator:LizardPriest+1"],"picked":"animator:Illya+1","floor":40},{"not_picked":["animator:YachiyoNanami+1","animator:Sonic+1"],"picked":"animator:NagisaMomoe","floor":42},{"not_picked":["animator:SakuraMatou","animator:Caster"],"picked":"animator:Illya","floor":44},{"not_picked":["animator:Kazuma","animator:YunYun","animator:Vanir"],"picked":"SKIP","floor":45},{"not_picked":["animator:DolaCouronne+1","animator:Geryuganshoop+1"],"picked":"animator:Caster+1","floor":47},{"not_picked":["animator:DwarfShaman","animator:ShinjiMatou"],"picked":"animator:EmiyaShirou+1","floor":48}],"player_experience":493055,"relics_obtained":[{"floor":8.0,"key":"Gremlin Food"},{"floor":8.0,"key":"animator:CursedGlyph"},{"floor":9.0,"key":"animator:Hoodie"},{"floor":10.0,"key":"Paper Frog"},{"floor":26.0,"key":"Pondfish Scales"},{"floor":27.0,"key":"Pantograph"},{"floor":30.0,"key":"The Courier"},{"floor":40,"key":"Bird Faced Urn"},{"floor":42,"key":"War Paint"},{"floor":44,"key":"hubris:MysteriousPyramids"},{"floor":48,"key":"Iron Hammer"}],"event_choices":[{"damage_healed":0.0,"max_hp_gain":0.0,"max_hp_loss":0.0,"gold_gain":0.0,"event_name":"Living Wall","player_choice":"Grow","floor":2.0,"gold_loss":0.0,"damage_taken":0.0,"cards_upgraded":["animator:Alexander"]},{"damage_healed":0.0,"max_hp_gain":0.0,"max_hp_loss":0.0,"gold_gain":0.0,"event_name":"Upgrade Shrine","player_choice":"Upgraded","floor":3.0,"gold_loss":0.0,"damage_taken":0.0,"cards_upgraded":["animator:Genos"]},{"damage_healed":0.0,"max_hp_gain":0.0,"max_hp_loss":0.0,"gold_gain":0.0,"cards_transformed":["animator:Strike"],"event_name":"Transmorgrifier","player_choice":"Transformed","floor":5.0,"gold_loss":0.0,"damage_taken":0.0,"cards_obtained":["animator:Gilgamesh"]},{"damage_healed":0.0,"max_hp_gain":0.0,"max_hp_loss":0.0,"gold_gain":90.0,"event_name":"Knowing Skull","player_choice":"GOLD POTION ","floor":19.0,"potions_obtained":["Flashbang"],"gold_loss":0.0,"damage_taken":18.0,"cards_obtained":[]},{"damage_healed":0.0,"max_hp_gain":0.0,"max_hp_loss":0.0,"gold_gain":0.0,"event_name":"conspire:Investor","player_choice":"Leave","floor":22.0,"gold_loss":0.0,"damage_taken":0.0},{"cards_removed":["animator:Genos"],"damage_healed":0,"gold_gain":0,"player_choice":"Gave Card","damage_taken":0,"relics_obtained":["Chameleon Ring"],"max_hp_gain":0,"max_hp_loss":0,"event_name":"WeMeetAgain","floor":46,"gold_loss":0}],"is_beta":false,"boss_relics":[{"not_picked":["hubris:Stopwatch","Coffee Dripper"],"picked":"animator:VividPicture"},{"not_picked":["Tiny House","Empty Cage"],"picked":"ChewingGum"}],"items_purged_floors":[13,20,37],"is_endless":false,"potions_floor_spawned":[1,11,16,21,28,31,33,35,38,40,48],"ascension_level":3}}