{"host":"2jftgrhdogeeegvp","time":1610614886,"event":{"mods":["Act Like it!","Arknights The Spire","BaseMod","Colored Map","Downfall","Gensokyo","Marisa£®ÏF”Í°°ƒß¿Ì…≥£©","Minty Spire (QoL Compilation)","READ ME - Guardian Mod","Reimu£®≤©¿ˆ¡È√Œ£©","StSLib","SuperFastMode","The Cursed","The Gatherer","The Mystic"],"gold_per_floor":[99,399,413,425,440,540,540,559,574,601,128,53,53,88,101,199,199,49,68,80,96,111,71,124,124,124,157,157,42,42,70,84,185,185,185,200,215,234,234,250,250,264,264,264,264],"floor_reached":43,"language":"ZHS","playtime":3034,"items_purged":["Slimebound:Icky","Slimebound:Icky"],"score":557,"play_id":"0a401ba1-8503-41c2-ac58-2af6f30aabba","local_time":"20210114010126","is_ascension_mode":false,"campfire_choices":[{"floor":1.0,"key":"RECALL"},{"floor":12.0,"key":"REST"},{"data":"hexamod:CrushingStance","floor":18.0,"key":"SMITH"},{"floor":35.0,"key":"REST"}],"circlet_count":0,"master_deck":["hexamod:Strike+1","hexamod:Strike+1","hexamod:Strike+1","hexamod:Strike+1","hexamod:Defend+1","hexamod:Defend+1","hexamod:Defend+1","hexamod:Defend+1","hexamod:Sear+1","hexamod:Float+1","hexamod:SixthSeal","hexamod:SwordOfDarkness+1","hexamod:SkipABeat+1","hexamod:ChargedBarrage+1","hexamod:Hexaguard+1","hexamod:FlamesFromBeyond+1","hexamod:GhostShield+1","hexamod:CatchUp+1","hexamod:ThirdSeal","hexamod:SearingWound+1","hexamod:GhostOfSpireFuture+1","hexamod:ParanormalForm+1","hexamod:Again+1","hexamod:GiftsFromTheDead+1","hexamod:CrushingStance+1","hexamod:HeatMetal+1","hexamod:RainOfEmbers+1","hexamod:Rewind+1","hexamod:SpectralAdrenaline+1","hexamod:FirstSeal","hexamod:Hexaguard+1","Shame","hexamod:FlamesFromBeyond+1","hexamod:FastForward+1","hexamod:GhostLash+1","hexamod:HexaLevel+1","hexamod:CrushingStance","hexamod:BurningTouch+1","hexamod:ExtraCrispy+1","hexamod:SpectralAdrenaline+1","hexamod:UnleashSpirits"],"relics":["hexamod:SpiritBrand","White Beast Statue","Frozen Egg 2","Ancient Tea Set","downfall:HeartBlessingBlue","Darkstone Periapt","Busted Crown","downfall:HeartBlessingRed","downfall:HeartBlessingGreen","ZunR:ReiMu","Oddly Smooth Stone","Blood Vial","Orichalcum","Ginger","Fusion Hammer","MealTicket"],"acts_visited":["Exordium","TheCity","TheBeyond"],"potions_floor_usage":[38,38,38,38,38,38,42,42],"damage_taken":[{"damage":21.0,"enemies":"2 Louse","floor":3.0,"turns":4.0},{"damage":3.0,"enemies":"Small Slimes","floor":4.0,"turns":3.0},{"damage":0.0,"enemies":"Cultist","floor":5.0,"turns":4.0},{"damage":35.0,"enemies":"downfall:LadyInBlue","floor":6.0,"turns":12.0},{"damage":0.0,"enemies":"Blue Slaver","floor":8.0,"turns":3.0},{"damage":6.0,"enemies":"Lots of Slimes","floor":9.0,"turns":4.0},{"damage":2.0,"enemies":"Lagavulin","floor":10.0,"turns":7.0},{"damage":0.0,"enemies":"downfall:FleeingMerchant","floor":11.0,"turns":4.0},{"damage":12.0,"enemies":"3 Sentries","floor":14.0,"turns":9.0},{"damage":0.0,"enemies":"3 Louse","floor":15.0,"turns":4.0},{"damage":8.0,"enemies":"downfall:Watcher","floor":16.0,"turns":10.0},{"damage":1.0,"enemies":"Chosen","floor":19.0,"turns":5.0},{"damage":12.0,"enemies":"Snake Plant","floor":20.0,"turns":4.0},{"damage":11.0,"enemies":"Shelled Parasite and Fungi","floor":21.0,"turns":5.0},{"damage":0.0,"enemies":"Chosen and Byrds","floor":22.0,"turns":3.0},{"damage":14.0,"enemies":"Book of Stabbing","floor":27.0,"turns":3.0},{"damage":0.0,"enemies":"downfall:FleeingMerchant","floor":29.0,"turns":4.0},{"damage":0.0,"enemies":"Slavers","floor":31.0,"turns":4.0},{"damage":9.0,"enemies":"Snake Plant","floor":32.0,"turns":2.0},{"damage":7.0,"enemies":"downfall:Silent","floor":33.0,"turns":6.0},{"damage":4.0,"enemies":"Orb Walker","floor":36.0,"turns":3.0},{"damage":30.0,"enemies":"3 Shapes","floor":37.0,"turns":4.0},{"damage":13,"enemies":"Transient","floor":38,"turns":5},{"damage":11,"enemies":"3 Darklings","floor":40,"turns":4},{"damage":14,"enemies":"Jaw Worm Horde","floor":42,"turns":4},{"damage":45,"enemies":"Reptomancer","floor":43,"turns":2}],"seed_played":"-7768100732636569936","potions_obtained":[{"floor":4.0,"key":"Guardian:BlockOnCardUsePotion"},{"floor":6.0,"key":"DistilledChaos"},{"floor":6.0,"key":"Fire Potion"},{"floor":6.0,"key":"LiquidBronze"},{"floor":8.0,"key":"ZuzhouPotion:ReiMu"},{"floor":9.0,"key":"DistilledChaos"},{"floor":10.0,"key":"DuplicationPotion"},{"floor":11.0,"key":"Block Potion"},{"floor":14.0,"key":"Fire Potion"},{"floor":15.0,"key":"Fire Potion"},{"floor":16.0,"key":"GrandPatriotsElixir:ReiMu"},{"floor":19.0,"key":"DuplicationPotion"},{"floor":22.0,"key":"LiquidMemories"},{"floor":27.0,"key":"EssenceOfSteel"},{"floor":29.0,"key":"EntropicBrew"},{"floor":31.0,"key":"BlessingOfTheForge"},{"floor":33.0,"key":"BlessingOfTheForge"},{"floor":38,"key":"Fire Potion"},{"floor":40,"key":"Fire Potion"},{"floor":42,"key":"CultistPotion"}],"is_trial":false,"path_per_floor":["R","?","M","M","M","?","T","M","M","E","$","R","?","E","M","B",null,"R","M","M","M","M","?","T","?","?","E","?","$","?","E","M","B",null,"R","M","M","M","?","M","T","M","E"],"character_chosen":"THE_SPIRIT","items_purchased":["Ancient Tea Set","hexamod:SixthSeal","hexamod:SearingWound"],"campfire_rested":2,"item_purchase_floors":[11,11,11],"current_hp_per_floor":[70,70,49,46,46,11,11,11,5,3,3,37,37,25,25,17,80,80,79,67,56,56,56,56,80,73,66,72,81,81,86,84,86,86,86,82,61,50,50,41,41,36,0,0,0],"gold":264,"neow_bonus":"ONE_RANDOM_RARE_CARD","is_daily":false,"chose_seed":false,"campfire_upgraded":1,"win_rate":0.0,"timestamp":1610614886,"path_taken":["R","?","M","M","M","?","T","M","?","E","$","R","?","E","M","BOSS","R","M","M","?","M","?","T","?","?","E","?","$","?","E","M","BOSS","R","M","?","M","?","M","T","?","E"],"items_purchased_type":["Relic","Card","Card"],"build_version":"2020-12-22","purchased_purges":2,"victory":false,"max_hp_per_floor":[70,70,70,70,70,70,70,70,70,70,70,80,80,80,80,80,80,80,80,80,80,80,80,80,80,80,80,86,86,86,86,86,86,86,86,86,86,86,86,86,86,86,86,86,86],"card_choices":[{"not_picked":["hexamod:ShieldOfDarkness","hexamod:Hexaguard"],"picked":"hexamod:SwordOfDarkness","floor":3.0},{"not_picked":["hexamod:RainOfEmbers","hexamod:BacktrackSmack"],"picked":"hexamod:SkipABeat","floor":4.0},{"not_picked":["hexamod:AdvancingGuard","hexamod:BurningTouch"],"picked":"hexamod:ChargedBarrage","floor":5.0},{"not_picked":["hexamod:ThermalTransfer","hexamod:RetreatToShadows"],"picked":"hexamod:Hexaguard","floor":6.0},{"not_picked":["hexamod:SkipABeat","hexamod:Firestarter"],"picked":"hexamod:FlamesFromBeyond","floor":8.0},{"not_picked":["hexamod:FastForward","hexamod:BacktrackSmack"],"picked":"hexamod:GhostShield","floor":9.0},{"not_picked":["hexamod:FastForward","hexamod:GhostShield"],"picked":"hexamod:CatchUp","floor":10.0},{"not_picked":["hexamod:NightmareGuise","hexamod:GhostLash"],"picked":"hexamod:ThirdSeal","floor":11.0},{"not_picked":["hexamod:HeatShield","hexamod:GhostOfSpirePresent+1"],"picked":"hexamod:GhostOfSpireFuture+1","floor":14.0},{"not_picked":["hexamod:GhostOfSpirePast+1","hexamod:HeatCrush","hexamod:FlamesFromBeyond"],"picked":"SKIP","floor":14.0},{"not_picked":["hexamod:GhostShield","hexamod:NightmareGuise"],"picked":"hexamod:ParanormalForm+1","floor":15.0},{"not_picked":["hexamod:GhostShield","hexamod:InspiringFlames"],"picked":"hexamod:Again","floor":15.0},{"not_picked":["hexamod:EmpoweringStance+1","hexamod:TurnItUp"],"picked":"hexamod:GiftsFromTheDead+1","floor":16.0},{"not_picked":["hexamod:ParanormalForm+1","hexamod:TurnItUp"],"picked":"hexamod:CrushingStance","floor":16.0},{"not_picked":[],"picked":"hexamod:HeatMetal+1","floor":19.0},{"not_picked":["hexamod:RainOfEmbers"],"picked":"SKIP","floor":19.0},{"not_picked":[],"picked":"hexamod:RainOfEmbers+1","floor":20.0},{"not_picked":["hexamod:BurningTouch"],"picked":"SKIP","floor":20.0},{"not_picked":[],"picked":"hexamod:Rewind","floor":21.0},{"not_picked":["hexamod:BacktrackSmack"],"picked":"SKIP","floor":21.0},{"not_picked":[],"picked":"hexamod:SpectralAdrenaline","floor":22.0},{"not_picked":[],"picked":"hexamod:Hexaguard","floor":27.0},{"not_picked":[],"picked":"hexamod:FlamesFromBeyond","floor":29.0},{"not_picked":[],"picked":"hexamod:FastForward+1","floor":29.0},{"not_picked":[],"picked":"hexamod:GhostLash+1","floor":31.0},{"not_picked":["hexamod:ThermalTransfer"],"picked":"SKIP","floor":32.0},{"not_picked":[],"picked":"hexamod:HexaLevel+1","floor":33.0},{"not_picked":[],"picked":"hexamod:CrushingStance","floor":33.0},{"not_picked":["hexamod:GhostShield"],"picked":"SKIP","floor":36.0},{"not_picked":["hexamod:AdvancingGuard"],"picked":"SKIP","floor":36.0},{"not_picked":[],"picked":"hexamod:BurningTouch+1","floor":37.0},{"not_picked":["hexamod:BurningTouch"],"picked":"SKIP","floor":38},{"not_picked":["hexamod:InspiringFlames+1"],"picked":"SKIP","floor":40},{"not_picked":[],"picked":"hexamod:SpectralAdrenaline+1","floor":42},{"not_picked":[],"picked":"hexamod:UnleashSpirits","floor":42}],"player_experience":420356,"relics_obtained":[{"floor":6.0,"key":"White Beast Statue"},{"floor":10.0,"key":"Frozen Egg 2"},{"floor":14.0,"key":"Darkstone Periapt"},{"floor":24.0,"key":"Oddly Smooth Stone"},{"floor":27.0,"key":"Blood Vial"},{"floor":31.0,"key":"Ginger"},{"floor":41,"key":"MealTicket"}],"event_choices":[{"damage_healed":0.0,"max_hp_gain":0.0,"max_hp_loss":0.0,"gold_gain":0.0,"event_name":"Upgrade Shrine","player_choice":"Upgraded","floor":13.0,"gold_loss":0.0,"damage_taken":0.0,"cards_upgraded":["hexamod:SearingWound"]},{"damage_healed":0.0,"max_hp_gain":0.0,"max_hp_loss":0.0,"gold_gain":0.0,"event_name":"ZunEvent","player_choice":"π∫¬Ú…Òæ∆","floor":23.0,"gold_loss":40.0,"damage_taken":0.0,"relics_obtained":["ZunR:ReiMu"]},{"damage_healed":26.0,"max_hp_gain":0.0,"max_hp_loss":0.0,"gold_gain":0.0,"event_name":"The Library","player_choice":"Heal","floor":25.0,"gold_loss":0.0,"damage_taken":0.0},{"damage_healed":0.0,"max_hp_gain":0.0,"max_hp_loss":0.0,"gold_gain":0.0,"event_name":"Addict","player_choice":"Stole Relic","floor":28.0,"gold_loss":0.0,"damage_taken":0.0,"relics_obtained":["Orichalcum"],"cards_obtained":["Shame"]},{"damage_healed":0.0,"max_hp_gain":0.0,"max_hp_loss":0.0,"gold_gain":0.0,"event_name":"NoteForYourself","player_choice":"Ignored","floor":30.0,"gold_loss":0.0,"damage_taken":0.0},{"damage_healed":0,"gold_gain":0,"cards_transformed":["hexamod:SixthSeal"],"player_choice":"Transformed","damage_taken":0,"max_hp_gain":0,"max_hp_loss":0,"event_name":"Transmorgrifier","floor":39,"gold_loss":0,"cards_obtained":["hexamod:ExtraCrispy"]}],"is_beta":false,"boss_relics":[{"not_picked":["Black Star","Philosopher\u0027s Stone"],"picked":"Busted Crown"},{"not_picked":["Sozu","hexamod:IceCube"],"picked":"Fusion Hammer"}],"items_purged_floors":[11,29],"is_endless":false,"potions_floor_spawned":[4,8,9,10,11,14,15,16,19,20,21,22,27,29,31,32,33,36,37,38,40,42],"killed_by":"Reptomancer","ascension_level":0}}