{"host":"z9nhqy1wc0bvpk1o","time":1610668497,"event":{"mods":["BaseMod","Colored Map","Colored Powertips","Downfall","Minty Spire (QoL Compilation)","Replay The Spire","StSLib","The Cursed"],"gold_per_floor":[116,35,110,110,127,127,49,49,74,84,101,101,101],"floor_reached":12,"language":"ENG","playtime":668,"items_purged":[],"score":68,"play_id":"0bf3dc13-b84e-483d-a2b4-e3d8e6e70920","local_time":"20210114235457","is_ascension_mode":false,"campfire_choices":[{"data":"TheCursedMod:CircleOfFlame","floor":6,"key":"SMITH"}],"circlet_count":0,"master_deck":["TheCursedMod:Strike_TheCursed","TheCursedMod:Strike_TheCursed","TheCursedMod:Strike_TheCursed","TheCursedMod:Strike_TheCursed","TheCursedMod:Defend_TheCursed","TheCursedMod:Defend_TheCursed","TheCursedMod:Defend_TheCursed","TheCursedMod:Defend_TheCursed","TheCursedMod:CursedWand","TheCursedMod:CleanUpWorkshop","TheCursedMod:Dregs","TheCursedMod:CircleOfFlame+1","TheCursedMod:Mangle","TheCursedMod:SurpriseAttack","TheCursedMod:Hemoplague","TheCursedMod:CircleOfFocus","TheCursedMod:CircleOfAbyss"],"relics":["TheCursedMod:BlackMagic101","NeowsBlessing","Ring of Peace","ReplayTheSpireMod:Ring of Collecting","ReplayTheSpireMod:Ring of Addiction","Centennial Puzzle","Potion Belt","Toy Ornithopter"],"acts_visited":["Exordium"],"potions_floor_usage":[],"damage_taken":[{"damage":0,"enemies":"Small Slimes","floor":1,"turns":1},{"damage":0,"enemies":"Jaw Worm","floor":5,"turns":1},{"damage":0,"enemies":"Cultist","floor":10,"turns":1},{"damage":1,"enemies":"Blue Slaver","floor":11,"turns":3},{"damage":2,"enemies":"3 Sentries","floor":12,"turns":4}],"seed_played":"-2535312934726054732","potions_obtained":[{"floor":5,"key":"Weak Potion"},{"floor":9,"key":"Elixir"},{"floor":9,"key":"TheCursedMod:DregsPotion"},{"floor":9,"key":"Languid Potion"},{"floor":10,"key":"Slimebound:ThreeZeroPotion"}],"is_trial":false,"path_per_floor":["M","$","?","?","M","R","$","?","T","M","M","E"],"character_chosen":"THE_CURSED","items_purchased":["TheCursedMod:Mangle","TheCursedMod:Hemoplague"],"campfire_rested":0,"item_purchase_floors":[2,7],"current_hp_per_floor":[75,75,64,64,64,64,64,64,64,64,63,61,61],"gold":101,"neow_bonus":"THREE_ENEMY_KILL","is_daily":false,"chose_seed":false,"campfire_upgraded":1,"win_rate":0.0,"timestamp":1610668497,"path_taken":["M","$","?","?","M","R","$","?","T","?","M","E"],"items_purchased_type":["Card","Card"],"build_version":"2020-12-22","purchased_purges":0,"victory":false,"max_hp_per_floor":[75,75,75,75,75,75,75,75,75,75,75,75,75],"card_choices":[{"not_picked":["TheCursedMod:CursedMace","TheCursedMod:CursedStaff"],"picked":"TheCursedMod:CircleOfFlame","floor":1},{"not_picked":["TheCursedMod:Obscuration","TheCursedMod:SmokeScreen"],"picked":"TheCursedMod:SurpriseAttack","floor":5},{"not_picked":["TheCursedMod:CursedMace","TheCursedMod:WearCloak"],"picked":"TheCursedMod:CircleOfFocus","floor":10},{"not_picked":["TheCursedMod:CursedMace","TheCursedMod:SurpriseAttack"],"picked":"TheCursedMod:CircleOfAbyss","floor":11}],"player_experience":16992,"relics_obtained":[{"floor":4,"key":"Ring of Peace"},{"floor":4,"key":"ReplayTheSpireMod:Ring of Collecting"},{"floor":9,"key":"ReplayTheSpireMod:Ring of Addiction"},{"floor":9,"key":"Centennial Puzzle"},{"floor":9,"key":"Potion Belt"},{"floor":9,"key":"Toy Ornithopter"}],"event_choices":[{"damage_healed":0,"gold_gain":75,"player_choice":"Gather Gold","damage_taken":11,"max_hp_gain":0,"max_hp_loss":0,"event_name":"World of Goop","floor":3,"gold_loss":0},{"damage_healed":0,"gold_gain":0,"player_choice":"Ignored","damage_taken":0,"max_hp_gain":0,"max_hp_loss":0,"event_name":"NoteForYourself","floor":8,"gold_loss":0}],"is_beta":false,"boss_relics":[],"items_purged_floors":[],"is_endless":false,"potions_floor_spawned":[5,10],"killed_by":"3 Sentries","ascension_level":0}}