{"host":"5cc4xbo9rb723k69","time":1610662177,"event":{"mods":["Act Like it!","Aspiration","Astrologer","Bartender","BaseMod","Bestiary","CapriCore","Conspire","Downfall","Duelist Mod","Friendly Minions","Gensokyo","Hermit","Hubris","Infinite Spire","Jedi Mod","Kiyohime????","Koishi","LagranYue(???·?)","Luminous","Mad Scientist","Mari Mod (Legacy)","Mari\u0027s V1 Patch","Marisa????????","Minty Spire (QoL Compilation)","Nova Terra(??·??)","Pale of the Ancients","Prisma Mod","Random Character Button","Reimu??????","Replay The Spire","Robot Space Explorer","Somnambulant","StSLib","The Alterego","The Animator","The Bladedancer","The Clintock","The Construct","The Cursed","The Disciple","The Exalted","The Gatherer","The Immortal","The Jungle","The Marked","The Mystic","The Problem Sleuth","The Runesmith","The Saiyan","The Senshi","The Servant 0.9.4","The Spell Scribe","TheArtist","Waifu the Spire","Yuri Mod","thorton","vexMod"],"gold_per_floor":[90,104,55,55,70,83,83,101,127,57,83,83,29,45,45,144,144,159,169,169,182,182,182,182],"floor_reached":23,"language":"DEU","playtime":12723,"items_purged":[],"score":243,"play_id":"7c8f538f-dbd3-4c39-a805-1d2a909d2edb","local_time":"20210114230937","is_ascension_mode":false,"campfire_choices":[{"floor":12,"key":"REST"},{"floor":15,"key":"REST"}],"circlet_count":0,"master_deck":["Saiyan:SAIYA_Strike+1","Saiyan:SAIYA_Strike","Saiyan:SAIYA_Strike+1","Saiyan:SAIYA_Strike","Saiyan:SAIYA_Defend","Saiyan:SAIYA_Defend","Saiyan:SAIYA_Defend","Saiyan:EnergyBlast","Saiyan:KaioKen","Saiyan:RuthlessBlow","Saiyan:Fly","Saiyan:ReverberatingForce","Saiyan:MeteorDash","Saiyan:KiStrike+1","Saiyan:Overexert","hubris:DuctTapeCard+2","Saiyan:Overexert","Saiyan:ExtremeSpeed+1","Saiyan:Teleport","Saiyan:MajinSeal","Saiyan:TurtleShell","Saiyan:SoulSpice","Saiyan:DoubleMasenko+1"],"relics":["SaiyanSoul","SaiyanHeart","LagranYue:RandomDrawCardRelic","theSenshi:SailorFukuRelic","hubris:DuctTape","hubris:TerracottaHorce"],"acts_visited":["Gensokyo:Gensokyo","Gensokyo:Gensokyoer"],"potions_floor_usage":[11,16,18,23],"damage_taken":[{"damage":0,"enemies":"Gensokyo:Python","floor":1,"turns":3},{"damage":0,"enemies":"Gensokyo:3_Fairies","floor":2,"turns":3},{"damage":1,"enemies":"Gensokyo:2_Kodama","floor":5,"turns":5},{"damage":4,"enemies":"Gensokyo:Kitsune","floor":6,"turns":4},{"damage":0,"enemies":"Gensokyo:VengefulSpirit","floor":8,"turns":4},{"damage":17,"enemies":"Gensokyo:Cirno","floor":11,"turns":6},{"damage":26,"enemies":"Gensokyo:3_Kodama","floor":14,"turns":5},{"damage":26,"enemies":"Gensokyo:Yukari","floor":16,"turns":13},{"damage":26,"enemies":"Gensokyo:3_Dogs","floor":18,"turns":5},{"damage":19,"enemies":"Gensokyo:AngelMirror","floor":19,"turns":4},{"damage":16,"enemies":"Gensokyo:Slime_Group","floor":21,"turns":5},{"damage":29,"enemies":"Nightmare","floor":23,"turns":4}],"seed_played":"-1890864841713135696","potions_obtained":[{"floor":2,"key":"Elixir"},{"floor":5,"key":"champ:CounterPotion"},{"floor":16,"key":"Flashbang"},{"floor":18,"key":"SmokeBomb"},{"floor":21,"key":"champ:CounterPotion"}],"is_trial":false,"path_per_floor":["M","M","COS","?","M","M","?","M","T","?","E","R","$","M","R","B",null,"M","M","?","M","?","NM"],"character_chosen":"SAIYAJIN","items_purchased":["Saiyan:ExtremeSpeed+1"],"campfire_rested":2,"item_purchase_floors":[13],"current_hp_per_floor":[68,70,70,70,72,70,70,72,72,72,58,80,80,58,83,60,80,57,41,41,28,28,0,0],"gold":182,"neow_bonus":"TEN_PERCENT_HP_BONUS","is_daily":false,"chose_seed":false,"campfire_upgraded":0,"win_rate":0.0,"timestamp":1610662177,"path_taken":["M","M","COS","?","M","M","?","?","T","?","E","R","$","M","R","BOSS","M","M","?","M","?","NM"],"items_purchased_type":["Card"],"build_version":"2020-12-22","purchased_purges":0,"victory":false,"max_hp_per_floor":[68,70,70,70,73,75,75,77,77,77,80,80,80,84,84,87,87,90,93,93,96,96,97,97],"card_choices":[{"not_picked":["Saiyan:SaiyanHubris","Saiyan:DoubleMasenko"],"picked":"Saiyan:Fly","floor":1},{"not_picked":["Saiyan:PressOn","Saiyan:PlotArmor"],"picked":"Saiyan:ReverberatingForce","floor":2},{"not_picked":["Saiyan:Taunt","Saiyan:Flurry"],"picked":"Saiyan:MeteorDash","floor":5},{"not_picked":["Saiyan:DragonFist","Saiyan:ReverberatingForce"],"picked":"Saiyan:SolarFlare","floor":6},{"not_picked":["Saiyan:PlotArmor","Saiyan:Quickening"],"picked":"Saiyan:Overexert","floor":8},{"not_picked":["Saiyan:GhostAttack","Saiyan:MonkeyTail"],"picked":"Saiyan:SuperSaiyanThree","floor":11},{"not_picked":["Saiyan:PowerStance","Saiyan:DoubleMasenko"],"picked":"Saiyan:Overexert","floor":11},{"not_picked":["Saiyan:Overexert","Saiyan:Endure"],"picked":"Saiyan:Teleport","floor":14},{"not_picked":["Saiyan:Momentum","Saiyan:SuperSaiyanThree"],"picked":"Saiyan:MajinSeal","floor":16},{"not_picked":["Saiyan:Pacing","Saiyan:MeteorDash+1"],"picked":"Saiyan:TurtleShell","floor":18},{"not_picked":["Saiyan:FingerParry","Saiyan:Flurry+1"],"picked":"Saiyan:SoulSpice","floor":19},{"not_picked":["Saiyan:MeteorDash","Saiyan:Scouter+1"],"picked":"Saiyan:DoubleMasenko+1","floor":21}],"player_experience":269606,"relics_obtained":[{"floor":9,"key":"theSenshi:SailorFukuRelic"},{"floor":11,"key":"hubris:DuctTape"}],"event_choices":[{"damage_healed":0,"gold_gain":0,"player_choice":"Leave","damage_taken":0,"max_hp_gain":0,"max_hp_loss":0,"event_name":"conspire:Investor","floor":20,"gold_loss":0}],"is_beta":false,"boss_relics":[{"not_picked":["vexMod:CursedCompass","Snecko Eye"],"picked":"hubris:TerracottaHorce"}],"items_purged_floors":[],"is_endless":false,"potions_floor_spawned":[2,5,16,18,21],"killed_by":"Nightmare","ascension_level":0}}