{"host":"cwd5s03r1oaxs6mx","time":1610637075,"event":{"mods":["Act Like it!","BaseMod","Better Third Choice","BetterRewards","CapriCore","Card Filter","Colored Map","Custom Start","DeckTracker","Friendly Minions","Hubris","Infinite Spire","Marisa£¨Ùöéë¡¡Øª×âÞÞ£©","Minty Spire (QoL Compilation)","Quick Restart","Relic Stats","Shop Mod","Spicy Shops","StSLib","SuperFastMode"],"gold_per_floor":[116,116,130,16,34,34,69,69,95,127,127,142,170,180,180,180,180],"floor_reached":16,"language":"KOR","playtime":469,"items_purged":["Defend_G"],"score":240,"play_id":"4f753b57-9af3-4d79-84cf-651a8353ad72","local_time":"20210115001115","is_ascension_mode":true,"campfire_choices":[{"data":"infinitespire:Neurotoxin","floor":6,"key":"SMITH"},{"data":"Tactician","floor":8,"key":"SMITH"},{"floor":15,"key":"REST"}],"circlet_count":0,"master_deck":["AscendersBane","Strike_G","Strike_G","Strike_G","Strike_G","Defend_G","Defend_G","Defend_G","Defend_G","Survivor","Neutralize","infinitespire:Neurotoxin+1","Unload","Noxious Fumes","Tactician+1","Deflect","Neutralize"],"relics":["Ring of the Snake","Tingsha","Shovel","Omamori","hubris:Reverence","Unceasing Top"],"acts_visited":["Exordium"],"potions_floor_usage":[14,16,16],"damage_taken":[{"damage":2,"enemies":"Jaw Worm","floor":1,"turns":4},{"damage":1,"enemies":"Cultist","floor":3,"turns":3},{"damage":1,"enemies":"Small Slimes","floor":5,"turns":3},{"damage":20,"enemies":"Lagavulin","floor":7,"turns":6},{"damage":27,"enemies":"Gremlin Nob","floor":10,"turns":4},{"damage":25,"enemies":"Exordium Thugs","floor":12,"turns":4},{"damage":15,"enemies":"3 Sentries","floor":13,"turns":10},{"damage":0,"enemies":"Red Slaver","floor":14,"turns":1},{"damage":39,"enemies":"Slime Boss","floor":16,"turns":7}],"seed_played":"5059565540189798190","potions_obtained":[{"floor":5,"key":"FairyPotion"},{"floor":10,"key":"DistilledChaos"},{"floor":13,"key":"Explosive Potion"},{"floor":14,"key":"Poison Potion"}],"is_trial":false,"path_per_floor":["M","?","M","$","M","R","E","R","T","E","?","M","E","M","R","B"],"character_chosen":"THE_SILENT","items_purchased":["Tingsha","infinitespire:Neurotoxin","Unload","Noxious Fumes","Tactician"],"campfire_rested":1,"item_purchase_floors":[0,0,0,0,4],"current_hp_per_floor":[57,57,56,56,55,55,35,35,35,8,8,19,4,4,23,0,0],"gold":180,"neow_bonus":"","is_daily":false,"chose_seed":false,"campfire_upgraded":2,"win_rate":0.0,"timestamp":1610637075,"path_taken":["M","?","M","?","M","R","E","R","T","E","?","?","E","M","R","BOSS"],"items_purchased_type":["Relic","Card","Card","Card","Card"],"build_version":"2020-12-22","purchased_purges":1,"victory":false,"max_hp_per_floor":[66,66,66,66,66,66,66,66,66,66,66,66,66,66,66,66,66],"relic_stats":{"Shovel":0,"counters":[52,224],"Tingsha":[60],"obtain_stats":[{"TwistedFunnel":0,"Ice Cream":6,"infinitespire:BottledMercury":0,"Regal Pillow":9,"Vajra":0,"StoneCalendar":29,"hubris:SlimyHat":0,"Tough Bandages":7,"Shovel":7,"DollysMirror":19,"Strawberry":12,"Ring of the Snake":0,"Girya":23,"hubris:DuctTape":6,"Eternal Feather":0,"Tingsha":0,"infinitespire:FocusingShard":12,"infinitespire:Joker Card":26,"Omamori":9,"Art of War":24,"Membership Card":0,"hubris:CrackedHourglass":17,"Unceasing Top":13,"Meat on the Bone":26,"infinitespire:Cupcake":17,"infinitespire:Midas Blood":6,"hubris:Reverence":10},{"TwistedFunnel":0,"Ice Cream":35,"infinitespire:BottledMercury":30,"Regal Pillow":20,"Vajra":30,"StoneCalendar":29,"hubris:SlimyHat":36,"Tough Bandages":20,"Shovel":47,"DollysMirror":10,"Strawberry":22,"Ring of the Snake":0,"Girya":12,"hubris:DuctTape":5,"Eternal Feather":16,"Tingsha":43,"infinitespire:FocusingShard":6,"infinitespire:Joker Card":28,"Omamori":47,"Art of War":28,"Membership Card":0,"hubris:CrackedHourglass":9,"Unceasing Top":50,"Meat on the Bone":13,"infinitespire:Cupcake":25,"infinitespire:Midas Blood":41,"hubris:Reverence":48},{"TwistedFunnel":0,"Ice Cream":139,"infinitespire:BottledMercury":117,"Regal Pillow":71,"Vajra":117,"StoneCalendar":116,"hubris:SlimyHat":143,"Tough Bandages":71,"Shovel":198,"DollysMirror":29,"Strawberry":79,"Ring of the Snake":0,"Girya":39,"hubris:DuctTape":12,"Eternal Feather":53,"Tingsha":182,"infinitespire:FocusingShard":17,"infinitespire:Joker Card":110,"Omamori":198,"Art of War":110,"Membership Card":0,"hubris:CrackedHourglass":27,"Unceasing Top":216,"Meat on the Bone":41,"infinitespire:Cupcake":95,"infinitespire:Midas Blood":175,"hubris:Reverence":202}],"Unceasing Top":[4],"Ring of the Snake":[104]},"card_choices":[{"not_picked":["Backflip","Predator","Choke"],"picked":"SKIP","floor":1},{"not_picked":["Dagger Spray","Caltrops","Poisoned Stab"],"picked":"SKIP","floor":3},{"not_picked":["Blade Dance","PiercingWail"],"picked":"Deflect","floor":5},{"not_picked":["All Out Attack","Dash","Backstab"],"picked":"SKIP","floor":7},{"not_picked":["Dodge and Roll","Night Terror","Infinite Blades"],"picked":"SKIP","floor":10},{"not_picked":["Flying Knee","Bane","Blade Dance"],"picked":"SKIP","floor":12},{"not_picked":["Eviscerate","Skewer","Endless Agony"],"picked":"SKIP","floor":13},{"not_picked":["Eviscerate","Skewer","Endless Agony"],"picked":"SKIP","floor":13},{"not_picked":["Deadly Poison","Backstab","Blade Dance"],"picked":"SKIP","floor":14}],"player_experience":1036825,"relics_obtained":[{"floor":7,"key":"Shovel"},{"floor":9,"key":"Omamori"},{"floor":10,"key":"hubris:Reverence"},{"floor":13,"key":"Unceasing Top"}],"event_choices":[{"cards_removed":["Strike_G"],"damage_healed":0,"gold_gain":0,"player_choice":"Purged","damage_taken":0,"max_hp_gain":0,"max_hp_loss":0,"event_name":"Purifier","floor":2,"gold_loss":0},{"damage_healed":0,"gold_gain":0,"player_choice":"1 cards matched","damage_taken":0,"max_hp_gain":0,"max_hp_loss":0,"event_name":"Match and Keep!","floor":11,"gold_loss":0,"cards_obtained":["Neutralize"]}],"is_beta":false,"boss_relics":[],"items_purged_floors":[4],"is_endless":false,"potions_floor_spawned":[5,10,13,14],"killed_by":"Slime Boss","ascension_level":20}}