{"host":"Connor","time":1610642485,"event":{"mods":["Aspiration","BaseMod","Downfall","Hubris","Marisa????????","Minty Spire (QoL Compilation)","Replay The Spire","StSLib","The Cursed","The Jungle","The Servant 0.9.4"],"gold_per_floor":[360,370,41,91,16,42,42,67,67,67,98,117,26,26,26,26],"floor_reached":16,"language":"ENG","playtime":385,"items_purged":["Strike_R"],"score":226,"play_id":"68774d0e-9c92-416c-8db2-4691bd5462a7","local_time":"20210114084125","is_ascension_mode":true,"campfire_choices":[{"floor":7,"key":"REST"},{"data":"hubris:DuctTapeCard","floor":10,"key":"SMITH"},{"floor":15,"key":"REST"}],"circlet_count":0,"master_deck":["AscendersBane","Strike_R","Strike_R","Strike_R","Strike_R","Defend_R","Defend_R","Bash","Infernal Blade","ReplayTheSpireMod:Strike From Hell","Shockwave","Inflame","hubris:DuctTapeCard+2","Berserk","ReplayTheSpireMod:Corrosion Curse"],"relics":["Burning Blood","Oddly Smooth Stone","Sling","ReplayTheSpireMod:Spearhead","hubris:SlimyHat","hubris:DuctTape","hubris:Teleporter","Replay:Wax Seal"],"acts_visited":["Exordium"],"potions_floor_usage":[8,16],"damage_taken":[{"damage":12,"enemies":"Small Slimes","floor":1,"turns":5},{"damage":7,"enemies":"Cultist","floor":2,"turns":4},{"damage":34,"enemies":"Lagavulin","floor":6,"turns":6},{"damage":8,"enemies":"Gremlin Nob","floor":8,"turns":3},{"damage":9,"enemies":"Lagavulin","floor":11,"turns":5},{"damage":12,"enemies":"Jaw Worm","floor":12,"turns":4},{"damage":49,"enemies":"The Guardian","floor":16,"turns":5}],"seed_played":"4294513969214795431","potions_obtained":[{"floor":6,"key":"Fire Potion"},{"floor":12,"key":"GamblersBrew"}],"is_trial":false,"path_per_floor":["M","M","$","?","$","E","R","E","T","R","E","M","$","R","B"],"character_chosen":"IRONCLAD","items_purchased":["Oddly Smooth Stone","Sling","Replay:Wax Seal"],"campfire_rested":2,"item_purchase_floors":[3,3,13],"current_hp_per_floor":[44,43,43,43,43,15,37,35,35,35,32,26,26,48,0,0],"gold":26,"neow_bonus":"TWO_FIFTY_GOLD","is_daily":false,"chose_seed":false,"campfire_upgraded":1,"win_rate":0.0,"timestamp":1610642485,"path_taken":["M","M","$","?","?","E","R","E","T","R","E","M","$","R","BOSS"],"items_purchased_type":["Relic","Relic","Relic"],"build_version":"2020-12-18","purchased_purges":1,"victory":false,"max_hp_per_floor":[75,75,75,75,75,75,75,75,75,75,75,75,75,75,75,75],"card_choices":[{"not_picked":["Flex","Body Slam"],"picked":"Infernal Blade","floor":1},{"not_picked":["Havoc","Second Wind"],"picked":"ReplayTheSpireMod:Strike From Hell","floor":2},{"not_picked":["Clothesline","hubris:ReadiedAction"],"picked":"Shockwave","floor":6},{"not_picked":["Twin Strike","Clothesline"],"picked":"Inflame","floor":8},{"not_picked":["Anger","Clothesline"],"picked":"Berserk","floor":11},{"not_picked":["Carnage","Entrench"],"picked":"ReplayTheSpireMod:Corrosion Curse","floor":12}],"player_experience":634449,"relics_obtained":[{"floor":6,"key":"ReplayTheSpireMod:Spearhead"},{"floor":8,"key":"hubris:SlimyHat"},{"floor":9,"key":"hubris:DuctTape"},{"floor":11,"key":"hubris:Teleporter"}],"event_choices":[{"damage_healed":0,"gold_gain":50,"player_choice":"Pray","damage_taken":0,"max_hp_gain":0,"max_hp_loss":0,"event_name":"Golden Shrine","floor":4,"gold_loss":0}],"is_beta":true,"boss_relics":[],"items_purged_floors":[5],"is_endless":false,"potions_floor_spawned":[6,12],"killed_by":"The Guardian","ascension_level":19}}