{"host":"8d3fefv2347kqkpz","time":1610652406,"event":{"mods":["100% Spire Juice","BaseMod","Better Vampires","Colored Map","Downfall","Minty Spire (QoL Compilation)","Quick Restart","Replay The Spire","StSLib","The Gatherer","Waifu the Spire"],"gold_per_floor":[99,99,99,99,37,137,186,186,219,219,144,157,82,108,119,214,214,214,230,246,246,256,256,256,23,41,51,76,88,99,116,132,132,132,132],"floor_reached":33,"language":"ZHS","playtime":2672,"items_purged":[],"score":317,"play_id":"729c530a-2dfe-4622-8543-9d16c925b0b4","local_time":"20210115032646","is_ascension_mode":false,"campfire_choices":[{"data":"Guardian:Strike_Guardian","floor":1,"key":"PURGE"},{"data":"Guardian:RollAttack","floor":8,"key":"SMITH"},{"floor":11,"key":"RECALL"},{"floor":13,"key":"REST"},{"floor":23,"key":"REST"}],"circlet_count":0,"master_deck":["Guardian:Strike_Guardian","Guardian:Strike_Guardian","Guardian:Defend_Guardian","Guardian:Defend_Guardian","Guardian:Defend_Guardian","Guardian:CurlUp","Guardian:TwinSlam","Guardian:RollAttack+1","Guardian:RollAttack+1","Guardian:RollAttack","Guardian:TimeBomb","Guardian:PiercingHide","Guardian:ExploitGems","Guardian:Repulse","Guardian:ShieldSpikes","Guardian:RollAttack","Guardian:ShieldSpikes","Guardian:SpikerProtocol","Guardian:Gem_Green","Guardian:Gem_White","Guardian:ShieldSpikes","Guardian:Gem_Orange"],"relics":["Guardian:ModeShifter","downfall:HeartsMalice","PreservedInsect","downfall:HeartBlessingBlue","downfall:HeartBlessingRed","ReplayTheSpireMod:TigerMarble","Guardian:StasisSlotReductionRelic","Peace Pipe","Lee\u0027s Waffle","Garlic"],"acts_visited":["Exordium","TheCity"],"potions_floor_usage":[16,16,16,16,25,31,33,33,33],"damage_taken":[{"damage":0,"enemies":"2 Louse","floor":2,"turns":1},{"damage":0,"enemies":"Small Slimes","floor":3,"turns":1},{"damage":0,"enemies":"Jaw Worm","floor":4,"turns":1},{"damage":0,"enemies":"downfall:FleeingMerchant","floor":5,"turns":4},{"damage":19,"enemies":"downfall:Heads","floor":6,"turns":10},{"damage":11,"enemies":"3 Sentries","floor":9,"turns":5},{"damage":16,"enemies":"Exordium Wildlife","floor":12,"turns":4},{"damage":8,"enemies":"Exordium Thugs","floor":15,"turns":2},{"damage":43,"enemies":"downfall:Defect","floor":16,"turns":9},{"damage":7,"enemies":"Shell Parasite","floor":19,"turns":6},{"damage":0,"enemies":"Centurion and Healer","floor":20,"turns":6},{"damage":20,"enemies":"Sentry and Sphere","floor":22,"turns":5},{"damage":0,"enemies":"downfall:FleeingMerchant","floor":25,"turns":4},{"damage":0,"enemies":"3 Cultists","floor":26,"turns":2},{"damage":0,"enemies":"Snake Plant","floor":27,"turns":4},{"damage":6,"enemies":"Gremlin Leader","floor":28,"turns":5},{"damage":5,"enemies":"Centurion and Healer","floor":29,"turns":4},{"damage":0,"enemies":"Chosen and Byrds","floor":30,"turns":5},{"damage":0,"enemies":"Cultist and Chosen","floor":31,"turns":4},{"damage":6,"enemies":"Snecko","floor":32,"turns":6},{"damage":123,"enemies":"downfall:Ironclad","floor":33,"turns":11}],"seed_played":"7503736904778097356","potions_obtained":[{"floor":6,"key":"SteroidPotion"},{"floor":9,"key":"EntropicBrew"},{"floor":12,"key":"DuplicationPotion"},{"floor":16,"key":"Languid Potion"},{"floor":28,"key":"Fire Potion"},{"floor":31,"key":"ColorlessPotion"},{"floor":32,"key":"Fire Potion"}],"is_trial":false,"path_per_floor":["R_BF","M","M","M","$","?","T","R","E","?","R","M","R","T","M","B",null,"R_BF","M","M","?","M","R","T","$","M","M","E","M","M","M","M","B"],"character_chosen":"GUARDIAN","items_purchased":["Guardian:RollAttack","Guardian:SpikerProtocol","Lee\u0027s Waffle"],"campfire_rested":2,"item_purchase_floors":[5,25,25],"current_hp_per_floor":[80,80,80,80,80,61,61,61,50,50,60,44,71,71,63,20,90,90,83,83,70,50,77,77,97,97,97,91,86,86,86,80,0,0,0],"gold":132,"neow_bonus":"THREE_ENEMY_KILL","is_daily":false,"chose_seed":false,"campfire_upgraded":1,"win_rate":0.0,"timestamp":1610652406,"path_taken":["R_BF","M","M","M","$","?","T","R","E","?","R","M","R","?","M","BOSS","R_BF","M","M","?","M","R","T","?","?","M","E","M","M","M","M","BOSS"],"items_purchased_type":["Card","Card","Relic"],"build_version":"2020-12-22","purchased_purges":0,"victory":false,"max_hp_per_floor":[80,80,80,80,80,80,80,80,80,80,90,90,90,90,90,90,90,90,90,90,90,90,90,90,97,97,97,97,97,97,97,97,97,97,97],"card_choices":[{"not_picked":["Guardian:Planning","Guardian:PrimingBeam"],"picked":"Guardian:Gem_Cyan","floor":2},{"not_picked":["Guardian:PrimingBeam","Guardian:CrystalBeam","Guardian:Gem_Green"],"picked":"SKIP","floor":3},{"not_picked":["Guardian:PrimingBeam","Guardian:CrystalBeam"],"picked":"Guardian:Gem_Green","floor":3},{"not_picked":["Guardian:Suspension","Guardian:Gem_Crimson"],"picked":"Guardian:Gem_Lightblue","floor":4},{"not_picked":["Guardian:PrimingBeam","Guardian:Recover"],"picked":"Guardian:Gem_Green","floor":5},{"not_picked":["Guardian:Harden","Guardian:GuardianWhirl"],"picked":"Guardian:RollAttack","floor":6},{"not_picked":["Guardian:ShieldSpikes","Guardian:StasisField"],"picked":"Guardian:RollAttack","floor":9},{"not_picked":["Guardian:Gem_Crimson","Guardian:Gem_Red"],"picked":"Guardian:TimeBomb","floor":12},{"not_picked":["Guardian:MultiBeam","Guardian:Repulse"],"picked":"Guardian:PiercingHide","floor":15},{"not_picked":["Guardian:StasisField","Guardian:SphericShield"],"picked":"Guardian:ExploitGems","floor":16},{"not_picked":["Guardian:PiercingHide","Guardian:Gem_Fragmented"],"picked":"Guardian:Gem_Lightblue","floor":19},{"not_picked":["Guardian:Gem_Purple","Guardian:Reroute"],"picked":"Guardian:ShieldSpikes","floor":20},{"not_picked":["Guardian:TemporalStrike","Guardian:Incinerate"],"picked":"Guardian:RollAttack","floor":22},{"not_picked":["Guardian:FierceBash","Guardian:MultiBeam"],"picked":"Guardian:ShieldSpikes","floor":25},{"not_picked":["Guardian:CrystalBeam+1","Guardian:Gem_Red","Guardian:TemporalShield"],"picked":"SKIP","floor":26},{"not_picked":["Guardian:Repulse+1","Guardian:Incinerate"],"picked":"Guardian:Gem_Green","floor":27},{"not_picked":["Guardian:Recover+1","Guardian:WalkerClaw","Guardian:RefractedBeam"],"picked":"SKIP","floor":28},{"not_picked":["Guardian:TemporalShield","Guardian:Planning"],"picked":"Guardian:Gem_White","floor":29},{"not_picked":["Guardian:Recover","Guardian:Gem_Red","Guardian:Clone"],"picked":"SKIP","floor":30},{"not_picked":["Guardian:PrismaticBeam","Guardian:Gem_Red"],"picked":"Guardian:ShieldSpikes","floor":31},{"not_picked":["Guardian:Gem_Red","Guardian:BronzeOrb"],"picked":"Guardian:Gem_Orange","floor":32}],"player_experience":53231,"relics_obtained":[{"floor":9,"key":"PreservedInsect"},{"floor":14,"key":"ReplayTheSpireMod:TigerMarble"},{"floor":24,"key":"Peace Pipe"},{"floor":28,"key":"Garlic"}],"event_choices":[],"is_beta":false,"boss_relics":[{"not_picked":["Black Star","Replay:Drink Me"],"picked":"Guardian:StasisSlotReductionRelic"}],"items_purged_floors":[],"is_endless":false,"potions_floor_spawned":[6,9,12,15,16,20,22,28,31,32],"killed_by":"downfall:Ironclad","ascension_level":0}}