{"host":"zv753xhrtese558r","time":1610604259,"event":{"mods":["2.2 Compatiblity","AchievementEnabler","BaseMod","Bestiary","Better Match","Better Note","Better Skull","Better Third Choice","BetterRewards","Colored Map","Colored Powertips","Googly Eyes","Infinite Spire","Minty Spire (QoL Compilation)","Replay The Spire","Spicy Shops","StSLib"],"gold_per_floor":[119,136,20,20,30,63,63,98,179,192,222,222,302,320,320,415,415,430,442,442,442,458,458,486,486,512,437,47,47,47,47,146,146,146,248,248,268,318,318,10,60,60,85,85,85,177,177,194,210,33,33,33],"floor_reached":53,"language":"ENG","playtime":2857,"items_purged":["Strike_R","Decay"],"score":1030,"play_id":"32e8c177-7534-4367-a011-7fa7b6b8c47e","local_time":"20210113220419","is_ascension_mode":true,"campfire_choices":[{"data":"Berserk","floor":7,"key":"SMITH"},{"floor":15,"key":"REST"},{"data":"Limit Break","floor":23,"key":"SMITH"},{"floor":25,"key":"REST"},{"data":"Flame Barrier","floor":34,"key":"SMITH"},{"floor":42,"key":"REST"},{"floor":44,"key":"REST"},{"floor":51,"key":"REST"}],"circlet_count":0,"master_deck":["Strike_R","Strike_R","Strike_R","Strike_R","Defend_R","Defend_R","Defend_R","Defend_R+1","Bash","Power Through+1","Blood for Blood","Combust","Wild Strike","Berserk+1","Headbutt","Flame Barrier+1","Rampage","Reaper","Limit Break+1","Thunderclap","Inflame","Spot Weakness+1","Fire Breathing+1","Immolate","Seeing Red+1","Feel No Pain+1","Rage+1","Rupture","Bloodletting","Parasite"],"relics":["Burning Blood","NeowsBlessing","Ring of Fury","Calipers","Toy Ornithopter","Iron Hammer","Garlic","Cursed Key","Blood Vial","Boot","Blue Doll","Shuriken","WingedGreaves","MutagenicStrength","Ooze Armor","Ginger","Membership Card","ClockworkSouvenir","Gremlin Horn","Replay:Arrowhead","War Paint","Bottled Flame","Pen Nib","Blood Vial","infinitespire:Burning Sword","Medical Kit","Bag of Preparation"],"acts_visited":["Exordium","TheCity","TheBeyond"],"potions_floor_usage":[6,11,11,35,35,41,41,52,52,52],"damage_taken":[{"damage":0,"enemies":"2 Louse","floor":1,"turns":1},{"damage":0,"enemies":"Jaw Worm","floor":2,"turns":1},{"damage":0,"enemies":"Small Slimes","floor":5,"turns":1},{"damage":21,"enemies":"Lagavulin","floor":6,"turns":8},{"damage":44,"enemies":"Gremlin Nob","floor":8,"turns":5},{"damage":0,"enemies":"Exordium Wildlife","floor":10,"turns":2},{"damage":32,"enemies":"3 Sentries","floor":11,"turns":8},{"damage":0,"enemies":"Large Slime","floor":14,"turns":4},{"damage":41,"enemies":"Hexaghost","floor":16,"turns":10},{"damage":22,"enemies":"Shell Parasite","floor":18,"turns":5},{"damage":1,"enemies":"2 Thieves","floor":19,"turns":4},{"damage":22,"enemies":"Centurion and Healer","floor":22,"turns":5},{"damage":15,"enemies":"Replay:Snechameleon","floor":24,"turns":4},{"damage":75,"enemies":"Automaton","floor":35,"turns":9},{"damage":14,"enemies":"Orb Walker","floor":37,"turns":3},{"damage":0,"enemies":"Mind Bloom Boss Battle","floor":38,"turns":4},{"damage":45,"enemies":"2 Orb Walkers","floor":41,"turns":5},{"damage":58,"enemies":"R_Hoarder","floor":43,"turns":6},{"damage":23,"enemies":"3 Darklings","floor":48,"turns":4},{"damage":17,"enemies":"Writhing Mass","floor":49,"turns":4},{"damage":28,"enemies":"Donu and Deca","floor":52,"turns":4}],"seed_played":"-1162626819367520812","potions_obtained":[{"floor":1,"key":"BlessingOfTheForge"},{"floor":5,"key":"Elixir"},{"floor":11,"key":"SpeedPotion"},{"floor":24,"key":"DistilledChaos"},{"floor":35,"key":"ElixirPotion"},{"floor":37,"key":"HeartOfIron"},{"floor":43,"key":"Dexterity Potion"},{"floor":48,"key":"Strength Potion"}],"is_trial":false,"path_per_floor":["M","M","$","?","M","E","R","E","T","M","E","?","?","M","R","B",null,"M","M","AVR","?","M","R","E","R","T","?","$","PTL","PTL","?","?","?","R","B",null,"M","?","$","$","?","R","E","R","T","?","AVR","M","M","$","R","B",null],"character_chosen":"IRONCLAD","items_purchased":["Combust","Block Potion","Shuriken","WingedGreaves","Membership Card","ClockworkSouvenir","Gremlin Horn","AttackPotion","Medical Kit","Bag of Preparation"],"campfire_rested":5,"item_purchase_floors":[3,3,28,28,40,40,40,50,50,50],"current_hp_per_floor":[80,80,80,80,80,65,65,27,27,33,17,17,17,23,47,22,80,64,78,78,78,76,76,69,80,80,77,77,77,77,77,77,77,77,13,77,69,77,77,77,48,71,45,68,68,68,68,55,48,48,71,60],"gold":33,"neow_bonus":"THREE_ENEMY_KILL","is_daily":false,"chose_seed":false,"campfire_upgraded":3,"win_rate":0.0,"timestamp":1610604259,"path_taken":["M","M","$","?","M","E","R","E","T","M","E","?","?","M","R","BOSS","M","M","AVR","?","M","R","E","R","T","?","?","PTL","PTL","?","?","?","R","BOSS","M","?","$","$","?","R","E","R","T","?","AVR","?","M","?","R","BOSS"],"items_purchased_type":["Card","Potion","Relic","Relic","Relic","Relic","Relic","Potion","Relic","Relic"],"build_version":"2020-12-22","purchased_purges":2,"victory":true,"max_hp_per_floor":[80,80,80,80,80,80,80,80,80,80,80,80,80,80,80,80,80,80,80,80,80,80,80,80,80,80,77,77,77,77,77,77,77,77,77,77,77,77,77,77,77,77,77,77,77,77,77,77,77,77,77,77],"card_choices":[{"not_picked":["Flex","Warcry"],"picked":"Power Through","floor":1},{"not_picked":["Anger","Disarm"],"picked":"Blood for Blood","floor":2},{"not_picked":["Disarm","Headbutt"],"picked":"Wild Strike","floor":5},{"not_picked":["Flex","Shockwave"],"picked":"Berserk","floor":6},{"not_picked":["Shrug It Off","Clash"],"picked":"Headbutt","floor":8},{"not_picked":["Headbutt","Clothesline"],"picked":"Flame Barrier","floor":10},{"not_picked":["Dark Embrace","Clash"],"picked":"Rampage","floor":11},{"not_picked":["Twin Strike","Bloodletting"],"picked":"Reaper","floor":14},{"not_picked":["Impervious","Fiend Fire"],"picked":"Limit Break","floor":16},{"not_picked":["Sword Boomerang","Dark Embrace"],"picked":"Thunderclap","floor":18},{"not_picked":["Clothesline","Dual Wield+1","Havoc"],"picked":"SKIP","floor":19},{"not_picked":["Shrug It Off+1","Pommel Strike"],"picked":"Spot Weakness+1","floor":22},{"not_picked":["Body Slam+1","True Grit"],"picked":"Fire Breathing+1","floor":24},{"not_picked":["Brutality","Offering"],"picked":"Immolate","floor":35},{"not_picked":["Spot Weakness+1","Perfected Strike+1"],"picked":"Seeing Red+1","floor":37},{"not_picked":["Flex","Searing Blow+1"],"picked":"Feel No Pain+1","floor":38},{"not_picked":["Flex+1","Seeing Red","Armaments+1"],"picked":"SKIP","floor":43},{"not_picked":["Flex+1","Combust"],"picked":"Rage+1","floor":46},{"not_picked":["Thunderclap+1","Body Slam+1"],"picked":"Rupture","floor":46},{"not_picked":["Dual Wield+1","Pommel Strike+1"],"picked":"Bloodletting","floor":48},{"not_picked":["Shrug It Off+1","Armaments","Clash"],"picked":"SKIP","floor":49}],"player_experience":332098,"relics_obtained":[{"floor":4,"key":"Ring of Fury"},{"floor":6,"key":"Calipers"},{"floor":8,"key":"Toy Ornithopter"},{"floor":9,"key":"Iron Hammer"},{"floor":11,"key":"Garlic"},{"floor":24,"key":"Boot"},{"floor":26,"key":"Blue Doll"},{"floor":38,"key":"Ginger"},{"floor":41,"key":"Replay:Arrowhead"},{"floor":43,"key":"War Paint"},{"floor":45,"key":"Bottled Flame"},{"floor":46,"key":"Pen Nib"}],"event_choices":[{"damage_healed":0,"gold_gain":80,"player_choice":"Gained Gold","damage_taken":0,"max_hp_gain":0,"max_hp_loss":0,"event_name":"Golden Wing","floor":13,"gold_loss":0},{"damage_healed":0,"gold_gain":0,"player_choice":"Read","damage_taken":0,"max_hp_gain":0,"max_hp_loss":0,"event_name":"The Library","floor":21,"gold_loss":0,"cards_obtained":["Inflame"]},{"cards_removed":["Parasite"],"damage_healed":0,"gold_gain":0,"player_choice":"Gave Gold","damage_taken":0,"max_hp_gain":0,"max_hp_loss":0,"event_name":"Beggar","floor":27,"gold_loss":75},{"damage_healed":0,"gold_gain":0,"player_choice":"Ignored","damage_taken":0,"max_hp_gain":0,"max_hp_loss":0,"event_name":"Ghosts","floor":31,"gold_loss":0},{"damage_healed":0,"gold_gain":99,"player_choice":"Steal","damage_taken":0,"max_hp_gain":0,"max_hp_loss":0,"event_name":"betterThird:BetterNest","floor":32,"gold_loss":0},{"damage_healed":0,"gold_gain":0,"player_choice":"Inject Mutagens","damage_taken":0,"relics_obtained":["MutagenicStrength"],"max_hp_gain":0,"max_hp_loss":0,"event_name":"Drug Dealer","floor":33,"gold_loss":0},{"damage_healed":0,"gold_gain":0,"player_choice":"Fight","damage_taken":0,"max_hp_gain":0,"max_hp_loss":0,"event_name":"MindBloom","floor":38,"gold_loss":0},{"damage_healed":0,"gold_gain":0,"player_choice":"Fight","damage_taken":0,"max_hp_gain":0,"max_hp_loss":0,"event_name":"Mysterious Sphere","floor":41,"gold_loss":0}],"is_beta":false,"boss_relics":[{"not_picked":["Calling Bell","Sozu"],"picked":"Cursed Key"},{"not_picked":["Painkiller Herb","Replay:Grab Bag"],"picked":"Ooze Armor"}],"items_purged_floors":[20,47],"is_endless":false,"potions_floor_spawned":[1,5,11,24,35,37,43,48],"ascension_level":4}}