{"host":"oiw60b5ins9fyx34","time":1610628718,"event":{"mods":["BaseMod","Colored Map","Colored Powertips","Minty Spire (QoL Compilation)","Permanent Neow","Quick Restart","Rare Cards Sparkle","Relic Stats","StSLib","The Cursed"],"gold_per_floor":[116,116,127,143,143,143,182,182,252,252,271,284,284,317,317,317,317],"floor_reached":16,"language":"JPN","playtime":597,"items_purged":[],"score":116,"play_id":"4cc58043-fa68-42f7-98af-d85333a31982","local_time":"20210114215158","is_ascension_mode":true,"campfire_choices":[{"data":"TheCursedMod:FleshFromBone","floor":6,"key":"SMITH"},{"floor":10,"key":"REST"},{"floor":15,"key":"REST"}],"circlet_count":0,"master_deck":["TheCursedMod:Strike_TheCursed","TheCursedMod:Strike_TheCursed","TheCursedMod:Strike_TheCursed","TheCursedMod:Strike_TheCursed","TheCursedMod:Defend_TheCursed","TheCursedMod:Defend_TheCursed","TheCursedMod:Defend_TheCursed","TheCursedMod:Defend_TheCursed","TheCursedMod:CursedWand","TheCursedMod:CleanUpWorkshop","TheCursedMod:Dregs","TheCursedMod:RapidMovement","TheCursedMod:CursedMace+1","TheCursedMod:FleshFromBone+1","TheCursedMod:NeowsMight","TheCursedMod:SpitefulPray","TheCursedMod:Stretching","TheCursedMod:RapidMovement"],"relics":["TheCursedMod:BlackMagic101","TheCursedMod:CrystalBall","Golden Idol","Ancient Tea Set","Question Card","Gremlin Horn","Ornamental Fan"],"acts_visited":["Exordium"],"potions_floor_usage":[16],"damage_taken":[{"damage":0,"enemies":"Cultist","floor":1,"turns":3},{"damage":0,"enemies":"Small Slimes","floor":3,"turns":3},{"damage":0,"enemies":"2 Louse","floor":4,"turns":2},{"damage":39,"enemies":"Lagavulin","floor":7,"turns":8},{"damage":1,"enemies":"Exordium Thugs","floor":11,"turns":5},{"damage":0,"enemies":"Blue Slaver","floor":12,"turns":3},{"damage":5,"enemies":"3 Sentries","floor":14,"turns":12},{"damage":50,"enemies":"Hexaghost","floor":16,"turns":9}],"seed_played":"-8456825702231685278","potions_obtained":[{"floor":12,"key":"SteroidPotion"},{"floor":14,"key":"Swift Potion"}],"is_trial":false,"path_per_floor":["M","?","M","M","?","R","E","?","T","R","M","M","?","E","R","B"],"character_chosen":"THE_CURSED","items_purchased":[],"campfire_rested":2,"item_purchase_floors":[],"current_hp_per_floor":[54,54,54,54,54,54,15,15,15,35,34,34,34,29,49,0,0],"gold":317,"neow_bonus":"ONE_RARE_RELIC","is_daily":false,"chose_seed":false,"campfire_upgraded":1,"win_rate":0.0,"timestamp":1610628718,"path_taken":["M","?","M","?","?","R","E","?","T","R","?","M","?","E","R","BOSS"],"items_purchased_type":[],"build_version":"2020-12-22","purchased_purges":0,"victory":false,"max_hp_per_floor":[75,75,75,75,69,69,69,69,69,69,69,69,69,69,69,69,69],"relic_stats":{"Gremlin Horn":[2,2],"counters":[8,45],"Golden Idol":22,"Ornamental Fan":[4],"Question Card":3,"obtain_stats":[{"TheCursedMod:BlackMagic101":0,"Gremlin Horn":13,"Golden Idol":5,"Ornamental Fan":14,"TheCursedMod:CrystalBall":0,"Ancient Tea Set":7,"Question Card":9},{"TheCursedMod:BlackMagic101":0,"Gremlin Horn":6,"Golden Idol":3,"Ornamental Fan":7,"TheCursedMod:CrystalBall":0,"Ancient Tea Set":4,"Question Card":4},{"TheCursedMod:BlackMagic101":0,"Gremlin Horn":24,"Golden Idol":8,"Ornamental Fan":36,"TheCursedMod:CrystalBall":0,"Ancient Tea Set":16,"Question Card":16}]},"card_choices":[{"not_picked":["TheCursedMod:CursedShiv","TheCursedMod:CircleOfCorruption"],"picked":"TheCursedMod:RapidMovement","floor":1},{"not_picked":["TheCursedMod:Evocation","TheCursedMod:SaltUponWound"],"picked":"TheCursedMod:CursedMace","floor":3},{"not_picked":["TheCursedMod:SmokeScreen","TheCursedMod:ReleasedKnowledge"],"picked":"TheCursedMod:FleshFromBone","floor":4},{"not_picked":["TheCursedMod:TacticalStrike","TheCursedMod:CursedBlade"],"picked":"TheCursedMod:NeowsMight","floor":7},{"not_picked":["TheCursedMod:SpitefulStrike","TheCursedMod:WearCloak","TheCursedMod:CircleOfAmplification"],"picked":"TheCursedMod:SpitefulPray","floor":11},{"not_picked":["TheCursedMod:VitalStrike","TheCursedMod:CursedArmor","TheCursedMod:Mangle"],"picked":"TheCursedMod:Stretching","floor":12},{"not_picked":["TheCursedMod:Wield","TheCursedMod:CursedMace","TheCursedMod:SurpriseAttack"],"picked":"TheCursedMod:RapidMovement","floor":14}],"player_experience":673125,"relics_obtained":[{"floor":7,"key":"Ancient Tea Set"},{"floor":9,"key":"Question Card"},{"floor":13,"key":"Gremlin Horn"},{"floor":14,"key":"Ornamental Fan"}],"event_choices":[{"damage_healed":0,"gold_gain":0,"player_choice":"Bought 0 Potions","damage_taken":0,"max_hp_gain":0,"max_hp_loss":0,"event_name":"The Woman in Blue","floor":2,"gold_loss":0},{"damage_healed":0,"gold_gain":0,"player_choice":"Lose Max HP","damage_taken":0,"relics_obtained":["Golden Idol"],"max_hp_gain":0,"max_hp_loss":6,"event_name":"Golden Idol","floor":5,"gold_loss":0},{"damage_healed":0,"gold_gain":0,"player_choice":"Forge","damage_taken":0,"max_hp_gain":0,"max_hp_loss":0,"event_name":"Accursed Blacksmith","floor":8,"gold_loss":0,"cards_upgraded":["TheCursedMod:CursedMace"]},{"damage_healed":0,"gold_gain":0,"player_choice":"Relic","damage_taken":0,"max_hp_gain":0,"max_hp_loss":0,"event_name":"Wheel of Change","floor":13,"gold_loss":0}],"is_beta":false,"boss_relics":[],"items_purged_floors":[],"is_endless":false,"potions_floor_spawned":[12,14],"killed_by":"Hexaghost","ascension_level":1}}