{"host":"m3rs92yjkwi06hli","time":1610650021,"event":{"mods":["Act Like it!","Aspiration","BaseMod","Colored Map","Conspire","Defuse TimeMaze Blight","Energized Spire","Hubris","Infinite Spire","Minty Spire (QoL Compilation)","Relic Stats","Replay The Spire","Spicy Shops","StSLib","The Mystic"],"gold_per_floor":[114,178,29,44,44,44,70,70,122,122,132,163,278,295,295,400,400,338,387,387,425,425,425,461,461,487,487,520,520,520,520,520,640,640,680,680,718,143,143,143,182,182,182,253,253,10,10,10,10,34],"floor_reached":51,"language":"ENG","playtime":2995,"items_purged":["mysticmod:Strike_Mystic","mysticmod:Strike_Mystic","mysticmod:Strike_Mystic","CommonCold","mysticmod:Strike_Mystic"],"score":859,"play_id":"23fbb128-0417-4109-be2d-65b654b5f931","local_time":"20210114124701","is_ascension_mode":true,"campfire_choices":[{"data":"mysticmod:ShockingGrasp","floor":6.0,"key":"SMITH"},{"floor":10.0,"key":"REST"},{"floor":15.0,"key":"REST"},{"data":"mysticmod:Dedication","floor":23,"key":"SMITH"},{"floor":25,"key":"REST"},{"data":"mysticmod:Haste","floor":27,"key":"SMITH"},{"floor":30,"key":"REST"},{"data":"mysticmod:Dedication+1","floor":32,"key":"SMITH"},{"data":"mysticmod:Momentum","floor":40,"key":"SMITH"},{"data":"mysticmod:MirrorEntity","floor":42,"key":"SMITH"},{"data":"mysticmod:Dedication+2","floor":49,"key":"SMITH"},{"data":"mysticmod:Dedication+3","floor":49,"key":"SMITH"}],"circlet_count":0,"master_deck":["mysticmod:Defend_Mystic","mysticmod:Defend_Mystic","mysticmod:Defend_Mystic","mysticmod:Defend_Mystic","mysticmod:ArcaneDodge","mysticmod:ShockingGrasp+1","Secret Weapon","mysticmod:Dedication+4","mysticmod:Riposte","mysticmod:ChargedParry","mysticmod:TomeOfSpells","mysticmod:ComponentsPouch","mysticmod:Disengage","mysticmod:SuddenClarity","mysticmod:Alacrity","mysticmod:Haste+1","mysticmod:RapidCaster","mysticmod:Daze","mysticmod:TomeOfSpells+1","mysticmod:LightningBolt","mysticmod:Shield","infinitespire:DeathsTouch","mysticmod:Feint+1","mysticmod:MirrorEntity+1","mysticmod:HeavyStrike+1","mysticmod:Probe","mysticmod:FloatingDisk","mysticmod:ComponentsPouch","mysticmod:Daze","mysticmod:SuddenClarity+1","mysticmod:Flourish","mysticmod:Momentum+1","mysticmod:LightningBolt+1","mysticmod:Shield","mysticmod:Daze"],"relics":["mysticmod:SpellBook","Centennial Puzzle","Omamori","hubris:Icosahedron","Ancient Tea Set","Pet Ghost","conspire:TopHat","Replay:Ancient Bell","Replay:Bandana","Ornamental Fan","mysticmod:Kama","Red Mask","MutagenicStrength","Replay:Mystery Machine","Replay:WaspNest","energizedSpire:EnergizedDie","Replay:Accelerometer","energizedSpire:StickyHand","Dead Branch","BargainBundle","Lee\u0027s Waffle","Nunchaku","Bag of Preparation","White Beast Statue","Replay:Arrowhead","mysticmod:BentSpoon","ReplayTheSpireMod:CursedCoin","Counterbalance","Oddly Smooth Stone"],"acts_visited":["Exordium","TheCity","TheBeyond"],"potions_floor_usage":[50,50,50],"damage_taken":[{"damage":0.0,"enemies":"2 Louse","floor":1.0,"turns":2.0},{"damage":0.0,"enemies":"Cultist","floor":4.0,"turns":4.0},{"damage":17.0,"enemies":"Replay:BlueRogue","floor":7.0,"turns":6.0},{"damage":2.0,"enemies":"Small Slimes","floor":11.0,"turns":5.0},{"damage":18.0,"enemies":"Gremlin Nob","floor":12.0,"turns":3.0},{"damage":13.0,"enemies":"2 Fungi Beasts","floor":13.0,"turns":3.0},{"damage":0.0,"enemies":"Exordium Wildlife","floor":14.0,"turns":2.0},{"damage":45.0,"enemies":"Slime Boss","floor":16.0,"turns":13.0},{"damage":12,"enemies":"Spheric Guardian","floor":18,"turns":4},{"damage":32,"enemies":"Masked Bandits","floor":19,"turns":6},{"damage":0,"enemies":"Shell Parasite","floor":21,"turns":7},{"damage":0,"enemies":"3 Cultists","floor":24,"turns":5},{"damage":11,"enemies":"Centurion and Healer","floor":28,"turns":5},{"damage":3,"enemies":"conspire:SneckoGhost","floor":31,"turns":5},{"damage":26,"enemies":"Champ","floor":33,"turns":8},{"damage":18,"enemies":"3 Darklings","floor":35,"turns":4},{"damage":2,"enemies":"Mind Bloom Boss Battle","floor":36,"turns":8},{"damage":0,"enemies":"3 Shapes","floor":37,"turns":3},{"damage":0,"enemies":"Maw","floor":41,"turns":6},{"damage":9,"enemies":"Giant Head","floor":44,"turns":6},{"damage":0,"enemies":"conspire:OrnateMirror","floor":50,"turns":7}],"seed_played":"968073264010200197","potions_obtained":[{"floor":2.0,"key":"SteroidPotion"},{"floor":2.0,"key":"Dexterity Potion"},{"floor":7.0,"key":"Weak Potion"},{"floor":14.0,"key":"SkillPotion"},{"floor":16.0,"key":"PowerPotion"}],"is_trial":false,"path_per_floor":["M","?","$","M","?","R","E","?","T","R","M","E","M","M","R","B",null,"M","?","?","M","?","R","M","R","T","R","M","AVR","R","E","R","B",null,"M","?","M","$","?","R","M","R","T","E","?","$","?","AVR","R","B",null],"character_chosen":"MYSTIC_CLASS","items_purchased":["Omamori","BargainBundle","Lee\u0027s Waffle","Nunchaku","Bag of Preparation","mysticmod:Flourish","mysticmod:Momentum","mysticmod:LightningBolt+1","mysticmod:Shield","mysticmod:Daze","mysticmod:BentSpoon","ReplayTheSpireMod:CursedCoin","Counterbalance"],"campfire_rested":4,"item_purchase_floors":[3,38,38,38,38,38,38,38,38,38,46,46,46],"current_hp_per_floor":[77,58,58,58,58,58,41,41,41,64,62,44,31,31,54,9,77,65,33,33,33,33,33,33,56,56,56,45,45,68,65,65,39,77,59,57,57,84,84,84,84,84,84,75,75,75,75,75,75,75],"gold":34,"neow_bonus":"COLORLESS_CARD","is_daily":false,"chose_seed":false,"campfire_upgraded":8,"win_rate":0.0,"timestamp":1610650021,"path_taken":["M","?","?","?","?","R","E","?","T","R","?","E","M","M","R","BOSS","M","?","?","M","?","R","?","R","T","R","M","AVR","R","E","R","BOSS","M","?","M","$","?","R","M","R","T","E","?","$","?","AVR","R","BOSS"],"items_purchased_type":["Relic","Relic","Relic","Relic","Relic","Card","Card","Card","Card","Card","Relic","Relic","Relic"],"build_version":"2020-12-22","purchased_purges":5,"victory":true,"max_hp_per_floor":[77,77,77,77,77,77,77,77,77,77,77,77,77,77,77,77,77,77,77,77,77,77,77,77,77,77,77,77,77,77,77,77,77,77,77,77,77,84,84,84,84,84,84,84,84,84,84,84,84,84],"relic_stats":{"Centennial Puzzle":[39],"Lee\u0027s Waffle":27,"Nunchaku":[5],"counters":[21,112],"Ornamental Fan":[176],"Dead Branch":[60],"Bag of Preparation":[6],"obtain_stats":[{"Replay:Accelerometer":31,"mysticmod:SpellBook":0,"Bag of Preparation":38,"Replay:Mystery Machine":26,"Ancient Tea Set":7,"Pet Ghost":9,"conspire:TopHat":12,"Centennial Puzzle":2,"Replay:Bandana":17,"Nunchaku":38,"hubris:Icosahedron":5,"Red Mask":19,"BargainBundle":38,"Lee\u0027s Waffle":38,"ReplayTheSpireMod:CursedCoin":46,"Dead Branch":36,"Counterbalance":46,"mysticmod:Kama":17,"energizedSpire:EnergizedDie":29,"Oddly Smooth Stone":48,"Replay:WaspNest":29,"Omamori":3,"Replay:Ancient Bell":17,"energizedSpire:StickyHand":34,"White Beast Statue":43,"Replay:Arrowhead":44,"Ornamental Fan":17,"MutagenicStrength":22,"mysticmod:BentSpoon":46},{"Replay:Accelerometer":14,"mysticmod:SpellBook":0,"Bag of Preparation":18,"Replay:Mystery Machine":12,"Ancient Tea Set":3,"Pet Ghost":3,"conspire:TopHat":5,"Centennial Puzzle":1,"Replay:Bandana":8,"Nunchaku":18,"hubris:Icosahedron":2,"Red Mask":10,"BargainBundle":18,"Lee\u0027s Waffle":18,"ReplayTheSpireMod:CursedCoin":20,"Dead Branch":17,"Counterbalance":20,"mysticmod:Kama":8,"energizedSpire:EnergizedDie":13,"Oddly Smooth Stone":20,"Replay:WaspNest":13,"Omamori":1,"Replay:Ancient Bell":8,"energizedSpire:StickyHand":15,"White Beast Statue":19,"Replay:Arrowhead":20,"Ornamental Fan":8,"MutagenicStrength":11,"mysticmod:BentSpoon":20},{"Replay:Accelerometer":70,"mysticmod:SpellBook":0,"Bag of Preparation":93,"Replay:Mystery Machine":60,"Ancient Tea Set":12,"Pet Ghost":12,"conspire:TopHat":20,"Centennial Puzzle":2,"Replay:Bandana":38,"Nunchaku":93,"hubris:Icosahedron":6,"Red Mask":48,"BargainBundle":93,"Lee\u0027s Waffle":93,"ReplayTheSpireMod:CursedCoin":105,"Dead Branch":90,"Counterbalance":105,"mysticmod:Kama":38,"energizedSpire:EnergizedDie":65,"Oddly Smooth Stone":105,"Replay:WaspNest":65,"Omamori":2,"Replay:Ancient Bell":38,"energizedSpire:StickyHand":78,"White Beast Statue":99,"Replay:Arrowhead":105,"Ornamental Fan":38,"MutagenicStrength":55,"mysticmod:BentSpoon":105}]},"card_choices":[{"not_picked":["mysticmod:ComponentsPouch","mysticmod:Disengage"],"picked":"mysticmod:Dedication","floor":1.0},{"not_picked":["mysticmod:ComponentsPouch","mysticmod:MirrorStrike"],"picked":"mysticmod:Riposte","floor":2.0},{"not_picked":["mysticmod:PreparedCaster","mysticmod:Snowball"],"picked":"mysticmod:ChargedParry","floor":4.0},{"not_picked":["mysticmod:MysticalShield","mysticmod:AllIn"],"picked":"mysticmod:TomeOfSpells","floor":7.0},{"not_picked":["mysticmod:BulkUp","mysticmod:PureInstinct"],"picked":"mysticmod:ComponentsPouch","floor":11.0},{"not_picked":["mysticmod:CorrosiveTouch","mysticmod:MirrorStrike"],"picked":"mysticmod:Disengage","floor":12.0},{"not_picked":["mysticmod:Fly","mysticmod:Disintegrate"],"picked":"mysticmod:SuddenClarity","floor":13.0},{"not_picked":["mysticmod:PureInstinct","mysticmod:ComponentsPouch"],"picked":"mysticmod:Alacrity","floor":14.0},{"not_picked":["mysticmod:ClosingBarrage","mysticmod:MysticalShield"],"picked":"mysticmod:Haste","floor":16.0},{"not_picked":["Replay:Hysterical Blindness","CurseOfTheBell"],"picked":"Voices","floor":17},{"not_picked":["Parasite","hubris:Wrath"],"picked":"Looming Evil","floor":17},{"not_picked":["Regret","Replay:Hysterical Blindness"],"picked":"ReplayTheSpireMod:IOU","floor":17},{"not_picked":["mysticmod:Alacrity","mysticmod:SuddenClarity+1"],"picked":"mysticmod:RapidCaster","floor":18},{"not_picked":["mysticmod:ComponentsPouch","mysticmod:HeavyStrike"],"picked":"mysticmod:Daze","floor":19},{"not_picked":["mysticmod:Alacrity+1","mysticmod:HeavyStrike"],"picked":"mysticmod:TomeOfSpells+1","floor":21},{"not_picked":["mysticmod:Daze","mysticmod:TomeOfSpells"],"picked":"mysticmod:LightningBolt","floor":24},{"not_picked":["mysticmod:BulkUp","mysticmod:Dedication+1"],"picked":"mysticmod:Shield","floor":28},{"not_picked":["mysticmod:KeenEdge","mysticmod:Daze"],"picked":"mysticmod:Feint+1","floor":31},{"not_picked":["mysticmod:GreaterInvisibility","mysticmod:Disintegrate"],"picked":"mysticmod:MirrorEntity","floor":33},{"not_picked":["mysticmod:HeavyStrike+1","mysticmod:FloatingDisk"],"picked":"mysticmod:Probe","floor":35},{"not_picked":["mysticmod:ComponentsPouch","mysticmod:Daze"],"picked":"mysticmod:SuddenClarity+1","floor":36},{"not_picked":["mysticmod:Riposte+1","mysticmod:Disengage+1","mysticmod:Dedication"],"picked":"SKIP","floor":37},{"not_picked":["mysticmod:KeenEdge+1","mysticmod:ComboCaster","mysticmod:Dedication+1"],"picked":"SKIP","floor":41},{"not_picked":["mysticmod:KeenEdge","mysticmod:BladeMaster","mysticmod:PureInstinct+1"],"picked":"SKIP","floor":44}],"player_experience":762724,"relics_obtained":[{"floor":2.0,"key":"Centennial Puzzle"},{"floor":7.0,"key":"Ancient Tea Set"},{"floor":9.0,"key":"Pet Ghost"},{"floor":12.0,"key":"conspire:TopHat"},{"floor":19,"key":"Red Mask"},{"floor":26,"key":"Replay:Mystery Machine"},{"floor":31,"key":"Replay:Accelerometer"},{"floor":36,"key":"Dead Branch"},{"floor":43,"key":"White Beast Statue"},{"floor":44,"key":"Replay:Arrowhead"}],"event_choices":[{"damage_healed":0.0,"max_hp_gain":0.0,"max_hp_loss":0.0,"gold_gain":0.0,"event_name":"conspire:Investor","player_choice":"Leave","floor":8.0,"gold_loss":0.0,"damage_taken":0.0},{"damage_healed":0,"gold_gain":0,"player_choice":"Fought Bandits","damage_taken":0,"max_hp_gain":0,"max_hp_loss":0,"event_name":"Masked Bandits","floor":19,"gold_loss":0},{"damage_healed":0,"gold_gain":0,"player_choice":"Ignored","damage_taken":0,"max_hp_gain":0,"max_hp_loss":0,"event_name":"Ghosts","floor":20,"gold_loss":0},{"damage_healed":0,"gold_gain":0,"player_choice":"Inject Mutagens","damage_taken":0,"relics_obtained":["MutagenicStrength"],"max_hp_gain":0,"max_hp_loss":0,"event_name":"Drug Dealer","floor":22,"gold_loss":0},{"damage_healed":0,"gold_gain":0,"player_choice":"Fight","damage_taken":0,"max_hp_gain":0,"max_hp_loss":0,"event_name":"MindBloom","floor":36,"gold_loss":0},{"cards_removed":["Injury"],"damage_healed":0,"gold_gain":0,"player_choice":"Removed Curses","damage_taken":0,"max_hp_gain":0,"max_hp_loss":0,"event_name":"Fountain of Cleansing","floor":47,"gold_loss":0}],"is_beta":false,"boss_relics":[{"not_picked":["hubris:TerracottaHorce","aspiration:WatcherSkillbook"],"picked":"Replay:Ancient Bell"},{"not_picked":["Orichalcum","infinitespire:PuzzleCube"],"picked":"Replay:Bandana"},{"not_picked":["Chameleon Ring","hubris:DisguiseKit"],"picked":"Ornamental Fan"},{"not_picked":["Replay:Multitool","infinitespire:Lychee Nut"],"picked":"mysticmod:Kama"},{"not_picked":["Painkiller Herb","hubris:BlackHole"],"picked":"energizedSpire:StickyHand"}],"items_purged_floors":[29,38,38,46,48],"is_endless":false,"potions_floor_spawned":[7,14,16,19,21,31,37,41,44],"ascension_level":1}}