{"host":"oehe2dxjvdgux73m","time":1610633549,"event":{"mods":["AchievementEnabler","BaseMod","Colored Map","Colored Powertips","DeckTracker","Keyboard Shortcuts","Minty Spire (QoL Compilation)","Permanent Neow","Quick Restart","StSLib","SuperFastMode"],"gold_per_floor":[115,115,115,132,149,149,176,196,242,242,242],"floor_reached":10,"language":"KOR","playtime":342,"items_purged":[],"score":116,"play_id":"0e6d6d07-618a-43bc-85cc-40fb22cea27e","local_time":"20210114231229","is_ascension_mode":true,"campfire_choices":[{"data":"Crippling Poison","floor":6.0,"key":"SMITH"}],"circlet_count":0,"master_deck":["AscendersBane","Strike_G","Strike_G","Strike_G","Defend_G","Defend_G","Defend_G","Defend_G","Defend_G","Survivor","Neutralize","Crippling Poison+1","Blur","After Image+1","Skewer","Cloak And Dagger","Venomology","Flechettes"],"relics":["Ring of the Snake","Kunai","Nunchaku"],"acts_visited":["Exordium"],"potions_floor_usage":[8,10],"damage_taken":[{"damage":8.0,"enemies":"Small Slimes","floor":1.0,"turns":4.0},{"damage":7.0,"enemies":"2 Louse","floor":4.0,"turns":4.0},{"damage":9.0,"enemies":"Cultist","floor":5.0,"turns":5.0},{"damage":28.0,"enemies":"Gremlin Nob","floor":7.0,"turns":5.0},{"damage":0,"enemies":"Blue Slaver","floor":8,"turns":4},{"damage":7,"enemies":"Lagavulin","floor":10,"turns":7}],"seed_played":"-2292994114338433742","potions_obtained":[{"floor":1.0,"key":"BlessingOfTheForge"}],"is_trial":false,"path_per_floor":["M","?","?","M","M","R","E","M","T","E"],"character_chosen":"THE_SILENT","items_purchased":[],"campfire_rested":0,"item_purchase_floors":[],"current_hp_per_floor":[51,51,51,44,35,35,7,7,7,0,0],"gold":242,"neow_bonus":"TRANSFORM_CARD","is_daily":false,"chose_seed":false,"campfire_upgraded":1,"win_rate":0.0,"timestamp":1610633549,"path_taken":["M","?","?","?","M","R","E","M","T","E"],"items_purchased_type":[],"build_version":"2020-12-22","purchased_purges":0,"victory":false,"max_hp_per_floor":[66,66,66,66,66,66,66,66,66,66,66],"card_choices":[{"not_picked":["Slice","Deflect"],"picked":"Blur","floor":1.0},{"not_picked":["Dodge and Roll","Sucker Punch"],"picked":"Skewer","floor":4.0},{"not_picked":["Infinite Blades","Dodge and Roll"],"picked":"Cloak And Dagger","floor":5.0},{"not_picked":["Outmaneuver","PiercingWail"],"picked":"Venomology","floor":7.0},{"not_picked":["Underhanded Strike","Deflect"],"picked":"Flechettes","floor":8}],"player_experience":192890,"relics_obtained":[{"floor":7.0,"key":"Kunai"},{"floor":9,"key":"Nunchaku"}],"event_choices":[{"damage_healed":0.0,"max_hp_gain":0.0,"max_hp_loss":0.0,"gold_gain":0.0,"cards_transformed":["Strike_G"],"event_name":"Living Wall","player_choice":"Change","floor":2.0,"gold_loss":0.0,"damage_taken":0.0,"cards_obtained":["After Image"]},{"damage_healed":0.0,"max_hp_gain":0.0,"max_hp_loss":0.0,"gold_gain":0.0,"event_name":"Upgrade Shrine","player_choice":"Upgraded","floor":3.0,"gold_loss":0.0,"damage_taken":0.0,"cards_upgraded":["After Image"]}],"is_beta":false,"boss_relics":[],"items_purged_floors":[],"is_endless":false,"potions_floor_spawned":[1],"killed_by":"Lagavulin","ascension_level":14}}