{"host":"hc0b6jw6qdhg5ry9","time":1610606074,"event":{"mods":["BaseMod","Colored Map","Friendly Minions","Hermit","Marisa£¨Ùöéë¡¡Øª×âÞÞ£©","Minty Spire (QoL Compilation)","StSLib","SuperFastMode","The Bug Knight"],"gold_per_floor":[116,44,44,44,61,61,78,78,128,157,157,168,243,255,255,357,357,374,374,374,169,169,169,109,109,109,109,109,109],"floor_reached":28,"language":"KOR","playtime":887,"items_purged":[],"score":214,"play_id":"7e958e2b-c183-44fa-995d-a5f6b0e31a47","local_time":"20210114153434","is_ascension_mode":false,"campfire_choices":[{"data":"Well Laid Plans","floor":6,"key":"SMITH"},{"data":"Neutralize","floor":8,"key":"SMITH"},{"data":"Survivor","floor":11,"key":"SMITH"},{"floor":15,"key":"REST"},{"data":"After Image","floor":23,"key":"SMITH"},{"data":"Backflip","floor":25,"key":"SMITH"},{"data":"Deadly Poison","floor":27,"key":"SMITH"}],"circlet_count":0,"master_deck":["Strike_G+1","Strike_G+1","Strike_G+1","Strike_G+1","Strike_G+1","Defend_G+1","Defend_G+1","Defend_G+1","Defend_G+1","Defend_G+1","Survivor+1","Neutralize+1","Bouncing Flask+1","Well Laid Plans+1","Deadly Poison+1","Flying Knee","Quick Slash","Flying Knee","Backflip+1","After Image+1","Footwork+1","PiercingWail","Bane+1"],"relics":["Ring of the Snake","Strawberry","Bag of Marbles","Potion Belt","Runic Pyramid","MutagenicStrength","Sling","Nilry\u0027s Codex","Mummified Hand"],"acts_visited":["Exordium","TheCity"],"potions_floor_usage":[16,16,16],"damage_taken":[{"damage":3,"enemies":"Jaw Worm","floor":1,"turns":5},{"damage":0,"enemies":"2 Louse","floor":5,"turns":3},{"damage":1,"enemies":"Cultist","floor":7,"turns":3},{"damage":28,"enemies":"3 Sentries","floor":10,"turns":7},{"damage":9,"enemies":"2 Fungi Beasts","floor":12,"turns":3},{"damage":16,"enemies":"Exordium Wildlife","floor":14,"turns":3},{"damage":1,"enemies":"Hexaghost","floor":16,"turns":7},{"damage":11,"enemies":"Spheric Guardian","floor":18,"turns":5},{"damage":1,"enemies":"2 Thieves","floor":24,"turns":4},{"damage":53,"enemies":"Gremlin Leader","floor":28,"turns":7}],"seed_played":"7998070945351699540","potions_obtained":[{"floor":1,"key":"CunningPotion"},{"floor":5,"key":"SpeedPotion"},{"floor":12,"key":"Energy Potion"},{"floor":16,"key":"Regen Potion"}],"is_trial":false,"path_per_floor":["M","$","?","?","M","R","M","R","T","E","R","M","?","M","R","B",null,"M","?","?","$","?","R","M","R","T","R","E"],"character_chosen":"THE_SILENT","items_purchased":["Well Laid Plans","Sling","PiercingWail"],"campfire_rested":1,"item_purchase_floors":[2,21,21],"current_hp_per_floor":[74,74,74,74,74,74,73,73,73,45,45,36,25,9,32,31,77,66,66,66,66,50,50,49,49,49,49,0,0],"gold":109,"neow_bonus":"RANDOM_COMMON_RELIC","is_daily":false,"chose_seed":false,"campfire_upgraded":6,"win_rate":0.0,"timestamp":1610606074,"path_taken":["M","$","?","?","M","R","M","R","T","E","R","?","?","M","R","BOSS","M","?","?","$","?","R","M","R","T","R","E"],"items_purchased_type":["Card","Relic","Card"],"build_version":"2020-12-22","purchased_purges":0,"victory":false,"max_hp_per_floor":[77,77,77,77,77,77,77,77,77,77,77,77,77,77,77,77,77,77,77,77,77,77,77,77,77,77,77,77,77],"card_choices":[{"not_picked":["Infinite Blades","Escape Plan"],"picked":"Bouncing Flask","floor":1},{"not_picked":["Heel Hook","Prepared"],"picked":"Deadly Poison","floor":5},{"not_picked":["Setup","Slice"],"picked":"Flying Knee","floor":7},{"not_picked":["Sucker Punch","Masterful Stab"],"picked":"Quick Slash","floor":10},{"not_picked":["Dash","Quick Slash"],"picked":"Flying Knee","floor":12},{"not_picked":["Acrobatics","Poisoned Stab"],"picked":"Backflip","floor":14},{"not_picked":["Tools of the Trade","Unload"],"picked":"After Image","floor":16},{"not_picked":["Accuracy","Deadly Poison"],"picked":"Footwork+1","floor":18},{"not_picked":["Riddle With Holes+1","Reflex+1"],"picked":"Bane+1","floor":24}],"player_experience":176575,"relics_obtained":[{"floor":9,"key":"Bag of Marbles"},{"floor":10,"key":"Potion Belt"},{"floor":22,"key":"Nilry\u0027s Codex"},{"floor":26,"key":"Mummified Hand"}],"event_choices":[{"damage_healed":0,"gold_gain":0,"player_choice":"Leave","damage_taken":0,"max_hp_gain":0,"max_hp_loss":0,"event_name":"The Cleric","floor":3,"gold_loss":0},{"damage_healed":0,"gold_gain":0,"player_choice":"Forge","damage_taken":0,"max_hp_gain":0,"max_hp_loss":0,"event_name":"Accursed Blacksmith","floor":4,"gold_loss":0,"cards_upgraded":["Bouncing Flask"]},{"damage_healed":0,"gold_gain":75,"player_choice":"Gather Gold","damage_taken":11,"max_hp_gain":0,"max_hp_loss":0,"event_name":"World of Goop","floor":13,"gold_loss":0},{"damage_healed":0,"gold_gain":0,"player_choice":"Inject Mutagens","damage_taken":0,"relics_obtained":["MutagenicStrength"],"max_hp_gain":0,"max_hp_loss":0,"event_name":"Drug Dealer","floor":19,"gold_loss":0},{"damage_healed":0,"gold_gain":0,"player_choice":"Simplicity","damage_taken":0,"max_hp_gain":0,"max_hp_loss":0,"event_name":"Back to Basics","floor":20,"gold_loss":0,"cards_upgraded":["Strike_G","Strike_G","Strike_G","Strike_G","Strike_G","Defend_G","Defend_G","Defend_G","Defend_G","Defend_G"]},{"damage_healed":0,"gold_gain":0,"player_choice":"Obtained Book","damage_taken":16,"max_hp_gain":0,"max_hp_loss":0,"event_name":"Cursed Tome","floor":22,"gold_loss":0}],"is_beta":false,"boss_relics":[{"not_picked":["Astrolabe","Ring of the Serpent"],"picked":"Runic Pyramid"}],"items_purged_floors":[],"is_endless":false,"potions_floor_spawned":[1,5,12,16],"killed_by":"Gremlin Leader","ascension_level":0}}