{"host":"51fyd6gkml7xavq8","time":1610654505,"event":{"mods":["BaseMod","BetterRewards","Colored Map","Energized Spire","Infinite Spire","Minty Spire (QoL Compilation)","Replay The Spire","Shop Mod","Spicy Shops","StSLib","The Blue Laboratory","[IsaacMod]????"],"gold_per_floor":[110,110,126,150,3,3,20,35,35,50,62,100,132,150,150,245,245,259,259,259,259],"floor_reached":20,"language":"ENG","playtime":1059,"items_purged":["Dualcast","ReplayTheSpireMod:Splinters"],"score":359,"play_id":"6fd915da-b1f8-43f4-9519-020bc81dde33","local_time":"20210114170145","is_ascension_mode":true,"campfire_choices":[{"data":"Zap","floor":6.0,"key":"SMITH"},{"floor":15.0,"key":"REST"}],"circlet_count":0,"master_deck":["Strike_B","Strike_B","Strike_B","Strike_B","Defend_B","Defend_B","Defend_B","Defend_B","Zap+1","Consume","Loop","Electrodynamics","Echo Form","Necronomicurse"],"relics":["Cracked Core","HushsDoor","DeathBook","Blue Doll","MerchantsRug","Unceasing Top","ReplayTheSpireMod:CursedCoin","Ginger","Inserter","Necronomicon"],"acts_visited":["Exordium","TheCity"],"potions_floor_usage":[20],"damage_taken":[{"damage":1.0,"enemies":"Cultist","floor":1.0,"turns":3.0},{"damage":0.0,"enemies":"Small Slimes","floor":3.0,"turns":3.0},{"damage":7.0,"enemies":"Jaw Worm","floor":7.0,"turns":3.0},{"damage":0.0,"enemies":"Large Slime","floor":8.0,"turns":3.0},{"damage":18.0,"enemies":"Exordium Thugs","floor":10.0,"turns":4.0},{"damage":3.0,"enemies":"2 Fungi Beasts","floor":11.0,"turns":4.0},{"damage":4.0,"enemies":"Gremlin Nob","floor":13.0,"turns":3.0},{"damage":17.0,"enemies":"Large Slime","floor":14.0,"turns":5.0},{"damage":6.0,"enemies":"Fading Forest","floor":16.0,"turns":11.0},{"damage":19.0,"enemies":"Chosen","floor":18.0,"turns":4.0},{"damage":23,"enemies":"Shell Parasite","floor":20,"turns":5}],"seed_played":"-6791734432470167398","potions_obtained":[{"floor":3.0,"key":"blueLaboratory:Moonshine"},{"floor":13.0,"key":"Ancient Potion"},{"floor":14.0,"key":"EntropicBrew"},{"floor":16.0,"key":"blueLaboratory:BottleOfRum"}],"is_trial":false,"path_per_floor":["M","$","M","T","$","R","M","M","T","M","M","$","E","M","R","B",null,"M","?","M"],"character_chosen":"DEFECT","items_purchased":["Consume","MerchantsRug","Loop","ReplayTheSpireMod:CursedCoin","Echo Form"],"campfire_rested":1,"item_purchase_floors":[0,5,12,12,17],"current_hp_per_floor":[50,50,50,50,50,50,43,43,43,25,22,22,18,1,23,17,58,39,23,0,0],"gold":259,"neow_bonus":"","is_daily":false,"chose_seed":false,"campfire_upgraded":1,"win_rate":0.0,"timestamp":1610654505,"path_taken":["M","$","M","?","$","R","?","M","T","M","M","?","E","M","R","BOSS","M","?","M"],"items_purchased_type":["Card","Relic","Card","Relic","Card"],"build_version":"2020-12-22","purchased_purges":2,"victory":false,"max_hp_per_floor":[75,75,75,75,75,75,75,75,75,75,75,75,75,75,75,75,71,71,71,71,71],"card_choices":[{"not_picked":["Rebound","Pulse","Beam Cell"],"picked":"SKIP","floor":1.0},{"not_picked":["Compile Driver","Hologram","Rip and Tear"],"picked":"SKIP","floor":3.0},{"not_picked":["Leap","Skim","Streamline"],"picked":"SKIP","floor":7.0},{"not_picked":["Undo","Gash","Conserve Battery"],"picked":"SKIP","floor":8.0},{"not_picked":["BasicCrystalCard","Sweeping Beam","ReplayTheSpireMod:Omega Cannon"],"picked":"SKIP","floor":10.0},{"not_picked":["ReplayGash","Rebound","Force Field"],"picked":"SKIP","floor":11.0},{"not_picked":["Distribution","Ball Lightning"],"picked":"Electrodynamics","floor":13.0},{"not_picked":["Reprogram","ReplayTheSpireMod:GoodbyeWorld","Rebound"],"picked":"SKIP","floor":14.0},{"not_picked":["Ball Lightning+1","Reinforced Body","Steam"],"picked":"SKIP","floor":18.0}],"player_experience":526007,"relics_obtained":[{"floor":4.0,"key":"Blue Doll"},{"floor":9.0,"key":"Unceasing Top"},{"floor":13.0,"key":"Ginger"},{"floor":19.0,"key":"Necronomicon"}],"event_choices":[{"damage_healed":0.0,"max_hp_gain":0.0,"max_hp_loss":0.0,"gold_gain":0.0,"event_name":"Cursed Tome","player_choice":"Obtained Book","floor":19.0,"gold_loss":0.0,"damage_taken":16.0}],"is_beta":false,"boss_relics":[{"not_picked":["Empty Cage","Fusion Hammer"],"picked":"Inserter"},{"not_picked":[]}],"items_purged_floors":[0,12],"is_endless":false,"potions_floor_spawned":[3,13,14,16],"killed_by":"Shell Parasite","ascension_level":6}}