{"host":"BK","time":1610584837,"event":{"mods":["BaseMod","Highlight Path","Minty Spire (QoL Compilation)","StSLib"],"gold_per_floor":[113,263,282,63,63,63,76,111,111,146,146,165,165,215,215,291,291,303,303,303],"floor_reached":19,"language":"ENG","playtime":740,"items_purged":["Doubt"],"score":350,"play_id":"d64634e6-daa4-4b53-864f-b0cb2b1a8343","local_time":"20210113174037","is_ascension_mode":true,"campfire_choices":[{"floor":6.0,"key":"DIG"},{"data":"Defragment","floor":11.0,"key":"SMITH"},{"floor":13.0,"key":"REST"},{"data":"Reinforced Body","floor":15.0,"key":"SMITH"}],"circlet_count":0,"master_deck":["AscendersBane","Strike_B","Strike_B","Strike_B","Strike_B","Defend_B","Defend_B","Defend_B","Defend_B","Zap","Dualcast","Rebound","Defragment+1","Cold Snap","Doom and Gloom+1","Self Repair","Reinforced Body+1","Core Surge+1"],"relics":["Cracked Core","Mango","Shovel","Happy Flower","Dream Catcher","Molten Egg 2","Blue Candle","Fusion Hammer"],"acts_visited":["Exordium","TheCity"],"potions_floor_usage":[16],"damage_taken":[{"damage":4.0,"enemies":"Small Slimes","floor":1.0,"turns":3.0},{"damage":7.0,"enemies":"Cultist","floor":3.0,"turns":4.0},{"damage":0.0,"enemies":"2 Louse","floor":7.0,"turns":3.0},{"damage":20.0,"enemies":"Lagavulin","floor":8.0,"turns":7.0},{"damage":17.0,"enemies":"Gremlin Nob","floor":10.0,"turns":4.0},{"damage":7.0,"enemies":"Red Slaver","floor":12.0,"turns":3.0},{"damage":33,"enemies":"Slime Boss","floor":16,"turns":9},{"damage":51,"enemies":"Chosen","floor":18,"turns":5},{"damage":17,"enemies":"Shell Parasite","floor":19,"turns":3}],"seed_played":"8967459333909352058","potions_obtained":[{"floor":3.0,"key":"Weak Potion"},{"floor":10.0,"key":"Swift Potion"}],"is_trial":false,"path_per_floor":["M","?","M","$","?","R","M","E","T","E","R","M","R","?","R","B",null,"M","M"],"character_chosen":"DEFECT","items_purchased":["Defragment","Explosive Potion"],"campfire_rested":1,"item_purchase_floors":[4,4],"current_hp_per_floor":[74,74,67,67,56,56,56,36,36,19,19,12,35,35,35,9,61,17,0,0],"gold":303,"neow_bonus":"ONE_RARE_RELIC","is_daily":false,"chose_seed":false,"campfire_upgraded":2,"win_rate":0.0,"timestamp":1610584837,"path_taken":["M","?","M","$","?","R","M","E","T","E","R","M","R","?","R","BOSS","M","?"],"items_purchased_type":["Card","Potion"],"build_version":"2020-12-18","purchased_purges":1,"victory":false,"max_hp_per_floor":[78,78,78,78,78,78,78,78,78,78,78,78,78,78,78,78,78,78,78,78],"card_choices":[{"not_picked":["Auto Shields","Coolheaded"],"picked":"Rebound","floor":1.0},{"not_picked":["Blizzard","Gash","Steam"],"picked":"SKIP","floor":3.0},{"not_picked":["Stack","Beam Cell","Redo"],"picked":"SKIP","floor":7.0},{"not_picked":["Turbo","Rebound"],"picked":"Cold Snap","floor":8.0},{"not_picked":["Double Energy","Capacitor"],"picked":"Doom and Gloom+1","floor":10.0},{"not_picked":["Buffer","Streamline+1"],"picked":"Self Repair","floor":12.0},{"not_picked":["Beam Cell+1","Defragment"],"picked":"Reinforced Body","floor":13.0},{"not_picked":["Reboot","Rainbow"],"picked":"Core Surge+1","floor":16},{"not_picked":["Lockon+1","Steam","Streamline+1"],"picked":"SKIP","floor":18}],"player_experience":2497678,"relics_obtained":[{"floor":6.0,"key":"Happy Flower"},{"floor":8.0,"key":"Dream Catcher"},{"floor":9.0,"key":"Molten Egg 2"},{"floor":10.0,"key":"Blue Candle"}],"event_choices":[{"damage_healed":0.0,"max_hp_gain":0.0,"max_hp_loss":0.0,"gold_gain":150.0,"event_name":"Liars Game","player_choice":"AGREE","floor":2.0,"gold_loss":0.0,"damage_taken":0.0,"cards_obtained":["Doubt"]},{"damage_healed":0.0,"max_hp_gain":0.0,"max_hp_loss":0.0,"gold_gain":0.0,"event_name":"Scrap Ooze","player_choice":"Success","floor":5.0,"gold_loss":0.0,"damage_taken":11.0,"relics_obtained":["Shovel"]},{"damage_healed":0.0,"max_hp_gain":0.0,"max_hp_loss":0.0,"gold_gain":50.0,"event_name":"Golden Shrine","player_choice":"Pray","floor":14.0,"gold_loss":0.0,"damage_taken":0.0}],"is_beta":true,"boss_relics":[{"not_picked":["Philosopher\u0027s Stone","SlaversCollar"],"picked":"Fusion Hammer"}],"items_purged_floors":[4],"is_endless":false,"potions_floor_spawned":[3,10],"killed_by":"Shell Parasite","ascension_level":20}}