{"host":"2fgwwnzqc97k7iys","time":1610654136,"event":{"mods":["BaseMod","Colored Map","Minty Spire (QoL Compilation)","Quick Restart","Relic Stats"],"gold_per_floor":[110,124,74,37,48,48,75,94,94,94,111,146,158,233,233,331,331,346,3,3,3,15,15,43,43,43,62,62,76,86,86,86],"floor_reached":31,"language":"ENG","playtime":1326,"items_purged":["Strike_R"],"score":460,"play_id":"6c07124b-2fe9-4688-adaa-0f48fd6ac863","local_time":"20210114135536","is_ascension_mode":true,"campfire_choices":[{"data":"Evolve","floor":6,"key":"SMITH"},{"data":"Wild Strike","floor":10,"key":"SMITH"},{"data":"Body Slam","floor":15,"key":"SMITH"},{"data":"True Grit","floor":23,"key":"SMITH"},{"data":"Dark Embrace","floor":25,"key":"SMITH"}],"circlet_count":0,"master_deck":["Strike_R+1","Strike_R+1","Strike_R+1","Strike_R+1","Defend_R+1","Defend_R+1","Defend_R+1","Bash","Flame Barrier","Power Through","Evolve+1","Wild Strike+1","Dropkick","Headbutt","Wild Strike","Body Slam+1","Body Slam","Immolate","True Grit+1","Shrug It Off","Immolate","Dark Embrace+1","Dark Embrace+1","Fire Breathing","Shrug It Off"],"relics":["Sozu","Letter Opener","Mummified Hand","Matryoshka","Coffee Dripper","Sundial","Ornamental Fan","MealTicket"],"acts_visited":["Exordium","TheCity"],"potions_floor_usage":[],"damage_taken":[{"damage":1,"enemies":"Cultist","floor":1,"turns":4},{"damage":0,"enemies":"Small Slimes","floor":2,"turns":3},{"damage":6,"enemies":"Jaw Worm","floor":5,"turns":5},{"damage":17,"enemies":"Lagavulin","floor":7,"turns":7},{"damage":1,"enemies":"Blue Slaver","floor":8,"turns":4},{"damage":0,"enemies":"Looter","floor":11,"turns":2},{"damage":3,"enemies":"3 Sentries","floor":12,"turns":8},{"damage":0,"enemies":"Exordium Wildlife","floor":13,"turns":3},{"damage":0,"enemies":"Slime Boss","floor":16,"turns":8},{"damage":6,"enemies":"Spheric Guardian","floor":18,"turns":3},{"damage":10,"enemies":"Shell Parasite","floor":22,"turns":4},{"damage":12,"enemies":"Slavers","floor":24,"turns":3},{"damage":0,"enemies":"Sentry and Sphere","floor":27,"turns":4},{"damage":12,"enemies":"Snecko","floor":29,"turns":5},{"damage":8,"enemies":"Cultist and Chosen","floor":30,"turns":4},{"damage":5,"enemies":"Gremlin Leader","floor":31,"turns":2}],"seed_played":"7987362551787590141","potions_obtained":[],"is_trial":false,"path_per_floor":["M","M","?","$","M","R","E","M","T","R","M","E","M","?","R","B",null,"M","$","?","?","M","R","E","R","T","M","?","M","M","E"],"character_chosen":"IRONCLAD","items_purchased":["Evolve","True Grit","Shrug It Off","Immolate"],"campfire_rested":0,"item_purchase_floors":[4,19,19,19],"current_hp_per_floor":[71,71,71,71,65,65,48,47,47,47,47,44,44,33,33,33,68,62,62,62,62,52,52,40,40,40,40,25,13,5,0,0],"gold":86,"neow_bonus":"BOSS_RELIC","is_daily":false,"chose_seed":false,"campfire_upgraded":5,"win_rate":0.0,"timestamp":1610654136,"path_taken":["M","M","?","$","M","R","E","M","T","R","M","E","M","?","R","BOSS","M","$","?","?","M","R","E","R","T","M","?","M","M","E"],"items_purchased_type":["Card","Card","Card","Card"],"build_version":"2020-12-22","purchased_purges":1,"victory":false,"max_hp_per_floor":[80,80,80,80,80,80,80,80,80,80,80,80,80,80,80,80,80,80,80,80,80,80,80,80,80,80,80,85,85,85,85,85],"relic_stats":{"Sozu":8,"counters":[16,69],"Mummified Hand":[24],"Sundial":[0],"Ornamental Fan":[32],"MealTicket":0,"Letter Opener":[10],"obtain_stats":[{"Sozu":0,"Matryoshka":12,"Mummified Hand":9,"Sundial":24,"Ornamental Fan":26,"MealTicket":26,"Coffee Dripper":17,"Letter Opener":7,"Burning Blood":0},{"Sozu":0,"Matryoshka":7,"Mummified Hand":5,"Sundial":12,"Ornamental Fan":12,"MealTicket":12,"Coffee Dripper":9,"Letter Opener":4,"Burning Blood":0},{"Sozu":0,"Matryoshka":33,"Mummified Hand":23,"Sundial":54,"Ornamental Fan":54,"MealTicket":54,"Coffee Dripper":44,"Letter Opener":19,"Burning Blood":0}]},"card_choices":[{"not_picked":["Armaments","Infernal Blade"],"picked":"Flame Barrier","floor":1},{"not_picked":["Warcry","Searing Blow"],"picked":"Power Through","floor":2},{"not_picked":["Heavy Blade","Cleave"],"picked":"Wild Strike","floor":5},{"not_picked":["Havoc","Flex"],"picked":"Dropkick","floor":7},{"not_picked":["Metallicize","Warcry"],"picked":"Headbutt","floor":8},{"not_picked":["Anger","Cleave"],"picked":"Wild Strike","floor":11},{"not_picked":["Blood for Blood","Impervious"],"picked":"Body Slam","floor":12},{"not_picked":["Dropkick","Flex"],"picked":"Body Slam","floor":13},{"not_picked":["Exhume","Reaper"],"picked":"Immolate","floor":16},{"not_picked":["Body Slam","Dropkick","Feel No Pain"],"picked":"SKIP","floor":18},{"not_picked":["Body Slam+1","Clothesline"],"picked":"Dark Embrace+1","floor":22},{"not_picked":["Wild Strike","Bludgeon"],"picked":"Dark Embrace","floor":24},{"not_picked":["Hemokinesis","Armaments"],"picked":"Fire Breathing","floor":27},{"not_picked":["Armaments","Clothesline+1"],"picked":"Shrug It Off","floor":29},{"not_picked":["Heavy Blade","Whirlwind","Dark Embrace+1"],"picked":"SKIP","floor":30}],"player_experience":468621,"relics_obtained":[{"floor":7,"key":"Letter Opener"},{"floor":9,"key":"Mummified Hand"},{"floor":12,"key":"Matryoshka"},{"floor":24,"key":"Sundial"},{"floor":26,"key":"Ornamental Fan"},{"floor":26,"key":"MealTicket"}],"event_choices":[{"cards_removed":["Defend_R"],"damage_healed":0,"gold_gain":0,"player_choice":"Card Removal","damage_taken":0,"max_hp_gain":0,"max_hp_loss":0,"event_name":"The Cleric","floor":3,"gold_loss":50},{"damage_healed":0,"gold_gain":75,"player_choice":"Gather Gold","damage_taken":11,"max_hp_gain":0,"max_hp_loss":0,"event_name":"World of Goop","floor":14,"gold_loss":0},{"damage_healed":0,"gold_gain":0,"player_choice":"Ignored","damage_taken":0,"max_hp_gain":0,"max_hp_loss":0,"event_name":"The Mausoleum","floor":20,"gold_loss":0},{"damage_healed":0,"gold_gain":0,"player_choice":"Simplicity","damage_taken":0,"max_hp_gain":0,"max_hp_loss":0,"event_name":"Back to Basics","floor":21,"gold_loss":0,"cards_upgraded":["Strike_R","Strike_R","Strike_R","Strike_R","Defend_R","Defend_R","Defend_R"]},{"damage_healed":0,"gold_gain":0,"player_choice":"Shed Blood","damage_taken":20,"max_hp_gain":5,"max_hp_loss":0,"event_name":"Forgotten Altar","floor":28,"gold_loss":0}],"is_beta":false,"boss_relics":[{"not_picked":["Ectoplasm","Calling Bell"],"picked":"Coffee Dripper"}],"items_purged_floors":[19],"is_endless":false,"potions_floor_spawned":[5,7,8,16,18,24,27,30],"killed_by":"Gremlin Leader","ascension_level":9}}