{"host":"h4lp0eeso8a0ssq0","time":1610605292,"event":{"mods":["2.2 Compatiblity","BaseMod","CapriCore","Colored Map","Hermit","Minty Spire (QoL Compilation)","StSLib","SuperFastMode","The Cursed","The Hierophant"],"gold_per_floor":[110,110,60,60,78,78,104,121,147,166,166,241,259,271,271,271,271],"floor_reached":16,"language":"KOR","playtime":613,"items_purged":[],"score":102,"play_id":"31bd7e5f-a1a3-4524-97f1-39a2ad4f56c5","local_time":"20210114152132","is_ascension_mode":false,"campfire_choices":[{"data":"hermit:Headshot","floor":6,"key":"SMITH"},{"data":"hermit:Snapshot","floor":11,"key":"SMITH"},{"floor":15,"key":"REST"}],"circlet_count":0,"master_deck":["hermit:Strike_Hermit","hermit:Strike_Hermit","hermit:Strike_Hermit","hermit:Defend_Hermit+1","hermit:Defend_Hermit","hermit:Defend_Hermit+1","hermit:Defend_Hermit","hermit:Snapshot+1","hermit:Covet","hermit:Malice+1","hermit:Headshot+1","hermit:PistolWhip","hermit:Snipe","hermit:Misfire","hermit:BigShot+1","hermit:HighCaliber"],"relics":["hermit:Momento","hermit:RyeStalk","Frozen Egg 2","War Paint"],"acts_visited":["Exordium"],"potions_floor_usage":[16,16,16],"damage_taken":[{"damage":8,"enemies":"Jaw Worm","floor":1,"turns":3},{"damage":0,"enemies":"Small Slimes","floor":5,"turns":3},{"damage":31,"enemies":"Lagavulin","floor":7,"turns":5},{"damage":0,"enemies":"2 Louse","floor":8,"turns":3},{"damage":8,"enemies":"Red Slaver","floor":10,"turns":2},{"damage":7,"enemies":"3 Louse","floor":13,"turns":2},{"damage":5,"enemies":"Looter","floor":14,"turns":4},{"damage":29,"enemies":"Hexaghost","floor":16,"turns":9}],"seed_played":"-8151225743981785488","potions_obtained":[{"floor":1,"key":"LiquidBronze"},{"floor":7,"key":"SpeedPotion"},{"floor":10,"key":"AttackPotion"},{"floor":14,"key":"Dexterity Potion"}],"is_trial":false,"path_per_floor":["M","?","?","?","M","R","E","M","T","M","R","?","M","M","R","B"],"character_chosen":"HERMIT","items_purchased":[],"campfire_rested":1,"item_purchase_floors":[],"current_hp_per_floor":[74,67,67,67,67,67,36,36,36,28,28,17,10,5,29,0,0],"gold":271,"neow_bonus":"TEN_PERCENT_HP_BONUS","is_daily":false,"chose_seed":false,"campfire_upgraded":2,"win_rate":0.0,"timestamp":1610605292,"path_taken":["M","?","?","?","M","R","E","?","T","M","R","?","M","M","R","BOSS"],"items_purchased_type":[],"build_version":"2020-12-22","purchased_purges":0,"victory":false,"max_hp_per_floor":[82,82,82,82,82,82,82,82,82,82,82,82,82,82,82,82,82],"card_choices":[{"not_picked":["hermit:Ricochet","hermit:CalledShot"],"picked":"hermit:Malice","floor":1},{"not_picked":["hermit:Malice","hermit:EyeOfTheStorm"],"picked":"hermit:Headshot","floor":5},{"not_picked":["hermit:HoleUp","hermit:FlashPowder"],"picked":"hermit:PistolWhip","floor":7},{"not_picked":["hermit:Scavenge","hermit:Glare"],"picked":"hermit:Snipe","floor":8},{"not_picked":["hermit:LoneWolf","hermit:PistolWhip"],"picked":"hermit:Misfire","floor":10},{"not_picked":["hermit:Vantage","hermit:LowProfile"],"picked":"hermit:BigShot+1","floor":13},{"not_picked":["hermit:BodyArmor","hermit:Misfire"],"picked":"hermit:HighCaliber","floor":14}],"player_experience":32737,"relics_obtained":[{"floor":7,"key":"Frozen Egg 2"},{"floor":9,"key":"War Paint"}],"event_choices":[{"damage_healed":0,"gold_gain":0,"player_choice":"Success","damage_taken":7,"relics_obtained":["hermit:RyeStalk"],"max_hp_gain":0,"max_hp_loss":0,"event_name":"Scrap Ooze","floor":2,"gold_loss":0},{"cards_removed":["hermit:Strike_Hermit"],"damage_healed":0,"gold_gain":0,"player_choice":"Card Removal","damage_taken":0,"max_hp_gain":0,"max_hp_loss":0,"event_name":"The Cleric","floor":3,"gold_loss":50},{"damage_healed":0,"gold_gain":0,"player_choice":"Upgraded","damage_taken":0,"max_hp_gain":0,"max_hp_loss":0,"event_name":"Upgrade Shrine","floor":4,"gold_loss":0,"cards_upgraded":["hermit:Malice"]},{"damage_healed":0,"gold_gain":75,"player_choice":"Gather Gold","damage_taken":11,"max_hp_gain":0,"max_hp_loss":0,"event_name":"World of Goop","floor":12,"gold_loss":0}],"is_beta":false,"boss_relics":[],"items_purged_floors":[],"is_endless":false,"potions_floor_spawned":[1,7,10,14],"killed_by":"Hexaghost","ascension_level":0}}