{"host":"0vd2boh2oi7jm085","time":1610620721,"event":{"mods":["BaseMod","Colored Map","Colored Powertips","Highlight Path","Minty Spire (QoL Compilation)","Quick Restart","StSLib","The IronCluck"],"gold_per_floor":[111,188,202,202,213,213,158,169,169,196,80,105,119,84,84,158,158,177,190,190,203,203,203,222,222,222,237,237,100,100,117,117,190,190,190,190],"floor_reached":35,"language":"ENG","playtime":898,"items_purged":["Regret"],"score":703,"play_id":"1aa4511e-b42e-48e5-a1b4-9d007ba22b66","local_time":"20210114023841","is_ascension_mode":true,"campfire_choices":[{"data":"Carnage","floor":6.0,"key":"SMITH"},{"floor":15.0,"key":"REST"},{"floor":23.0,"key":"REST"},{"floor":25.0,"key":"REST"},{"floor":32.0,"key":"REST"}],"circlet_count":0,"master_deck":["AscendersBane","Strike_R","Strike_R","Strike_R","Strike_R","Strike_R","Defend_R","Defend_R","Defend_R","Defend_R","Bash","Carnage+1","Perfected Strike","Spot Weakness","Perfected Strike","Perfected Strike","Seeing Red+1","Bloodletting+1","Wild Strike","Thunderclap","Perfected Strike","Twin Strike","Perfected Strike","Flex+1","Flex+1","Double Tap+1"],"relics":["Black Blood","NeowsBlessing","Prayer Wheel","Toxic Egg 2","Odd Mushroom","Ornamental Fan","Mummified Hand","MutagenicStrength","Question Card"],"acts_visited":["Exordium","TheCity","TheBeyond"],"potions_floor_usage":[],"damage_taken":[{"damage":0.0,"enemies":"2 Louse","floor":1.0,"turns":1.0},{"damage":0.0,"enemies":"Jaw Worm","floor":3.0,"turns":1.0},{"damage":0.0,"enemies":"Small Slimes","floor":5.0,"turns":1.0},{"damage":8.0,"enemies":"Blue Slaver","floor":8.0,"turns":2.0},{"damage":28.0,"enemies":"The Mushroom Lair","floor":10.0,"turns":4.0},{"damage":30.0,"enemies":"3 Sentries","floor":12.0,"turns":4.0},{"damage":2.0,"enemies":"2 Fungi Beasts","floor":13.0,"turns":3.0},{"damage":51.0,"enemies":"Slime Boss","floor":16.0,"turns":8.0},{"damage":44.0,"enemies":"Shell Parasite","floor":18.0,"turns":5.0},{"damage":17.0,"enemies":"2 Thieves","floor":19.0,"turns":3.0},{"damage":2.0,"enemies":"Cultist and Chosen","floor":21.0,"turns":3.0},{"damage":18.0,"enemies":"Centurion and Healer","floor":24.0,"turns":4.0},{"damage":18.0,"enemies":"Snecko","floor":27.0,"turns":3.0},{"damage":27.0,"enemies":"Sentry and Sphere","floor":31.0,"turns":4.0},{"damage":68.0,"enemies":"Collector","floor":33.0,"turns":7.0},{"damage":61,"enemies":"3 Darklings","floor":35,"turns":2}],"seed_played":"8713792582040324215","potions_obtained":[{"floor":1.0,"key":"EssenceOfSteel"},{"floor":3.0,"key":"LiquidMemories"},{"floor":10.0,"key":"DistilledChaos"},{"floor":24.0,"key":"ColorlessPotion"},{"floor":31.0,"key":"PowerPotion"},{"floor":33.0,"key":"Weak Potion"}],"is_trial":false,"path_per_floor":["M","?","M","?","M","R","$","M","T","?","$","E","M","?","R","B",null,"M","M","?","M","?","R","M","R","T","M","?","$","T","M","R","B",null,"M"],"character_chosen":"IRONCLAD","items_purchased":["Perfected Strike","Bloodletting+1","HeartOfIron","Flex+1"],"campfire_rested":4,"item_purchase_floors":[7,11,29,29],"current_hp_per_floor":[74,74,75,75,75,75,75,73,73,51,51,27,31,49,71,26,63,31,26,26,36,41,63,57,75,75,69,69,69,69,54,75,19,61,0,0],"gold":190,"neow_bonus":"THREE_ENEMY_KILL","is_daily":false,"chose_seed":false,"campfire_upgraded":1,"win_rate":0.0,"timestamp":1610620721,"path_taken":["M","?","M","?","M","R","$","M","T","?","$","E","?","?","R","BOSS","M","M","?","M","?","R","?","R","T","M","?","$","?","?","R","BOSS","M"],"items_purchased_type":["Card","Card","Potion","Card"],"build_version":"2020-12-22","purchased_purges":1,"victory":false,"max_hp_per_floor":[75,75,75,75,75,75,75,75,75,75,75,75,75,75,75,75,75,75,75,75,75,75,75,75,75,75,75,75,75,75,75,75,75,75,75,75],"card_choices":[{"not_picked":["Fire Breathing","Rampage"],"picked":"Carnage","floor":1.0},{"not_picked":["Bloodletting","Twin Strike"],"picked":"Perfected Strike","floor":3.0},{"not_picked":["Shrug It Off","Feel No Pain"],"picked":"Spot Weakness","floor":5.0},{"not_picked":["Clash","Headbutt","Rupture"],"picked":"SKIP","floor":5.0},{"not_picked":["Sword Boomerang","True Grit"],"picked":"Perfected Strike","floor":8.0},{"not_picked":["Clothesline","Entrench"],"picked":"Flex","floor":8.0},{"not_picked":["Havoc+1","Feel No Pain"],"picked":"Seeing Red+1","floor":10.0},{"not_picked":["Blood for Blood","Dark Embrace","Armaments+1"],"picked":"SKIP","floor":12.0},{"not_picked":["Anger","Flex+1","Cleave"],"picked":"SKIP","floor":13.0},{"not_picked":["Sever Soul","Clothesline","Pummel"],"picked":"SKIP","floor":13.0},{"not_picked":["Iron Wave","Second Wind+1"],"picked":"Wild Strike","floor":18.0},{"not_picked":["Clash","Cleave","Iron Wave+1"],"picked":"SKIP","floor":18.0},{"not_picked":["Anger","Spot Weakness+1"],"picked":"Thunderclap","floor":19.0},{"not_picked":["Rage+1","Body Slam","Warcry+1"],"picked":"SKIP","floor":19.0},{"not_picked":["Twin Strike","Clothesline"],"picked":"Perfected Strike","floor":21.0},{"not_picked":["Havoc+1","Uppercut"],"picked":"Twin Strike","floor":21.0},{"not_picked":["Dual Wield+1","Shrug It Off+1","Reckless Charge"],"picked":"SKIP","floor":24.0},{"not_picked":["Shrug It Off+1","Reckless Charge+1","Headbutt"],"picked":"SKIP","floor":24.0},{"not_picked":["Sentinel+1","Feed"],"picked":"Perfected Strike","floor":27.0},{"not_picked":["Ghostly Armor+1","Armaments+1"],"picked":"Flex+1","floor":27.0},{"not_picked":["Blood for Blood","Rage+1","Twin Strike","Dark Embrace"],"picked":"SKIP","floor":31.0},{"not_picked":["Blood for Blood","Rupture+1","Thunderclap","Heavy Blade"],"picked":"SKIP","floor":31.0},{"not_picked":["Fiend Fire","Bludgeon","Juggernaut"],"picked":"Double Tap+1","floor":33.0}],"player_experience":104784,"relics_obtained":[{"floor":9.0,"key":"Toxic Egg 2"},{"floor":10.0,"key":"Odd Mushroom"},{"floor":12.0,"key":"Ornamental Fan"},{"floor":26.0,"key":"Mummified Hand"},{"floor":30.0,"key":"Question Card"}],"event_choices":[{"damage_healed":0.0,"max_hp_gain":0.0,"max_hp_loss":0.0,"gold_gain":77.0,"event_name":"Golden Wing","player_choice":"Gained Gold","floor":2.0,"gold_loss":0.0,"damage_taken":0.0},{"damage_healed":0.0,"max_hp_gain":0.0,"max_hp_loss":0.0,"gold_gain":0.0,"event_name":"Big Fish","player_choice":"Box","floor":4.0,"gold_loss":0.0,"damage_taken":0.0,"relics_obtained":["Prayer Wheel"],"cards_obtained":["Regret"]},{"damage_healed":0.0,"max_hp_gain":0.0,"max_hp_loss":0.0,"gold_gain":0.0,"event_name":"Mushrooms","player_choice":"Fought Mushrooms","floor":10.0,"gold_loss":0.0,"damage_taken":0.0},{"damage_healed":18.0,"max_hp_gain":0.0,"max_hp_loss":0.0,"gold_gain":0.0,"event_name":"The Cleric","player_choice":"Healed","floor":14.0,"gold_loss":35.0,"damage_taken":0.0},{"damage_healed":0.0,"max_hp_gain":0.0,"max_hp_loss":0.0,"gold_gain":0.0,"event_name":"Vampires","player_choice":"Ignored","floor":20.0,"gold_loss":0.0,"damage_taken":0.0},{"cards_removed":["Flex"],"damage_healed":5.0,"max_hp_gain":0.0,"max_hp_loss":0.0,"gold_gain":0.0,"event_name":"Bonfire Elementals","player_choice":"Offered Common","floor":22.0,"gold_loss":0.0,"damage_taken":0.0},{"cards_removed":["Flex"],"damage_healed":5.0,"max_hp_gain":0.0,"max_hp_loss":0.0,"gold_gain":0.0,"event_name":"Bonfire Elementals","player_choice":"Offered Special","floor":22.0,"gold_loss":0.0,"damage_taken":0.0},{"damage_healed":0.0,"max_hp_gain":0.0,"max_hp_loss":0.0,"gold_gain":0.0,"event_name":"Drug Dealer","player_choice":"Inject Mutagens","floor":28.0,"gold_loss":0.0,"damage_taken":0.0,"relics_obtained":["MutagenicStrength"]}],"is_beta":false,"boss_relics":[{"not_picked":["Busted Crown","Philosopher\u0027s Stone"],"picked":"Black Blood"},{"not_picked":["Astrolabe","Sozu","Runic Pyramid"]}],"items_purged_floors":[11],"is_endless":false,"potions_floor_spawned":[1,3,10,24,31,33],"killed_by":"3 Darklings","ascension_level":18}}