{"host":"sc0o2qwpf9j16a4i","time":1610647163,"event":{"mods":["AchievementEnabler","BaseMod","BetterRewards","Block Reminder","Colored Map","Colored Powertips","Custom Start","Highlight Path","Minty Spire (QoL Compilation)","Relic Stats"],"gold_per_floor":[111,125,125,137,137,137,185,210,256,8,26,40,40,57,57,131,131,150,163,163,78,22,53,53,88,100,112,159,3,14,14,14,14,14],"floor_reached":33,"language":"ENG","playtime":783,"items_purged":["Strike_P"],"score":806,"play_id":"4a81560e-fbf7-445e-b50f-66d9471c1ead","local_time":"20210114195923","is_ascension_mode":true,"campfire_choices":[{"floor":6,"key":"REST"},{"floor":13,"key":"REST"},{"floor":15,"key":"REST"},{"floor":24,"key":"REST"},{"data":"TalkToTheHand","floor":27,"key":"SMITH"},{"floor":32,"key":"REST"}],"circlet_count":0,"master_deck":["AscendersBane","Strike_P+1","Strike_P+1","Defend_P+1","Defend_P+1","Defend_P+1","Defend_P+1","Eruption","Vigilance","TalkToTheHand+1","CutThroughFate","FollowUp","WaveOfTheHand","Indignation","Tantrum","CrushJoints","FlyingSleeves","Blasphemy","TalkToTheHand","SandsOfTime","Protect","FlurryOfBlows","Worship+1","BattleHymn","LikeWater","Protect+1"],"relics":["HolyWater","Singing Bowl","Vajra","Regal Pillow","Damaru","Akabeko","Toy Ornithopter","Bag of Preparation","TeardropLocket","MawBank","The Courier","Potion Belt","Membership Card"],"acts_visited":["Exordium","TheCity"],"potions_floor_usage":[8,14,16,19,28],"damage_taken":[{"damage":0,"enemies":"2 Louse","floor":1,"turns":3},{"damage":0,"enemies":"Small Slimes","floor":2,"turns":2},{"damage":2,"enemies":"Jaw Worm","floor":4,"turns":4},{"damage":22,"enemies":"Gremlin Nob","floor":8,"turns":4},{"damage":7,"enemies":"Blue Slaver","floor":11,"turns":3},{"damage":3,"enemies":"Looter","floor":12,"turns":3},{"damage":28,"enemies":"Exordium Thugs","floor":14,"turns":5},{"damage":39,"enemies":"The Guardian","floor":16,"turns":6},{"damage":22,"enemies":"Shell Parasite","floor":18,"turns":4},{"damage":4,"enemies":"3 Byrds","floor":19,"turns":4},{"damage":8,"enemies":"Gremlin Leader","floor":23,"turns":5},{"damage":14,"enemies":"Book of Stabbing","floor":25,"turns":2},{"damage":47,"enemies":"Slavers","floor":28,"turns":3},{"damage":0,"enemies":"Snake Plant","floor":30,"turns":1},{"damage":100033,"enemies":"Collector","floor":33,"turns":8}],"seed_played":"2887514610625712433","potions_obtained":[{"floor":1,"key":"LiquidMemories"},{"floor":2,"key":"Block Potion"},{"floor":11,"key":"Energy Potion"},{"floor":12,"key":"PowerPotion"},{"floor":16,"key":"Explosive Potion"},{"floor":25,"key":"Ancient Potion"}],"is_trial":false,"path_per_floor":["M","M","?","M","?","R","T","E","T","$","M","M","R","M","R","B",null,"M","M","?","?","$","E","R","E","T","R","E","$","M","?","R","B"],"character_chosen":"WATCHER","items_purchased":["Singing Bowl","Vajra","TalkToTheHand","Toy Ornithopter","Indignation","Protect","Membership Card","LikeWater"],"campfire_rested":5,"item_purchase_floors":[0,0,0,10,10,22,29,29],"current_hp_per_floor":[43,43,48,48,41,63,63,41,41,41,34,31,68,45,75,36,65,43,44,44,44,44,36,73,59,59,59,17,17,17,17,54,0,0],"gold":14,"neow_bonus":"","is_daily":false,"chose_seed":false,"campfire_upgraded":1,"win_rate":0.0,"timestamp":1610647163,"path_taken":["M","M","?","M","?","R","?","E","T","$","M","M","R","M","R","BOSS","M","M","?","?","$","E","R","E","T","R","E","$","?","?","R","BOSS"],"items_purchased_type":["Relic","Relic","Card","Relic","Card","Card","Relic","Card"],"build_version":"2020-12-22","purchased_purges":1,"victory":false,"max_hp_per_floor":[68,68,73,75,75,75,75,75,75,75,75,75,75,75,75,75,75,75,75,75,75,75,75,75,75,75,75,75,75,75,75,75,75,75],"relic_stats":{"Regal Pillow":53,"Singing Bowl":12,"counters":[41,201],"Bag of Preparation":[10],"MawBank":48,"obtain_stats":[{"Potion Belt":28,"Lee\u0027s Waffle":22,"Regal Pillow":7,"Singing Bowl":11,"Nilry\u0027s Codex":20,"Oddly Smooth Stone":26,"Vajra":0,"Damaru":8,"The Courier":26,"Bag of Preparation":21,"TeardropLocket":23,"MawBank":25,"Akabeko":9,"Busted Crown":17,"Pantograph":28,"Snecko Eye":0,"HolyWater":17,"MealTicket":14,"Membership Card":29,"PureWater":0,"StrikeDummy":9,"Toy Ornithopter":10,"Meat on the Bone":7},{"Potion Belt":39,"Lee\u0027s Waffle":22,"Regal Pillow":29,"Singing Bowl":17,"Nilry\u0027s Codex":22,"Oddly Smooth Stone":23,"Vajra":26,"Damaru":30,"The Courier":38,"Bag of Preparation":36,"TeardropLocket":37,"MawBank":38,"Akabeko":30,"Busted Crown":20,"Pantograph":24,"Snecko Eye":0,"HolyWater":34,"MealTicket":19,"Membership Card":39,"PureWater":0,"StrikeDummy":15,"Toy Ornithopter":30,"Meat on the Bone":15},{"Potion Belt":193,"Lee\u0027s Waffle":115,"Regal Pillow":154,"Singing Bowl":84,"Nilry\u0027s Codex":115,"Oddly Smooth Stone":120,"Vajra":145,"Damaru":158,"The Courier":190,"Bag of Preparation":183,"TeardropLocket":188,"MawBank":190,"Akabeko":158,"Busted Crown":104,"Pantograph":127,"Snecko Eye":0,"HolyWater":175,"MealTicket":92,"Membership Card":193,"PureWater":0,"StrikeDummy":72,"Toy Ornithopter":158,"Meat on the Bone":72}],"Toy Ornithopter":15},"card_choices":[{"not_picked":["Evaluate","Prostrate"],"picked":"CutThroughFate","floor":1},{"not_picked":["DevaForm","InnerPeace"],"picked":"FollowUp","floor":2},{"not_picked":["Pray","Study","Nirvana"],"picked":"Singing Bowl","floor":4},{"not_picked":["Worship","FollowUp"],"picked":"WaveOfTheHand","floor":8},{"not_picked":["Halt","Crescendo"],"picked":"Tantrum","floor":11},{"not_picked":["FollowUp","BowlingBash"],"picked":"CrushJoints","floor":12},{"not_picked":["Swivel","Evaluate"],"picked":"FlyingSleeves","floor":14},{"not_picked":["Establishment","SpiritShield"],"picked":"Blasphemy","floor":16},{"not_picked":["InnerPeace","Prostrate+1"],"picked":"TalkToTheHand","floor":18},{"not_picked":["Consecrate","Sanctity"],"picked":"SandsOfTime","floor":19},{"not_picked":["EmptyFist","WheelKick"],"picked":"FlurryOfBlows","floor":23},{"not_picked":["FlyingSleeves","Sanctity+1"],"picked":"Worship+1","floor":25},{"not_picked":["Consecrate","CrushJoints"],"picked":"BattleHymn","floor":28},{"not_picked":["EmptyBody","FlurryOfBlows"],"picked":"Protect+1","floor":30}],"player_experience":629539,"relics_obtained":[{"floor":7,"key":"Regal Pillow"},{"floor":8,"key":"Damaru"},{"floor":9,"key":"Akabeko"},{"floor":23,"key":"TeardropLocket"},{"floor":25,"key":"MawBank"},{"floor":26,"key":"The Courier"},{"floor":28,"key":"Potion Belt"}],"event_choices":[{"damage_healed":0,"gold_gain":0,"player_choice":"Donut","damage_taken":0,"max_hp_gain":5,"max_hp_loss":0,"event_name":"Big Fish","floor":3,"gold_loss":0},{"cards_removed":["Strike_P"],"damage_healed":0,"gold_gain":0,"player_choice":"Card Removal","damage_taken":7,"max_hp_gain":0,"max_hp_loss":0,"event_name":"Golden Wing","floor":5,"gold_loss":0},{"damage_healed":0,"gold_gain":0,"player_choice":"Simplicity","damage_taken":0,"max_hp_gain":0,"max_hp_loss":0,"event_name":"Back to Basics","floor":20,"gold_loss":0,"cards_upgraded":["Strike_P","Strike_P","Defend_P","Defend_P","Defend_P","Defend_P"]},{"damage_healed":0,"gold_gain":0,"player_choice":"Obtained Relic","damage_taken":0,"relics_obtained":["Bag of Preparation"],"max_hp_gain":0,"max_hp_loss":0,"event_name":"Addict","floor":21,"gold_loss":85},{"damage_healed":0,"gold_gain":0,"player_choice":"Ignored","damage_taken":0,"max_hp_gain":0,"max_hp_loss":0,"event_name":"Cursed Tome","floor":31,"gold_loss":0}],"is_beta":false,"boss_relics":[{"not_picked":["Sozu","Runic Dome"],"picked":"HolyWater"}],"items_purged_floors":[0],"is_endless":false,"potions_floor_spawned":[1,2,11,12,16,25],"killed_by":"Collector","ascension_level":20}}