{"host":"bcpymmgxdm3pkqi5","time":1610593739,"event":{"mods":["AchievementEnabler","Aspiration","Astrologer","BaseMod","Colored Map","Conspire","Defuse TimeMaze Blight","Dio Mod","Energized Spire","GifTheSpireLib","Gremlin Mod","Halation","Hero for Fun","Hubris","Infinite Spire","Minty Spire (QoL Compilation)","Quick Restart","Random Character Button","Relic Sorter","Replay The Spire","Shop Mod","StSLib","Stuff the Spire","The Animator","The Bladedancer","The Bug Knight","The Exalted","The Forsaken","The Saiyan","TheHeartMod","Yuri Mod","vexMod"],"gold_per_floor":[119,145,145,175,195,195,220,220,270,270,270,292,307,83,83,160,260,276,316,316,316,316,316,334,334,360,408,408,420,420,420,420,520,520,567,622,677,735,735,735,817,817,817,817,868,956,1046,1128,1128,1284,1451,1476,1599,1599,1712,1737,1787,1977,2120,2120,2172,2385,2578,2775,2775,2825,2825,3094,3119,3358,3587,3825,3850,4129,4449,4449,3944,3969,3969,3581,3606,3618,3455,3455,3667,3692,3954,4237,4287,4567,4912,5291,5628,6002,6027,6052,6052,6480,6480,6967,6967,7429,7991,8016,8541,9107,8995,9620,10277,10277,11022,11022,11047,11805,11805,12608,13443,13468,13468,14415,14440,15406,15406,15287,16302,17410,18590,19841,19891,19967,19801,21139,22570,22570,24072,24072,25746,25771,27454,29283,29283,28978,30883,32942,32967,32967,33015,32685,32685,34814,37095,39576,39576,42191,45019,45044,45044,44819,47798,50943],"floor_reached":161,"playtime":10833,"items_purged":["animator:Strike","Languid","animator:Curse_Greed","Hallucinations","animator:Defend","Regret","animator:Strike","Pain","Replay:Hysterical Blindness","Decay"],"score":15941,"play_id":"e42be543-692c-4e90-85d1-3e2d31d43bcb","local_time":"20210113220859","is_ascension_mode":true,"campfire_choices":[{"data":"animator:YunYun","floor":6.0,"key":"SMITH"},{"data":"animator:Mitsurugi","floor":8.0,"key":"SMITH"},{"data":"animator:Kazuma","floor":10.0,"key":"SMITH"},{"floor":15.0,"key":"REST"},{"floor":23.0,"key":"REST"},{"data":"animator:Darkness","floor":28.0,"key":"SMITH"},{"floor":32.0,"key":"REST"},{"data":"animator:Mitsurugi","floor":40.0,"key":"SMITH"},{"data":"animator:YunYun","floor":49.0,"key":"SMITH"},{"data":"animator:Saitama","floor":60.0,"key":"SMITH"},{"data":"animator:Aqua","floor":65.0,"key":"SMITH"},{"data":"animator:Wiz","floor":67.0,"key":"SMITH"},{"data":"animator:Eris","floor":76.0,"key":"SMITH"},{"data":"animator:Wiz","floor":82.0,"key":"SMITH"},{"data":"animator:Lancer","floor":101,"key":"SMITH"},{"data":"infinitespire:SevenWalls","floor":110,"key":"SMITH"},{"data":"animator:SwordMaiden","floor":112,"key":"SMITH"},{"data":"animator:Boros","floor":115,"key":"SMITH"},{"data":"animator:Albedo","floor":119,"key":"SMITH"},{"data":"animator:Chris","floor":134,"key":"SMITH"},{"floor":136,"key":"RECALL"},{"data":"animator:Verdia","floor":146,"key":"SMITH"},{"data":"animator:Cocytus","floor":153,"key":"SMITH"},{"data":"animator:Eris","floor":157,"key":"SMITH"}],"circlet_count":0,"master_deck":["AscendersBane","animator:Defend_Konosuba","animator:Kazuma+1","animator:Aqua+1","animator:Demiurge+1","animator:Mitsurugi+1","animator:YunYun+1","animator:Megumin+55","animator:Lancer+1","animator:Darkness+1","animator:Mitsurugi+1","animator:Verdia+1","animator:Eris+1","animator:YunYun+1","animator:Kazuma+1","animator:Chris+1","animator:YunYun+1","animator:Gilgamesh+86","animator:Saitama+1","animator:Verdia+1","animator:Wiz+1","animator:Cocytus+1","animator:Aqua+1","animator:Vanir","animator:Verdia+1","animator:Priestess+1","Pot Of Greed","Pot Of Greed","Pot Of Greed","animator:Mitsurugi+1","animator:Greed","animator:Wiz+1","animator:Strike_Konosuba","infinitespire:UltimateForm+1","animator:Vanir","animator:Albedo+1","animator:Boros+1","animator:Curse_Nutcracker","animator:Greed","infinitespire:SevenWalls+1","animator:SwordMaiden+1","Pot Of Greed","Pot Of Greed","Pot Of Greed","Pot Of Greed","infinitespire:SealOfDarkness+","animator:Entoma+11","animator:Chris+1","animator:Lancer+1","animator:Curse_Greed","animator:Saber+1","animator:Eris+1","animator:Vanir+1","animator:Kazuma","animator:Darkness"],"relics":["animator:LivingPicture","animator:TheMissingPiece","animator:PurgingStone","HollowMod:PaleOreRelic","animator:ShionDessert","Replay:Wax Seal","halation:Jellyphish","Replay:Wanted Poster","Replay:Drink Me","hubris:Icosahedron","Oddly Smooth Stone","infinitespire:Beetle Shell","SlaversCollar","Ice Cream","infinitespire:EvilPickle","Cursed Key","StuffTheSpire:MayFlowers","StuffTheSpire:SapphireSignet","infinitespire:Golems Mask","vexMod:ScavengeHelm","Bromod:ArcaneTrickery","animator:CursedBlade","hubris:EvacipatedBox","aspiration:HummingbirdHeart","conspire:TopHat","StuffTheSpire:Mouthbags","aspiration:DSix","Bromod:ArcaneGrace","Mark of Pain","halation:LostSnail","Centennial Puzzle","StuffTheSpire:Gunfinga","Membership Card","infinitespire:EmpoweringShard","animator:Buoy","aspiration:ArtOfWarUpgrade","Replay:Mystery Machine","infinitespire:EvilPickle","animator:HolyGrailRelic","animator:VividPicture","conspire:Boomerang","Bromod:ArcaneUltimatum","Bromod:ArcaneTempo","halation:EternalFortune","Bromod:ArcaneNullifier","ReplayTheSpireMod:SealedPack","halation:PeacePiece","hubris:SlimyHat","Ornamental Fan","StuffTheSpire:Experiment12","Letter Opener","Sozu","infinitespire:Cupcake","MerchantsRug","Replay:Rubber Ducky","Lee\u0027s Waffle","Molten Egg 2","Tiny Chest","hubris:MedicalManual","infinitespire:EvilPickle","Bromod:ArcaneEnergize","infinitespire:Lucky Rock","HandDrill","StuffTheSpire:Rhapsscallions","halation:BottledLove","Boot","Gremlin Food","theForsaken:Gavel","conspire:DecoderRing","BargainBundle","StuffTheSpire:GrapeVine","conspire:SpecialSausage","hubris:CuriousFeather","infinitespire:Joker Card"],"acts_visited":["Exordium","TheCity","TheBeyond","Exordium","TheCity","TheBeyond","Exordium","TheCity","TheBeyond","TheEnding"],"potions_floor_usage":[102,102],"damage_taken":[{"damage":7.0,"enemies":"Jaw Worm","floor":1.0,"turns":7.0},{"damage":8.0,"enemies":"Cultist","floor":2.0,"turns":7.0},{"damage":3.0,"enemies":"Small Slimes","floor":4.0,"turns":7.0},{"damage":12.0,"enemies":"Red Slaver","floor":5.0,"turns":6.0},{"damage":0.0,"enemies":"3 Louse","floor":12.0,"turns":1.0},{"damage":10.0,"enemies":"Blue Slaver","floor":13.0,"turns":2.0},{"damage":35.0,"enemies":"The Guardian","floor":16.0,"turns":10.0},{"damage":38.0,"enemies":"Shell Parasite","floor":18.0,"turns":5.0},{"damage":15.0,"enemies":"Spheric Guardian","floor":19.0,"turns":5.0},{"damage":0.0,"enemies":"Chosen and Byrds","floor":24.0,"turns":6.0},{"damage":14.0,"enemies":"Snake Plant","floor":29.0,"turns":2.0},{"damage":8.0,"enemies":"Pondfish","floor":33.0,"turns":7.0},{"damage":0.0,"enemies":"3 Darklings","floor":35.0,"turns":3.0},{"damage":0.0,"enemies":"Orb Walker","floor":36.0,"turns":3.0},{"damage":0.0,"enemies":"4 Shapes","floor":37.0,"turns":2.0},{"damage":0.0,"enemies":"Jaw Worm Horde","floor":38.0,"turns":1.0},{"damage":16.0,"enemies":"R_Hoarder","floor":41.0,"turns":4.0},{"damage":19.0,"enemies":"Nightmare","floor":46.0,"turns":5.0},{"damage":0.0,"enemies":"Maw","floor":47.0,"turns":6.0},{"damage":0.0,"enemies":"Sphere and 2 Shapes","floor":48.0,"turns":1.0},{"damage":10.0,"enemies":"Donu and Deca","floor":50.0,"turns":7.0},{"damage":0.0,"enemies":"hubris:GrandSnecko","floor":51.0,"turns":10.0},{"damage":0.0,"enemies":"Jaw Worm","floor":53.0,"turns":2.0},{"damage":0.0,"enemies":"2 Louse","floor":55.0,"turns":1.0},{"damage":0.0,"enemies":"Gremlin Nob","floor":58.0,"turns":2.0},{"damage":0.0,"enemies":"Small Slimes","floor":59.0,"turns":1.0},{"damage":0.0,"enemies":"Lagavulin","floor":62.0,"turns":2.0},{"damage":0.0,"enemies":"3 Louse","floor":63.0,"turns":1.0},{"damage":0.0,"enemies":"Blue Slaver","floor":64.0,"turns":2.0},{"damage":9.0,"enemies":"The Guardian","floor":68.0,"turns":3.0},{"damage":2.0,"enemies":"Spheric Guardian","floor":70.0,"turns":1.0},{"damage":0.0,"enemies":"3 Byrds","floor":71.0,"turns":1.0},{"damage":0.0,"enemies":"Snecko","floor":72.0,"turns":3.0},{"damage":0.0,"enemies":"3 Cultists","floor":74.0,"turns":2.0},{"damage":0.0,"enemies":"animator:HornedBat","floor":75.0,"turns":2.0},{"damage":9.0,"enemies":"Pondfish","floor":85.0,"turns":5.0},{"damage":0.0,"enemies":"3 Darklings","floor":87.0,"turns":3.0},{"damage":0.0,"enemies":"3 Shapes","floor":88.0,"turns":2.0},{"damage":0,"enemies":"Transient","floor":90,"turns":6},{"damage":0,"enemies":"4 Shapes","floor":91,"turns":1},{"damage":0,"enemies":"Giant Head","floor":92,"turns":3},{"damage":16,"enemies":"Writhing Mass","floor":93,"turns":2},{"damage":0,"enemies":"Maw","floor":94,"turns":3},{"damage":0,"enemies":"Sphere and 2 Shapes","floor":98,"turns":2},{"damage":0,"enemies":"Reptomancer","floor":100,"turns":3},{"damage":0,"enemies":"infinitespire:LordOfFortification","floor":102,"turns":13},{"damage":29,"enemies":"Jotaro","floor":103,"turns":4},{"damage":0,"enemies":"Cultist","floor":105,"turns":1},{"damage":0,"enemies":"2 Louse","floor":106,"turns":1},{"damage":0,"enemies":"conspire:RoseBush","floor":108,"turns":1},{"damage":2,"enemies":"3 Louse","floor":109,"turns":1},{"damage":0,"enemies":"3 Sentries","floor":111,"turns":1},{"damage":3,"enemies":"Replay:BlueRogue","floor":114,"turns":4},{"damage":0,"enemies":"Exordium Wildlife","floor":116,"turns":1},{"damage":0,"enemies":"conspire:2 RoseBushes","floor":117,"turns":2},{"damage":0,"enemies":"Hexaghost","floor":120,"turns":2},{"damage":0,"enemies":"conspire:FuzzyDice","floor":122,"turns":1},{"damage":0,"enemies":"Shell Parasite","floor":125,"turns":2},{"damage":4,"enemies":"Centurion and Healer","floor":126,"turns":4},{"damage":0,"enemies":"HollowMod:Nosk","floor":127,"turns":1},{"damage":0,"enemies":"3 Cultists","floor":128,"turns":1},{"damage":0,"enemies":"Snake Plant","floor":132,"turns":1},{"damage":0,"enemies":"Replay:Snechameleon","floor":133,"turns":2},{"damage":0,"enemies":"Centurion and Healer","floor":135,"turns":1},{"damage":0,"enemies":"Pondfish","floor":137,"turns":4},{"damage":12,"enemies":"3 Darklings","floor":139,"turns":2},{"damage":0,"enemies":"3 Shapes","floor":140,"turns":2},{"damage":0,"enemies":"3 Darklings","floor":143,"turns":2},{"damage":25,"enemies":"Nemesis","floor":144,"turns":7},{"damage":0,"enemies":"Transient","floor":150,"turns":6},{"damage":0,"enemies":"Sphere and 2 Shapes","floor":151,"turns":1},{"damage":0,"enemies":"R_Hoarder","floor":152,"turns":2},{"damage":20,"enemies":"hubris:GrandSnecko","floor":154,"turns":5},{"damage":0,"enemies":"Jotaro","floor":155,"turns":4},{"damage":0,"enemies":"Shield and Spear","floor":159,"turns":2},{"damage":38,"enemies":"NeowBoss","floor":160,"turns":11}],"seed_played":"-5911019905193618220","potions_obtained":[{"floor":4.0,"key":"Swift Potion"},{"floor":5.0,"key":"FearPotion"},{"floor":12.0,"key":"Languid Potion"},{"floor":16.0,"key":"Ancient Potion"},{"floor":24.0,"key":"Elixir"},{"floor":38.0,"key":"SkillPotion"},{"floor":41.0,"key":"LiquidMemories"},{"floor":45.0,"key":"infinitespire:BlackPotion"},{"floor":103,"key":"Weak Potion"},{"floor":109,"key":"LifebloodPotion"}],"is_trial":false,"path_per_floor":["M","M","?","M","M","R","T","R","T","R","$","M","M","$","R_BF","B",null,"M","M","?","M","?","R","M","$","T","T","R","M","?","AVR","R","B",null,"M","M","M","M","?","R","E","?","T","AVR","?","NM","M","M","R","B","B",null,"M","?","M","$","?","E","M","R","T","E","M","M","R","AVR","R","B",null,"M","M","M","AVR","M","E","R","$","T","?","$","?","R","$","R","B",null,"M","M","AVR","M","M","E","M","M","T","?","?","M","R","E","R","B","B",null,"M","M","$","M","M","R","E","R","T","E","R","M","M","AVR","R","B",null,"M","?","$","M","M","E","M","?","T","$","M","E","R","M","R_BF","B",null,"M","M","?","$","M","E","T","R","T","$","?","M","M","E","R","B","B",null,"R","$","E","B",null],"character_chosen":"THE_ANIMATOR","items_purchased":["Replay:Wax Seal","halation:Jellyphish","hubris:EvacipatedBox","conspire:GiftBox","Orrery","Membership Card","infinitespire:EmpoweringShard","animator:Buoy","halation:Thesaurus","Replay:Mystery Machine","halation:PeacePiece","MerchantsRug","Replay:Rubber Ducky","Lee\u0027s Waffle","hubris:MedicalManual","animator:Megumin+1","animator:Entoma+1","infinitespire:Lucky Rock","HandDrill","StuffTheSpire:Rhapsscallions","theForsaken:Gavel","conspire:DecoderRing","BargainBundle","animator:Entoma+2","hubris:CuriousFeather","animator:Vanir+1","animator:Kazuma"],"campfire_rested":3,"item_purchase_floors":[14,14,56,77,77,80,80,80,83,83,107,124,124,124,131,131,131,142,142,142,148,148,148,148,158,158,158],"current_hp_per_floor":[50,45,48,48,40,40,40,40,40,40,40,43,33,33,51,20,52,20,8,8,8,8,22,27,27,27,27,27,13,13,13,27,22,42,48,49,49,49,49,49,33,33,33,33,33,20,33,49,49,47,49,49,49,49,49,25,25,28,29,29,29,38,38,40,40,40,40,45,49,47,50,50,50,50,50,50,50,50,50,50,50,50,50,50,50,58,58,60,60,62,64,66,52,68,68,71,71,73,73,77,77,79,52,74,90,92,92,94,94,94,99,99,99,103,103,105,107,107,107,109,109,111,77,123,125,130,133,135,135,135,135,137,139,139,141,141,145,145,140,142,142,143,151,146,146,146,146,146,146,159,161,165,165,159,164,168,168,168,170,158],"gold":50943,"neow_bonus":"UPGRADE_CARD","is_daily":false,"chose_seed":false,"campfire_upgraded":20,"win_rate":0.0,"timestamp":1610593739,"path_taken":["M","M","?","M","M","R","?","R","T","R","$","M","M","$","R_BF","BOSS","M","?","?","?","?","R","M","$","T","?","R","M","?","AVR","R","BOSS","M","M","M","?","?","R","E","?","T","AVR","?","NM","M","?","R","BOSS","BOSS","M","?","M","?","?","E","M","R","T","E","M","M","R","AVR","R","BOSS","M","M","M","AVR","M","E","R","$","T","?","?","?","R","$","R","BOSS","M","M","AVR","M","M","E","M","M","T","?","?","M","R","E","R","BOSS","BOSS","M","?","$","M","M","R","E","R","T","E","R","M","?","AVR","R","BOSS","M","?","$","M","M","E","M","?","T","?","?","E","R","M","R_BF","BOSS","M","M","?","$","M","E","?","R","T","$","?","?","M","E","R","BOSS","BOSS","R","$","E","BOSS"],"items_purchased_type":["Relic","Relic","Relic","Relic","Relic","Relic","Relic","Relic","Relic","Relic","Relic","Relic","Relic","Relic","Relic","Card","Card","Relic","Relic","Relic","Relic","Relic","Relic","Card","Relic","Card","Card"],"build_version":"2020-12-22","purchased_purges":10,"victory":true,"max_hp_per_floor":[60,60,60,60,61,61,61,61,61,61,61,61,61,61,61,62,62,62,62,62,47,47,47,49,49,49,49,49,49,49,49,49,49,49,49,49,49,49,49,49,49,49,49,49,49,49,49,49,49,49,49,49,49,49,49,49,49,49,50,50,50,50,50,50,50,50,50,50,50,50,50,50,50,50,50,50,50,50,50,50,50,50,50,50,50,58,58,60,60,62,64,66,68,70,70,73,73,75,75,77,77,79,81,81,90,92,92,94,96,96,101,101,101,103,103,105,107,107,107,109,109,111,116,123,125,130,133,135,135,135,135,137,139,139,141,141,145,145,152,154,154,155,157,159,159,159,159,159,159,161,163,165,165,167,169,169,169,169,171,173],"card_choices":[{"not_picked":["animator:MumenRider","animator:Kuribayashi","animator:Melzalgald"],"picked":"SKIP","floor":1.0},{"not_picked":["animator:Azekura","animator:ElricAlphonse"],"picked":"animator:Demiurge","floor":2.0},{"not_picked":["animator:Wiz","animator:Aqua"],"picked":"animator:Mitsurugi","floor":4.0},{"not_picked":["animator:Verdia","animator:Kazuma"],"picked":"animator:YunYun","floor":5.0},{"not_picked":["animator:Melzalgald","animator:Kazuma"],"picked":"animator:Megumin","floor":12.0},{"not_picked":["animator:ElricAlphonse","animator:Rider","animator:Bozes"],"picked":"SKIP","floor":13.0},{"not_picked":["animator:Envy","animator:Biyorigo"],"picked":"animator:Eris","floor":16.0},{"not_picked":["animator:ZankiKiguchi","animator:Genos"],"picked":"animator:Lancer","floor":18.0},{"not_picked":["animator:YunYun","animator:Aqua"],"picked":"animator:Darkness","floor":19.0},{"not_picked":["animator:Berserker","animator:Illya"],"picked":"animator:Verdia","floor":24.0},{"not_picked":["PathToVictory","SashWhip","animator:Alexander"],"picked":"SKIP","floor":29.0},{"not_picked":["animator:SwordMaiden","LessonLearned"],"picked":"animator:Eris","floor":33.0},{"not_picked":["animator:Ciel","animator:Verdia","animator:Demiurge"],"picked":"SKIP","floor":35.0},{"not_picked":["animator:Darkness","animator:Kazuma"],"picked":"animator:Megumin","floor":36.0},{"not_picked":["animator:RinTohsaka","animator:Rider+1","animator:Elsword"],"picked":"SKIP","floor":37.0},{"not_picked":["animator:Entoma","animator:RinTohsaka"],"picked":"animator:YunYun+1","floor":38.0},{"not_picked":["animator:RinTohsaka","animator:Eris"],"picked":"animator:Kazuma+1","floor":41.0},{"not_picked":["animator:Kazuma","animator:Darkness"],"picked":"animator:Chris","floor":46.0},{"not_picked":["animator:Mitsurugi","animator:UneriGinkaku","animator:WinryRockbell+1"],"picked":"SKIP","floor":47.0},{"not_picked":["animator:Priestess","animator:Kazuma"],"picked":"animator:YunYun","floor":48.0},{"not_picked":["animator:HigakiRinne","animator:PinaCoLada"],"picked":"animator:Gilgamesh","floor":50.0},{"not_picked":["animator:GoblinSlayer","animator:HigakiRinne"],"picked":"animator:Saitama","floor":51.0},{"not_picked":["animator:Elsword","animator:Aqua"],"picked":"animator:Verdia","floor":53.0},{"not_picked":["animator:Caster","animator:Vanir"],"picked":"animator:Wiz","floor":58.0},{"not_picked":["animator:Laby","animator:Verdia"],"picked":"animator:Cocytus","floor":59.0},{"not_picked":["animator:CowGirl","animator:TukaLunaMarceau","animator:MetalKnight"],"picked":"SKIP","floor":62.0},{"not_picked":["animator:CowGirl","animator:TukaLunaMarceau","animator:MetalKnight"],"picked":"SKIP","floor":62.0},{"not_picked":["animator:Darkness","animator:Megumin"],"picked":"animator:Aqua","floor":63.0},{"not_picked":["animator:ElricEdward","animator:Entoma","animator:Alexander"],"picked":"SKIP","floor":64.0},{"not_picked":["animator:Entoma","animator:MumenRider","animator:Alexander"],"picked":"SKIP","floor":70.0},{"not_picked":["animator:Archer+1","animator:Entoma"],"picked":"animator:Vanir","floor":71.0},{"not_picked":["animator:Vanir","animator:Aqua"],"picked":"animator:Verdia","floor":72.0},{"not_picked":["animator:Vanir","animator:Lancer"],"picked":"animator:Priestess+1","floor":74.0},{"not_picked":["animator:Verdia","animator:Vanir"],"picked":"animator:Mitsurugi+1","floor":75.0},{"not_picked":["animator:SwordMaiden","animator:Gilgamesh"],"picked":"animator:Greed","floor":77.0},{"not_picked":["animator:PinaCoLada","animator:Wiz"],"picked":"animator:Gilgamesh","floor":85.0},{"not_picked":["animator:Mitsurugi","animator:Cocytus","animator:Verdia"],"picked":"SKIP","floor":87.0},{"not_picked":["animator:Verdia","animator:YunYun"],"picked":"animator:Megumin","floor":88.0},{"not_picked":["animator:Mitsurugi","animator:Emonzaemon","animator:TukaLunaMarceau"],"picked":"SKIP","floor":90},{"not_picked":["animator:Entoma","animator:Rena","animator:Cocytus"],"picked":"SKIP","floor":91},{"not_picked":["animator:Verdia","animator:Shalltear"],"picked":"animator:Vanir","floor":92},{"not_picked":["animator:Mitsurugi","animator:Saitama","animator:Entoma"],"picked":"SKIP","floor":94},{"not_picked":["animator:Vanir","animator:TukaLunaMarceau","animator:MumenRider"],"picked":"SKIP","floor":98},{"not_picked":["animator:Darkness","animator:GuildGirl","animator:Mitsurugi"],"picked":"SKIP","floor":100},{"not_picked":["animator:Saitama","animator:Biyorigo"],"picked":"animator:Albedo","floor":102},{"not_picked":["animator:Eve","animator:ItamiYouji"],"picked":"animator:Boros","floor":103},{"not_picked":["animator:Azekura","animator:Kazuma"],"picked":"animator:Greed","floor":104},{"not_picked":["infinitespire:Oblivion","infinitespire:NeuralNetwork"],"picked":"infinitespire:SevenWalls","floor":104},{"not_picked":["animator:Megumin","animator:Kazuma"],"picked":"animator:SwordMaiden","floor":106},{"not_picked":["animator:Mitsurugi","animator:Kazuma","animator:Verdia"],"picked":"SKIP","floor":108},{"not_picked":["animator:Azekura","animator:Vanir","animator:LeleiLaLalena"],"picked":"SKIP","floor":109},{"not_picked":["animator:Darkness","animator:Mitsurugi"],"picked":"animator:Gilgamesh","floor":114},{"not_picked":["animator:RoryMercury","animator:Mitsurugi","animator:Kuribayashi"],"picked":"SKIP","floor":116},{"not_picked":["animator:SwordMaiden","animator:Mitsurugi","animator:Kazuma"],"picked":"SKIP","floor":117},{"not_picked":["animator:Wiz","animator:Ainz"],"picked":"animator:Gilgamesh","floor":120},{"not_picked":["animator:Verdia","animator:YunYun","animator:Mitsurugi"],"picked":"SKIP","floor":125},{"not_picked":["animator:Verdia","animator:Mitsurugi"],"picked":"animator:Megumin+1","floor":126},{"not_picked":["animator:Lancer+1","animator:Vanir+1"],"picked":"animator:Entoma+1","floor":127},{"not_picked":["animator:Kazuma","animator:Vanir+1"],"picked":"animator:Chris+1","floor":128},{"not_picked":["animator:Verdia+1","animator:Mitsurugi+1","animator:Kazuma"],"picked":"SKIP","floor":132},{"not_picked":["animator:Vanir+1","animator:Verdia"],"picked":"animator:Lancer+1","floor":133},{"not_picked":["animator:Verdia","animator:Kazuma","animator:Vanir+1"],"picked":"SKIP","floor":135},{"not_picked":["animator:PinaCoLada","animator:Eris"],"picked":"animator:Gilgamesh+1","floor":137},{"not_picked":["animator:YunYun+1","animator:Vanir+1"],"picked":"animator:Entoma+1","floor":140},{"not_picked":["animator:Verdia","animator:Mitsurugi+1","animator:Lancer+1"],"picked":"SKIP","floor":143},{"not_picked":["animator:Vanir+1","animator:Aqua+1"],"picked":"animator:Entoma+1","floor":144},{"not_picked":["animator:Saber+1","animator:Lancer+1"],"picked":"animator:Gilgamesh+1","floor":150},{"not_picked":["animator:Mitsurugi+1","animator:Kazuma","animator:Vanir+1"],"picked":"SKIP","floor":151},{"not_picked":["animator:Kazuma","animator:Mitsurugi+1","animator:Verdia"],"picked":"SKIP","floor":152},{"not_picked":["animator:ItamiYouji+1","animator:Wiz"],"picked":"animator:Saber+1","floor":154},{"not_picked":["animator:Boros","animator:HigakiRinne"],"picked":"animator:Eris","floor":155},{"not_picked":["animator:Laby","animator:Kazuma"],"picked":"animator:Darkness","floor":159},{"not_picked":["animator:GoblinSlayer+1","animator:Wiz"],"picked":"animator:Gilgamesh+1","floor":160}],"player_experience":1350689,"relics_obtained":[{"floor":7.0,"key":"HollowMod:PaleOreRelic"},{"floor":9.0,"key":"animator:ShionDessert"},{"floor":26.0,"key":"Oddly Smooth Stone"},{"floor":27.0,"key":"infinitespire:Beetle Shell"},{"floor":41.0,"key":"StuffTheSpire:MayFlowers"},{"floor":43.0,"key":"StuffTheSpire:SapphireSignet"},{"floor":45.0,"key":"vexMod:ScavengeHelm"},{"floor":46.0,"key":"Bromod:ArcaneTrickery"},{"floor":58.0,"key":"aspiration:HummingbirdHeart"},{"floor":61.0,"key":"conspire:TopHat"},{"floor":62.0,"key":"StuffTheSpire:Mouthbags"},{"floor":75.0,"key":"Centennial Puzzle"},{"floor":78.0,"key":"StuffTheSpire:Gunfinga"},{"floor":92,"key":"Bromod:ArcaneUltimatum"},{"floor":95,"key":"Bromod:ArcaneTempo"},{"floor":100,"key":"Bromod:ArcaneNullifier"},{"floor":111,"key":"halation:EternalFortune"},{"floor":111,"key":"hubris:SlimyHat"},{"floor":113,"key":"Ornamental Fan"},{"floor":114,"key":"StuffTheSpire:Experiment12"},{"floor":126,"key":"halation:EternalFortune"},{"floor":127,"key":"Molten Egg 2"},{"floor":130,"key":"Tiny Chest"},{"floor":144,"key":"halation:BottledLove"},{"floor":145,"key":"Boot"},{"floor":147,"key":"Gremlin Food"},{"floor":152,"key":"StuffTheSpire:GrapeVine"},{"floor":159,"key":"infinitespire:Joker Card"}],"event_choices":[{"damage_healed":0.0,"max_hp_gain":0.0,"max_hp_loss":0.0,"gold_gain":0.0,"event_name":"Match and Keep!","player_choice":"1 cards matched","floor":20.0,"gold_loss":0.0,"damage_taken":0.0,"cards_obtained":["animator:Mitsurugi"]},{"damage_healed":0.0,"max_hp_gain":0.0,"max_hp_loss":0.0,"gold_gain":0.0,"event_name":"N\u0027loth","player_choice":"Ignored","floor":30.0,"gold_loss":0.0,"damage_taken":0.0},{"damage_healed":0.0,"max_hp_gain":0.0,"max_hp_loss":0.0,"gold_gain":0.0,"event_name":"Transmorgrifier","player_choice":"Ignored","floor":54.0,"gold_loss":0.0,"damage_taken":0.0},{"damage_healed":0.0,"max_hp_gain":0.0,"max_hp_loss":0.0,"gold_gain":50.0,"event_name":"Golden Shrine","player_choice":"Pray","floor":57.0,"gold_loss":0.0,"damage_taken":0.0},{"damage_healed":0.0,"max_hp_gain":0.0,"max_hp_loss":0.0,"gold_gain":0.0,"event_name":"Match and Keep!","player_choice":"1 cards matched","floor":79.0,"gold_loss":0.0,"damage_taken":0.0,"cards_obtained":["animator:Wiz"]},{"damage_healed":0,"gold_gain":0,"player_choice":"Upgraded","damage_taken":0,"max_hp_gain":0,"max_hp_loss":0,"event_name":"Upgrade Shrine","floor":97,"gold_loss":0,"cards_upgraded":["infinitespire:UltimateForm"]},{"damage_healed":0,"gold_gain":0,"player_choice":"Shed Blood","damage_taken":39,"max_hp_gain":5,"max_hp_loss":0,"event_name":"Forgotten Altar","floor":123,"gold_loss":0},{"damage_healed":0,"gold_gain":50,"player_choice":"Stole From Cult","damage_taken":0,"max_hp_gain":0,"max_hp_loss":0,"event_name":"Nest","floor":129,"gold_loss":0},{"damage_healed":0,"gold_gain":0,"player_choice":"Forge","damage_taken":0,"max_hp_gain":0,"max_hp_loss":0,"event_name":"Accursed Blacksmith","floor":141,"gold_loss":0,"cards_upgraded":["animator:Verdia"]},{"damage_healed":0,"gold_gain":0,"player_choice":"Upgraded","damage_taken":0,"max_hp_gain":0,"max_hp_loss":0,"event_name":"Upgrade Shrine","floor":149,"gold_loss":0,"cards_upgraded":["animator:Verdia"]}],"is_beta":false,"boss_relics":[{"not_picked":["aspiration:IroncladSkillbook","halation:MonkeysPaw"],"picked":"Replay:Wanted Poster"},{"not_picked":["aspiration:DefectSkillbook","ReplayTheSpireMod:SealedPack"],"picked":"Cursed Key"},{"not_picked":["vexMod:TanglingVine","vexMod:RockOfEvil"],"picked":"animator:CursedBlade"},{"not_picked":["halation:LoveArrow","conspire:SlowCooker","animator:RacePiece"],"picked":"Mark of Pain"},{"not_picked":["theForsaken:PaleLantern","StuffTheSpire:RunicHypercube","Astrolabe"],"picked":"animator:HolyGrailRelic"},{"not_picked":["Empty Cage","energizedSpire:OgreHead","halation:ForbiddenBikini"],"picked":"ReplayTheSpireMod:SealedPack"},{"not_picked":["vexMod:CursedCompass","Honey Jar","hubris:GrandSneckoEye"],"picked":"infinitespire:Cupcake"},{"not_picked":["aspiration:SilentSkillbook","energizedSpire:SpiderWeb","conspire:SeveredTorchhead"],"picked":"Bromod:ArcaneEnergize"},{"not_picked":["halation:LoveArrow","halation:IncompleteEncyclopedia","Replay:Bronze Core"],"picked":"conspire:SpecialSausage"}],"items_purged_floors":[31,44,56,66,73,83,107,118,131,148],"is_endless":true,"potions_floor_spawned":[4,5,12,16,18,24,33,38,41,47,48,50,58,62,63,68,70,75,90,91,93,94,98,103,108,109,111,117,125,128,133,135,137,140,143,154,155,159],"ascension_level":20}}