{"host":"0241nbavu410sn7l","time":1610609277,"event":{"mods":["Ascension Reborn","BaseMod","Better Third Choice","Minty Spire (QoL Compilation)","Rare Cards Sparkle","StSLib"],"gold_per_floor":[117,117,141,154,169,169,199,199,225,238,238,62,79,92,92,194,194,205,215,215,228,228,228,50,61,61,74,100,100,100],"floor_reached":29,"language":"ENG","playtime":2060,"items_purged":[],"score":277,"play_id":"6cdac32f-6a52-4f65-8566-b1f352695ddc","local_time":"20210114002757","is_ascension_mode":false,"campfire_choices":[{"data":"Chaos","floor":6.0,"key":"SMITH"},{"data":"Creative AI","floor":11.0,"key":"SMITH"},{"data":"Mayhem","floor":15.0,"key":"SMITH"},{"floor":23,"key":"REST"}],"circlet_count":0,"master_deck":["Strike_B","Strike_B","Strike_B","Strike_B","Defend_B","Defend_B","Defend_B+1","Defend_B","Zap+1","Dualcast","Chaos+1","Auto Shields","Beam Cell","Defragment","Creative AI+1","Mayhem+1","Thunder Strike","Buffer","Streamline+1","Ball Lightning","Writhe","Cold Snap","Storm","Beam Cell","All For One"],"relics":["Cracked Core","Oddly Smooth Stone","Symbiotic Virus","Bronze Scales","Nuclear Battery","Question Card","The Courier","DataDisk"],"acts_visited":[],"potions_floor_usage":[18,21,25,25,25,27,29],"damage_taken":[{"damage":8.0,"enemies":"Jaw Worm","floor":1.0,"turns":3.0},{"damage":0.0,"enemies":"2 Louse","floor":4.0,"turns":2.0},{"damage":0.0,"enemies":"Cultist","floor":5.0,"turns":3.0},{"damage":7.0,"enemies":"3 Sentries","floor":7.0,"turns":6.0},{"damage":0.0,"enemies":"Large Slime","floor":10.0,"turns":2.0},{"damage":6.0,"enemies":"Blue Slaver","floor":13.0,"turns":3.0},{"damage":13.0,"enemies":"3 Louse","floor":14.0,"turns":3.0},{"damage":0.0,"enemies":"Slime Boss","floor":16.0,"turns":5.0},{"damage":5,"enemies":"3 Byrds","floor":18,"turns":3},{"damage":1,"enemies":"Chosen","floor":19,"turns":4},{"damage":28,"enemies":"Sentry and Sphere","floor":21,"turns":5},{"damage":5,"enemies":"Snecko","floor":25,"turns":4},{"damage":46,"enemies":"Shelled Parasite and Fungi","floor":27,"turns":5},{"damage":7,"enemies":"Centurion and Healer","floor":29,"turns":2}],"seed_played":"1966076275041053151","potions_obtained":[{"floor":1.0,"key":"SteroidPotion"},{"floor":8.0,"key":"CultistPotion"},{"floor":8.0,"key":"FocusPotion"},{"floor":8.0,"key":"DistilledChaos"},{"floor":10.0,"key":"PowerPotion"},{"floor":13.0,"key":"Weak Potion"},{"floor":14.0,"key":"Strength Potion"},{"floor":16.0,"key":"Energy Potion"},{"floor":19,"key":"Dexterity Potion"},{"floor":27,"key":"FearPotion"}],"is_trial":false,"path_per_floor":["M","?","T","M","M","R","E","?","T","M","R","$","M","M","R","B",null,"M","M","?","M","?","R","$","M","T","M","T","M"],"character_chosen":"DEFECT","items_purchased":["Mayhem","Storm","EntropicBrew"],"campfire_rested":1,"item_purchase_floors":[12,24,24],"current_hp_per_floor":[74,58,58,58,58,58,51,51,51,51,51,51,45,32,32,32,82,77,76,76,48,32,58,58,53,53,7,7,0,0],"gold":100,"neow_bonus":"TEN_PERCENT_HP_BONUS","is_daily":false,"chose_seed":false,"campfire_upgraded":3,"win_rate":0.0,"timestamp":1610609277,"path_taken":["M","?","?","M","M","R","E","?","T","M","R","$","?","M","R","BOSS","M","M","?","M","?","R","$","M","T","M","?","M"],"items_purchased_type":["Card","Card","Potion"],"build_version":"2020-12-22","purchased_purges":0,"victory":false,"max_hp_per_floor":[82,82,82,82,82,82,82,82,82,82,82,82,82,82,82,82,82,82,82,82,82,87,87,87,87,87,87,87,87,87],"card_choices":[{"not_picked":["Hologram","Conserve Battery"],"picked":"Chaos","floor":1.0},{"not_picked":["Double Energy","Rebound"],"picked":"Auto Shields","floor":4.0},{"not_picked":["Double Energy","Hologram"],"picked":"Beam Cell","floor":5.0},{"not_picked":["Rebound","Consume"],"picked":"Defragment","floor":7.0},{"not_picked":["Storm","Leap"],"picked":"Creative AI","floor":10.0},{"not_picked":["Rebound","Compile Driver","Coolheaded"],"picked":"SKIP","floor":13.0},{"not_picked":["Coolheaded","Cold Snap"],"picked":"Thunder Strike","floor":14.0},{"not_picked":["Echo Form","Biased Cognition"],"picked":"Buffer","floor":16.0},{"not_picked":["Steam Power","Self Repair"],"picked":"Streamline+1","floor":18},{"not_picked":["Barrage","Reinforced Body"],"picked":"Ball Lightning","floor":19},{"not_picked":["Rebound+1","Coolheaded","Recycle"],"picked":"Cold Snap","floor":21},{"not_picked":["Ball Lightning","Turbo+1","Rebound"],"picked":"Beam Cell","floor":25},{"not_picked":["Glacier","Conserve Battery","Gash"],"picked":"All For One","floor":27}],"player_experience":572939,"relics_obtained":[{"floor":3.0,"key":"Oddly Smooth Stone"},{"floor":7.0,"key":"Symbiotic Virus"},{"floor":9.0,"key":"Bronze Scales"},{"floor":26,"key":"The Courier"},{"floor":28,"key":"DataDisk"}],"event_choices":[{"damage_healed":0.0,"max_hp_gain":0.0,"max_hp_loss":0.0,"gold_gain":0.0,"event_name":"Shining Light","player_choice":"Entered Light","floor":2.0,"gold_loss":0.0,"damage_taken":16.0,"cards_upgraded":["Defend_B","Zap"]},{"damage_healed":0.0,"max_hp_gain":0.0,"max_hp_loss":0.0,"gold_gain":0.0,"event_name":"Lab","player_choice":"Got Potions","floor":8.0,"gold_loss":0.0,"damage_taken":0.0},{"damage_healed":0,"gold_gain":0,"player_choice":"Opened","damage_taken":0,"relics_obtained":["Question Card"],"max_hp_gain":0,"max_hp_loss":0,"event_name":"The Mausoleum","floor":20,"gold_loss":0,"cards_obtained":["Writhe"]},{"damage_healed":0,"gold_gain":0,"player_choice":"Shed Blood","damage_taken":21,"max_hp_gain":5,"max_hp_loss":0,"event_name":"Forgotten Altar","floor":22,"gold_loss":0}],"is_beta":false,"boss_relics":[{"not_picked":["SlaversCollar","Calling Bell"],"picked":"Nuclear Battery"}],"items_purged_floors":[],"is_endless":false,"potions_floor_spawned":[1,10,13,14,16,19,27],"killed_by":"Centurion and Healer","ascension_level":0}}