{"host":"chv1qanoipyt46jc","time":1610661823,"event":{"mods":["2.2 Compatiblity","AchievementEnabler","BaseMod","BetterRewards","CapriCore","Card Filter","Evolution","Gold Saver","Grow up Mod","Minty Spire (QoL Compilation)","Rare Cards Sparkle","Relic Filter","Remove Card Discount Mod","Reorder Act Four","StSLib"],"gold_per_floor":[1154,1166,1186,1201,1276,1276,1305,1305,1376,1401,1412,1427,1440,1440,1440,1544,1544,1559,1578,1602,1602,1701,1701,1714,1714,1741,1701,1718,1718,1735,1750,1750,1850,1850,1866,1864,1914,1938,1951,1951,1951,1970,1970,1970,1980,1980,1993,2007,2007,2007,2007,2007,2007,2032,2032],"floor_reached":56,"language":"ENG","playtime":1040,"items_purged":["Wild Strike","Burning Pact","Wild Strike","Wild Strike","Wild Strike","Wild Strike","True Grit","True Grit","True Grit","True Grit","Bash","Inflame","Bloodletting"],"score":1763,"play_id":"6456a7cf-68c1-48c9-9c65-2bc10e995e07","local_time":"20210114160343","is_ascension_mode":false,"campfire_choices":[{"data":"Searing Blow","floor":6,"key":"SMITH"},{"data":"Searing Blow+1","floor":8,"key":"SMITH"},{"data":"Searing Blow+2","floor":15,"key":"SMITH"},{"data":"Searing Blow+3","floor":23,"key":"SMITH"},{"data":"Searing Blow+4","floor":25,"key":"SMITH"},{"data":"Searing Blow+6","floor":29,"key":"SMITH"},{"data":"Searing Blow+7","floor":32,"key":"SMITH"},{"data":"Searing Blow+8","floor":40,"key":"SMITH"},{"data":"Searing Blow+9","floor":44,"key":"SMITH"},{"floor":46,"key":"RECALL"},{"data":"Searing Blow+10","floor":49,"key":"SMITH"},{"data":"Searing Blow+11","floor":53,"key":"SMITH"}],"circlet_count":0,"master_deck":["Searing Blow+12","Seeing Red","Seeing Red","Seeing Red+1"],"relics":["Burning Blood","EVO:Axolotl","TheAbacus","Singing Bowl","Membership Card","Unceasing Top","Medical Kit","Dream Catcher","Shuriken","SlaversCollar","Anchor","Tiny Chest","SacredBark","CaptainsWheel","Bag of Preparation","Frozen Egg 2","Boot"],"acts_visited":["Exordium","TheCity","TheBeyond","TheEnding"],"potions_floor_usage":[55,55],"damage_taken":[{"damage":12,"enemies":"Jaw Worm","floor":1,"turns":1},{"damage":9,"enemies":"2 Louse","floor":2,"turns":1},{"damage":9,"enemies":"Cultist","floor":3,"turns":1},{"damage":9,"enemies":"3 Louse","floor":4,"turns":1},{"damage":21,"enemies":"Lagavulin","floor":7,"turns":1},{"damage":9,"enemies":"3 Sentries","floor":10,"turns":4},{"damage":9,"enemies":"Gremlin Gang","floor":11,"turns":2},{"damage":9,"enemies":"Exordium Thugs","floor":12,"turns":2},{"damage":3,"enemies":"3 Louse","floor":13,"turns":2},{"damage":27,"enemies":"The Guardian","floor":16,"turns":1},{"damage":9,"enemies":"Shell Parasite","floor":18,"turns":2},{"damage":9,"enemies":"Chosen","floor":19,"turns":3},{"damage":9,"enemies":"Centurion and Healer","floor":24,"turns":2},{"damage":6,"enemies":"Sentry and Sphere","floor":28,"turns":1},{"damage":3,"enemies":"Snake Plant","floor":30,"turns":1},{"damage":3,"enemies":"Snecko","floor":31,"turns":1},{"damage":15,"enemies":"Champ","floor":33,"turns":1},{"damage":6,"enemies":"3 Shapes","floor":35,"turns":1},{"damage":0,"enemies":"Mind Bloom Boss Battle","floor":37,"turns":2},{"damage":0,"enemies":"Orb Walker","floor":39,"turns":1},{"damage":0,"enemies":"Jaw Worm Horde","floor":42,"turns":2},{"damage":0,"enemies":"3 Darklings","floor":45,"turns":2},{"damage":0,"enemies":"Sphere and 2 Shapes","floor":47,"turns":2},{"damage":0,"enemies":"Writhing Mass","floor":48,"turns":1},{"damage":0,"enemies":"Awakened One","floor":50,"turns":4},{"damage":0,"enemies":"Shield and Spear","floor":54,"turns":1},{"damage":20,"enemies":"The Heart","floor":55,"turns":3}],"seed_played":"6024914961229140440","potions_obtained":[{"floor":1,"key":"SpeedPotion"},{"floor":2,"key":"AttackPotion"},{"floor":4,"key":"Explosive Potion"},{"floor":37,"key":"LiquidBronze"},{"floor":48,"key":"Energy Potion"}],"is_trial":false,"path_per_floor":["M","M","M","M","?","R","E","R","T","E","M","M","M","?","R","B",null,"M","M","T","$","?","R","M","R","T","?","M","R","M","M","R","B",null,"M","$","?","T","M","R","?","M","T","R","M","R","M","M","R","B",null,"$","R","E","B",null],"character_chosen":"IRONCLAD","items_purchased":["Inflame","Searing Blow","TheAbacus","Singing Bowl","Membership Card","Unceasing Top","Burning Pact","Bloodletting","Medical Kit"],"campfire_rested":0,"item_purchase_floors":[0,0,0,0,0,0,0,0,0],"current_hp_per_floor":[53,62,71,80,90,100,97,107,117,126,135,144,159,169,179,170,291,300,309,319,329,339,349,358,368,378,388,398,408,421,436,446,449,471,483,493,505,515,527,537,549,561,571,581,593,603,615,625,635,645,655,665,675,687,683],"gold":2032,"neow_bonus":"","is_daily":false,"chose_seed":false,"campfire_upgraded":11,"win_rate":0.0,"timestamp":1610661823,"path_taken":["M","M","M","M","?","R","E","R","T","E","M","M","M","?","R","BOSS","M","M","?","$","?","R","M","R","T","?","M","R","?","M","R","BOSS","M","$","?","?","M","R","?","M","T","R","M","R","M","M","R","BOSS","$","R","E","BOSS"],"items_purchased_type":["Card","Card","Relic","Relic","Relic","Relic","Card","Card","Relic"],"build_version":"2020-12-22","purchased_purges":13,"victory":true,"max_hp_per_floor":[113,125,137,149,159,169,181,191,201,213,225,237,249,259,269,281,291,303,315,325,335,345,355,367,377,387,397,407,417,427,439,449,461,471,483,493,505,515,527,537,549,561,571,581,593,603,615,625,635,645,655,665,675,687,697],"card_choices":[{"not_picked":["Anger","Bloodletting","Inflame"],"picked":"Singing Bowl","floor":1},{"not_picked":["Dark Embrace","Anger","Iron Wave"],"picked":"Singing Bowl","floor":2},{"not_picked":["Iron Wave","Searing Blow","Anger"],"picked":"Singing Bowl","floor":3},{"not_picked":["Anger","Armaments","Iron Wave"],"picked":"Singing Bowl","floor":4},{"not_picked":["Pommel Strike","Carnage","Shrug It Off"],"picked":"Singing Bowl","floor":7},{"not_picked":["Carnage","Burning Pact","Iron Wave"],"picked":"Singing Bowl","floor":10},{"not_picked":["Pommel Strike","Anger","Pummel"],"picked":"Singing Bowl","floor":11},{"not_picked":["Inflame","Pommel Strike","Anger"],"picked":"Singing Bowl","floor":12},{"not_picked":["Shrug It Off","Pommel Strike","Bludgeon"],"picked":"Singing Bowl","floor":13},{"not_picked":["Offering","Demon Form","Feed"],"picked":"Singing Bowl","floor":16},{"not_picked":["Shrug It Off+1","Armaments","Dark Embrace"],"picked":"Singing Bowl","floor":18},{"not_picked":["Iron Wave","Pummel+1","Shrug It Off+1"],"picked":"Singing Bowl","floor":19},{"not_picked":["Anger","Pummel","Pommel Strike"],"picked":"Singing Bowl","floor":24},{"not_picked":["Pommel Strike","Demon Form"],"picked":"Seeing Red","floor":28},{"not_picked":["Iron Wave","Armaments"],"picked":"Seeing Red","floor":30},{"not_picked":["Inflame+1","Iron Wave","Armaments"],"picked":"Singing Bowl","floor":31},{"not_picked":["Offering","Feed","Demon Form"],"picked":"Singing Bowl","floor":33},{"not_picked":["Shrug It Off","Armaments","Inflame"],"picked":"Singing Bowl","floor":35},{"not_picked":["Dark Embrace","Pommel Strike","Pummel+1"],"picked":"Singing Bowl","floor":37},{"not_picked":["Anger","Armaments+1","Pommel Strike"],"picked":"Singing Bowl","floor":39},{"not_picked":["Discovery","Swift Strike","Secret Weapon"],"picked":"Singing Bowl","floor":41},{"not_picked":["Shrug It Off","Pummel+1","Dark Embrace"],"picked":"Singing Bowl","floor":42},{"not_picked":["Armaments","Dark Embrace+1","Pommel Strike"],"picked":"Singing Bowl","floor":45},{"not_picked":["Shrug It Off","Pommel Strike","Iron Wave"],"picked":"Singing Bowl","floor":47},{"not_picked":["Iron Wave","Armaments+1"],"picked":"Seeing Red+1","floor":48},{"not_picked":["Bloodletting","Bludgeon","Shrug It Off+1"],"picked":"Singing Bowl","floor":54}],"player_experience":307713,"relics_obtained":[{"floor":7,"key":"Dream Catcher"},{"floor":10,"key":"Shuriken"},{"floor":20,"key":"Anchor"},{"floor":26,"key":"Tiny Chest"},{"floor":37,"key":"CaptainsWheel"},{"floor":38,"key":"Bag of Preparation"},{"floor":43,"key":"Frozen Egg 2"},{"floor":54,"key":"Boot"}],"event_choices":[{"damage_healed":0,"gold_gain":75,"player_choice":"Gained Gold","damage_taken":0,"max_hp_gain":0,"max_hp_loss":0,"event_name":"Golden Wing","floor":5,"gold_loss":0},{"damage_healed":0,"gold_gain":0,"player_choice":"Bought 0 Potions","damage_taken":0,"max_hp_gain":0,"max_hp_loss":0,"event_name":"The Woman in Blue","floor":14,"gold_loss":0},{"damage_healed":0,"gold_gain":99,"player_choice":"Stole From Cult","damage_taken":0,"max_hp_gain":0,"max_hp_loss":0,"event_name":"Nest","floor":22,"gold_loss":0},{"damage_healed":0,"gold_gain":0,"player_choice":"Upgrade","damage_taken":0,"max_hp_gain":0,"max_hp_loss":0,"event_name":"Designer","floor":27,"gold_loss":40,"cards_upgraded":["Searing Blow"]},{"damage_healed":0,"gold_gain":0,"player_choice":"Fight","damage_taken":0,"max_hp_gain":0,"max_hp_loss":0,"event_name":"MindBloom","floor":37,"gold_loss":0},{"damage_healed":0,"gold_gain":0,"player_choice":"Memory 1","damage_taken":0,"max_hp_gain":0,"max_hp_loss":0,"event_name":"SensoryStone","floor":41,"gold_loss":0}],"is_beta":false,"boss_relics":[{"not_picked":["Empty Cage","Tiny House"],"picked":"SlaversCollar"},{"not_picked":["Runic Dome","Runic Pyramid"],"picked":"SacredBark"}],"items_purged_floors":[0,0,0,0,0,0,0,0,0,0,0,0,36],"is_endless":false,"potions_floor_spawned":[1,2,4,16,24,33,37,39,42,48],"ascension_level":0}}