{"host":"m05ccpxu5tzpdfht","time":1610584746,"event":{"mods":["BaseMod","Marisa????????","Minty Spire (QoL Compilation)","Replay The Spire","Shop Mod","StSLib"],"gold_per_floor":[112,131,141,141,141,141,170,170,170,188,201,212,227,243,243,344,344,358,378,36,36,36,36],"floor_reached":22,"language":"ENG","playtime":822,"items_purged":[],"score":310,"play_id":"3da84fd6-2031-4f53-add4-01524bf3b3cc","local_time":"20210113193906","is_ascension_mode":true,"campfire_choices":[{"data":"Replay:Light Bash","floor":6.0,"key":"SMITH"},{"data":"Streamline","floor":8.0,"key":"SMITH"},{"floor":15.0,"key":"REST"}],"circlet_count":0,"master_deck":["AscendersBane","Strike_B","Strike_B","Strike_B","Strike_B","Defend_B","Defend_B","Defend_B","Defend_B","Zap","Dualcast","Strike_B","Replay:Light Bash+1","Streamline+1","Go for the Eyes","Gash","Storm","Ball Lightning","Conserve Battery","Electrodynamics","Static Discharge","Go for the Eyes","Fission","Time Bomb","Go for the Eyes","Gash+1"],"relics":["Cracked Core","Replay:Bottled Steam","Divine Protection","Replay:Bottled Flurry","Inserter","FossilizedHelix"],"acts_visited":["Exordium","TheCity"],"potions_floor_usage":[19],"damage_taken":[{"damage":0.0,"enemies":"Cultist","floor":1.0,"turns":4.0},{"damage":0.0,"enemies":"2 Louse","floor":2.0,"turns":2.0},{"damage":0.0,"enemies":"Jaw Worm","floor":3.0,"turns":3.0},{"damage":38.0,"enemies":"Replay:BlueRogue","floor":7.0,"turns":5.0},{"damage":7.0,"enemies":"Exordium Thugs","floor":10.0,"turns":3.0},{"damage":0.0,"enemies":"2 Fungi Beasts","floor":11.0,"turns":3.0},{"damage":10.0,"enemies":"Gremlin Gang","floor":12.0,"turns":4.0},{"damage":5.0,"enemies":"Blue Slaver","floor":13.0,"turns":2.0},{"damage":5.0,"enemies":"Exordium Thugs","floor":14.0,"turns":3.0},{"damage":18.0,"enemies":"Hexaghost","floor":16.0,"turns":6.0},{"damage":25,"enemies":"Shell Parasite","floor":18,"turns":5},{"damage":22,"enemies":"2 Thieves","floor":19,"turns":3},{"damage":35,"enemies":"3 Cultists","floor":22,"turns":4}],"seed_played":"6107962274784255317","potions_obtained":[{"floor":1.0,"key":"DuplicationPotion"},{"floor":10.0,"key":"FocusPotion"},{"floor":16.0,"key":"Regen Potion"}],"is_trial":false,"path_per_floor":["M","M","M","?","T","R","E","R","T","M","M","M","M","M","R","B",null,"M","M","$","?","M"],"character_chosen":"DEFECT","items_purchased":["FossilizedHelix","Gash+1"],"campfire_rested":1,"item_purchase_floors":[20,20],"current_hp_per_floor":[82,82,82,87,87,87,49,49,49,42,42,32,27,22,50,32,79,54,32,32,26,0,0],"gold":36,"neow_bonus":"TWENTY_PERCENT_HP_BONUS","is_daily":false,"chose_seed":false,"campfire_upgraded":2,"win_rate":0.0,"timestamp":1610584746,"path_taken":["M","M","?","?","?","R","E","R","T","M","M","M","M","?","R","BOSS","M","M","$","?","?"],"items_purchased_type":["Relic","Card"],"build_version":"2020-12-22","purchased_purges":0,"victory":false,"max_hp_per_floor":[89,89,89,94,94,94,94,94,94,94,94,94,94,94,94,94,94,94,94,94,94,94,94],"card_choices":[{"not_picked":["Recycle","Defragment"],"picked":"Streamline","floor":1.0},{"not_picked":["BootSequence","Stack"],"picked":"Go for the Eyes","floor":2.0},{"not_picked":["Barrage","Recycle"],"picked":"Gash","floor":3.0},{"not_picked":["Panic Button","Ball Lightning"],"picked":"Storm","floor":7.0},{"not_picked":["Hologram","Compile Driver"],"picked":"Ball Lightning","floor":10.0},{"not_picked":["Stack","Cold Snap"],"picked":"Conserve Battery","floor":11.0},{"not_picked":["Ball Lightning","Beam Cell"],"picked":"Electrodynamics","floor":12.0},{"not_picked":["Panic Button","Redo"],"picked":"Static Discharge","floor":13.0},{"not_picked":["BasicCrystalCard","Barrage"],"picked":"Go for the Eyes","floor":14.0},{"not_picked":["Rainbow","Electrodynamics"],"picked":"Fission","floor":16.0},{"not_picked":["Beam Cell+1","Rebound"],"picked":"Time Bomb","floor":18},{"not_picked":["Reinforced Body","Compile Driver"],"picked":"Go for the Eyes","floor":19}],"player_experience":660050,"relics_obtained":[{"floor":5.0,"key":"Replay:Bottled Steam"},{"floor":7.0,"key":"Divine Protection"},{"floor":9.0,"key":"Replay:Bottled Flurry"}],"event_choices":[{"damage_healed":0.0,"max_hp_gain":5.0,"max_hp_loss":0.0,"gold_gain":0.0,"event_name":"Big Fish","player_choice":"Donut","floor":4.0,"gold_loss":0.0,"damage_taken":0.0},{"damage_healed":0,"gold_gain":0,"player_choice":"","damage_taken":6,"max_hp_gain":0,"max_hp_loss":0,"event_name":"Knowing Skull","floor":21,"potions_obtained":[],"gold_loss":0,"cards_obtained":[]}],"is_beta":false,"boss_relics":[{"not_picked":["Cursed Key","Kintsugi"],"picked":"Inserter"}],"items_purged_floors":[],"is_endless":false,"potions_floor_spawned":[1,10,16],"killed_by":"3 Cultists","ascension_level":10}}