{"host":"51fyd6gkml7xavq8","time":1610620672,"event":{"mods":["BaseMod","BetterRewards","Colored Map","Energized Spire","Infinite Spire","Minty Spire (QoL Compilation)","Replay The Spire","Shop Mod","Spicy Shops","StSLib","The Blue Laboratory","[IsaacMod]????"],"gold_per_floor":[134,164,164,176,176,229,50,50,50,93,93,125,125,55,55,55,55],"floor_reached":16,"language":"ENG","playtime":673,"items_purged":[],"score":173,"play_id":"f7b01323-dc6d-43f3-9e4f-a60292fb04e1","local_time":"20210114073752","is_ascension_mode":true,"campfire_choices":[{"data":"Apotheosis","floor":8.0,"key":"SMITH"},{"floor":11.0,"key":"REST"},{"data":"Self Repair","floor":15.0,"key":"SMITH"}],"circlet_count":0,"master_deck":["Strike_B","Strike_B","Strike_B","Strike_B","Defend_B+1","Defend_B","Defend_B","Defend_B","Zap","Dualcast","HandOfGreed+1","ReplayTheSpireMod:Calculation Training+1","Force Field","Core Surge","Apotheosis+1","FIFO Queue","Self Repair+1"],"relics":["Cracked Core","HushsDoor","DeathBook","ReplayTheSpireMod:CursedCoin","infinitespire:BottledMercury","War Paint","ForgetMeNow","Divine Protection"],"acts_visited":["Exordium"],"potions_floor_usage":[16,16,16],"damage_taken":[{"damage":17.0,"enemies":"Small Slimes","floor":1.0,"turns":4.0},{"damage":5.0,"enemies":"2 Louse","floor":2.0,"turns":3.0},{"damage":0.0,"enemies":"Cultist","floor":4.0,"turns":3.0},{"damage":0.0,"enemies":"Gremlin Nob","floor":6.0,"turns":2.0},{"damage":0.0,"enemies":"Large Slime","floor":10.0,"turns":3.0},{"damage":16.0,"enemies":"Lagavulin","floor":12.0,"turns":7.0},{"damage":49,"enemies":"Hexaghost","floor":16,"turns":9}],"seed_played":"5727210618280837094","potions_obtained":[{"floor":2.0,"key":"Strength Potion"},{"floor":6.0,"key":"ColorlessPotion"},{"floor":10.0,"key":"Elixir"}],"is_trial":false,"path_per_floor":["M","M","?","M","?","E","$","R","T","M","R","E","?","$","R","B"],"character_chosen":"DEFECT","items_purchased":["ReplayTheSpireMod:CursedCoin","HandOfGreed","Apotheosis","Self Repair"],"campfire_rested":1,"item_purchase_floors":[0,0,7,14],"current_hp_per_floor":[51,46,46,46,46,46,46,46,46,46,68,52,45,45,45,0,0],"gold":55,"neow_bonus":"","is_daily":false,"chose_seed":false,"campfire_upgraded":2,"win_rate":0.0,"timestamp":1610620672,"path_taken":["M","M","?","M","?","E","$","R","T","M","R","E","?","$","R","BOSS"],"items_purchased_type":["Relic","Card","Card","Card"],"build_version":"2020-12-22","purchased_purges":0,"victory":false,"max_hp_per_floor":[75,75,75,75,75,75,75,75,75,75,75,75,75,75,75,75,75],"card_choices":[{"not_picked":[],"picked":"Bomb","floor":0.0},{"not_picked":["Darkness","FTL"],"picked":"ReplayTheSpireMod:Calculation Training","floor":1.0},{"not_picked":["Sunder","Undo"],"picked":"Force Field","floor":2.0},{"not_picked":["Hologram","Go for the Eyes","Sweeping Beam"],"picked":"SKIP","floor":4.0},{"not_picked":["BasicCrystalCard","Static Discharge"],"picked":"Core Surge","floor":6.0},{"not_picked":["Leap","Distribution"],"picked":"FIFO Queue","floor":10.0},{"not_picked":["Panic Button","Rebound"],"picked":"Bomb","floor":12.0}],"player_experience":516479,"relics_obtained":[{"floor":5.0,"key":"infinitespire:BottledMercury"},{"floor":6.0,"key":"War Paint"},{"floor":9.0,"key":"ForgetMeNow"},{"floor":12.0,"key":"Divine Protection"}],"event_choices":[{"damage_healed":0.0,"max_hp_gain":0.0,"max_hp_loss":0.0,"gold_gain":0.0,"event_name":"Living Wall","player_choice":"Grow","floor":3.0,"gold_loss":0.0,"damage_taken":0.0,"cards_upgraded":["HandOfGreed"]},{"cards_removed":["Writhe"],"damage_healed":0.0,"max_hp_gain":0.0,"max_hp_loss":0.0,"gold_gain":0.0,"event_name":"Golden Wing","player_choice":"Card Removal","floor":13.0,"gold_loss":0.0,"damage_taken":7.0}],"is_beta":false,"boss_relics":[],"items_purged_floors":[],"is_endless":false,"potions_floor_spawned":[2,6,10],"killed_by":"Hexaghost","ascension_level":6}}