{"host":"og6lam4kt3nibbw0","time":1610642086,"event":{"mods":["AchievementEnabler","BaseMod","Colored Map","DeckTracker","Highlight Path","Keyboard Shortcuts","Minty Spire (QoL Compilation)","Permanent Neow","Quick Restart","StSLib","SuperFastMode"],"gold_per_floor":[16,33,46,46,61,61,93,93,117,192,211,211,211],"floor_reached":12,"language":"KOR","playtime":387,"items_purged":[],"score":160,"play_id":"c4b30211-8909-4fd8-8b2a-9665e4dc113f","local_time":"20210115013446","is_ascension_mode":true,"campfire_choices":[{"data":"Entrench","floor":6.0,"key":"SMITH"},{"data":"Body Slam","floor":8,"key":"SMITH"}],"circlet_count":0,"master_deck":["AscendersBane","Strike_R","Strike_R","Strike_R","Strike_R","Strike_R","Defend_R","Defend_R","Defend_R","Defend_R","Bash","Entrench+1","Rage","Hemokinesis","Body Slam+1","Dropkick"],"relics":["Burning Blood","Calipers","Centennial Puzzle","Bronze Scales"],"acts_visited":["Exordium"],"potions_floor_usage":[7,7,12],"damage_taken":[{"damage":6.0,"enemies":"Cultist","floor":1.0,"turns":3.0},{"damage":9.0,"enemies":"Jaw Worm","floor":2.0,"turns":4.0},{"damage":0.0,"enemies":"Small Slimes","floor":3.0,"turns":4.0},{"damage":13.0,"enemies":"2 Fungi Beasts","floor":5.0,"turns":5.0},{"damage":39,"enemies":"3 Sentries","floor":7,"turns":12},{"damage":9,"enemies":"Lots of Slimes","floor":11,"turns":3},{"damage":20,"enemies":"Lagavulin","floor":12,"turns":4}],"seed_played":"-3177441953755076885","potions_obtained":[{"floor":1.0,"key":"DuplicationPotion"},{"floor":5.0,"key":"Energy Potion"},{"floor":7,"key":"BlessingOfTheForge"}],"is_trial":false,"path_per_floor":["M","M","M","?","M","R","E","R","T","?","M","E"],"character_chosen":"IRONCLAD","items_purchased":[],"campfire_rested":0,"item_purchase_floors":[],"current_hp_per_floor":[68,65,71,71,64,64,31,31,31,20,17,0,0],"gold":211,"neow_bonus":"ONE_RARE_RELIC","is_daily":false,"chose_seed":false,"campfire_upgraded":2,"win_rate":0.0,"timestamp":1610642086,"path_taken":["M","?","M","?","M","R","E","R","T","?","M","E"],"items_purchased_type":[],"build_version":"2020-12-22","purchased_purges":0,"victory":false,"max_hp_per_floor":[75,75,75,75,75,75,75,75,75,75,75,75,75],"card_choices":[{"not_picked":["Iron Wave","Perfected Strike"],"picked":"Entrench","floor":1.0},{"not_picked":["Evolve","Heavy Blade"],"picked":"Rage","floor":2.0},{"not_picked":["Evolve","Bloodletting","Twin Strike"],"picked":"SKIP","floor":3.0},{"not_picked":["Perfected Strike","Warcry"],"picked":"Hemokinesis","floor":5.0},{"not_picked":["Bludgeon","Ghostly Armor"],"picked":"Body Slam","floor":7},{"not_picked":["Entrench","Second Wind"],"picked":"Dropkick","floor":11}],"player_experience":656266,"relics_obtained":[{"floor":7,"key":"Centennial Puzzle"},{"floor":9,"key":"Bronze Scales"}],"event_choices":[{"damage_healed":0.0,"max_hp_gain":0.0,"max_hp_loss":0.0,"gold_gain":0.0,"event_name":"Liars Game","player_choice":"Ignored","floor":4.0,"gold_loss":0.0,"damage_taken":0.0},{"damage_healed":0,"gold_gain":75,"player_choice":"Gather Gold","damage_taken":11,"max_hp_gain":0,"max_hp_loss":0,"event_name":"World of Goop","floor":10,"gold_loss":0}],"is_beta":false,"boss_relics":[],"items_purged_floors":[],"is_endless":false,"potions_floor_spawned":[1,5,7],"killed_by":"Lagavulin","ascension_level":20}}