{"host":"jn2qdns2nxijvlnt","time":1610645352,"event":{"mods":["BaseMod","Minty Spire (QoL Compilation)","Quick Restart"],"gold_per_floor":[116,116,116,134,134,168,16,52,52,52,71,109,74,92,92,220,220,236,236,257,9,30,61,61,61,112,147,147,147,190,203,203,334,334,334,347,0,0,0,0,40,40,65,81,81,81,81],"floor_reached":46,"language":"ENG","playtime":4408,"items_purged":[],"score":873,"play_id":"ec2a7514-0ee7-4745-a102-ea3616857234","local_time":"20210114122912","is_ascension_mode":true,"campfire_choices":[{"data":"Venomology","floor":15.0,"key":"SMITH"},{"floor":24.0,"key":"REST"},{"floor":29.0,"key":"REST"},{"floor":32.0,"key":"REST"},{"floor":40.0,"key":"REST"},{"floor":42.0,"key":"REST"},{"floor":45.0,"key":"REST"}],"circlet_count":0,"master_deck":["Strike_G+1","Strike_G+1","Strike_G+1","Strike_G+1","Strike_G+1","Defend_G+1","Defend_G+1","Defend_G+1","Defend_G+1","Defend_G+1","Survivor+1","Neutralize+1","PiercingWail+1","Slice","Masterful Stab","Venomology+1","Dash","Leg Sweep","Glass Knife","Heel Hook+1","Dagger Spray+1","Flying Knee+1","Adrenaline+1","Tactician+1"],"relics":["Ring of the Snake","NeowsBlessing","Golden Idol","Calipers","Anchor","Ancient Tea Set","Ginger","Happy Flower","Fusion Hammer","MutagenicStrength","Gremlin Horn","Lantern","Toy Ornithopter","Pen Nib","Nunchaku","Runic Pyramid","TwistedFunnel","War Paint","Red Mask","Art of War","Omamori"],"acts_visited":["Exordium","TheCity","TheBeyond"],"potions_floor_usage":[46],"damage_taken":[{"damage":0.0,"enemies":"Jaw Worm","floor":1.0,"turns":1.0},{"damage":0.0,"enemies":"2 Louse","floor":4.0,"turns":1.0},{"damage":0.0,"enemies":"3 Sentries","floor":6.0,"turns":1.0},{"damage":6.0,"enemies":"Lagavulin","floor":8.0,"turns":8.0},{"damage":0.0,"enemies":"Small Slimes","floor":11.0,"turns":3.0},{"damage":0.0,"enemies":"Gremlin Nob","floor":12.0,"turns":4.0},{"damage":0.0,"enemies":"3 Louse","floor":14.0,"turns":3.0},{"damage":33.0,"enemies":"The Guardian","floor":16.0,"turns":16.0},{"damage":0.0,"enemies":"3 Byrds","floor":18.0,"turns":7.0},{"damage":11.0,"enemies":"Spheric Guardian","floor":20.0,"turns":3.0},{"damage":7.0,"enemies":"Cultist and Chosen","floor":22.0,"turns":8.0},{"damage":0.0,"enemies":"Slavers","floor":23.0,"turns":4.0},{"damage":0.0,"enemies":"Gremlin Leader","floor":27.0,"turns":7.0},{"damage":5.0,"enemies":"Slavers","floor":30.0,"turns":5.0},{"damage":0.0,"enemies":"Snake Plant","floor":31.0,"turns":2.0},{"damage":57.0,"enemies":"Automaton","floor":33.0,"turns":12.0},{"damage":0.0,"enemies":"3 Darklings","floor":35.0,"turns":1.0},{"damage":0.0,"enemies":"3 Shapes","floor":36.0,"turns":2.0},{"damage":0.0,"enemies":"Nemesis","floor":41.0,"turns":3.0},{"damage":0.0,"enemies":"Maw","floor":44.0,"turns":5.0},{"damage":40,"enemies":"Giant Head","floor":46,"turns":9}],"seed_played":"7314650890628901478","potions_obtained":[{"floor":6.0,"key":"Dexterity Potion"},{"floor":11.0,"key":"Poison Potion"},{"floor":22.0,"key":"Energy Potion"},{"floor":27.0,"key":"BlessingOfTheForge"},{"floor":33.0,"key":"ColorlessPotion"},{"floor":36.0,"key":"AttackPotion"}],"is_trial":false,"path_per_floor":["M","?","?","M","?","E","$","E","T","?","M","E","?","M","R","B",null,"M","?","M","$","M","E","R","?","T","E","?","R","E","M","R","B",null,"M","M","$","?","?","R","E","R","T","M","R","E"],"character_chosen":"THE_SILENT","items_purchased":["Anchor","Gremlin Horn","TwistedFunnel","War Paint","ColorlessPotion"],"campfire_rested":6,"item_purchase_floors":[7,21,37,37,37],"current_hp_per_floor":[63,46,32,32,32,32,32,26,26,49,49,49,66,66,66,33,61,61,61,50,50,43,43,64,64,64,70,70,70,65,70,70,13,56,61,61,61,61,61,70,70,70,70,70,70,30,30],"gold":81,"neow_bonus":"THREE_ENEMY_KILL","is_daily":false,"chose_seed":false,"campfire_upgraded":1,"win_rate":0.0,"timestamp":1610645352,"path_taken":["M","?","?","M","?","E","$","E","T","?","M","E","?","?","R","BOSS","M","?","M","$","M","E","R","?","T","E","?","R","E","M","R","BOSS","M","?","$","?","?","R","E","R","T","M","R","E"],"items_purchased_type":["Relic","Relic","Relic","Relic","Potion"],"build_version":"2020-12-22","purchased_purges":0,"victory":false,"max_hp_per_floor":[70,70,70,70,70,70,70,70,70,70,70,70,70,70,70,70,70,70,70,70,70,70,70,70,70,70,70,70,70,70,70,70,70,70,70,70,70,70,70,70,70,70,70,70,70,70,70],"card_choices":[{"not_picked":["Slice","Quick Slash"],"picked":"PiercingWail","floor":1.0},{"not_picked":["Blur","Crippling Poison"],"picked":"Slice","floor":4.0},{"not_picked":["Tools of the Trade","Prepared"],"picked":"Masterful Stab","floor":6.0},{"not_picked":["Deflect","Slice"],"picked":"Venomology","floor":8.0},{"not_picked":["Caltrops","Concentrate"],"picked":"Dash","floor":11.0},{"not_picked":["Accuracy","Calculated Gamble","Choke"],"picked":"SKIP","floor":12.0},{"not_picked":["Deadly Poison","Underhanded Strike"],"picked":"Leg Sweep","floor":14.0},{"not_picked":["Corpse Explosion","Wraith Form v2"],"picked":"Glass Knife","floor":16.0},{"not_picked":["Flechettes","Tactician+1","Outmaneuver"],"picked":"SKIP","floor":18.0},{"not_picked":["Poisoned Stab","Backflip"],"picked":"Heel Hook+1","floor":20.0},{"not_picked":["Catalyst","Acrobatics"],"picked":"Dagger Spray+1","floor":22.0},{"not_picked":["Bane+1","Quick Slash","Reflex+1"],"picked":"SKIP","floor":23.0},{"not_picked":["Dodge and Roll","Phantasmal Killer"],"picked":"Flying Knee+1","floor":27.0},{"not_picked":["Setup+1","Wraith Form v2","Slice"],"picked":"SKIP","floor":30.0},{"not_picked":["Dash+1","Setup"],"picked":"Caltrops","floor":31.0},{"not_picked":["Burst","Glass Knife"],"picked":"Adrenaline","floor":33.0},{"not_picked":["Reflex+1","Catalyst"],"picked":"Tactician+1","floor":36.0},{"not_picked":["Quick Slash","Dodge and Roll+1","Blade Dance"],"picked":"SKIP","floor":41.0},{"not_picked":["Choke+1","Deflect+1","Leg Sweep"],"picked":"SKIP","floor":44.0}],"player_experience":514064,"relics_obtained":[{"floor":6.0,"key":"Calipers"},{"floor":8.0,"key":"Ancient Tea Set"},{"floor":9.0,"key":"Ginger"},{"floor":12.0,"key":"Happy Flower"},{"floor":23.0,"key":"Lantern"},{"floor":26.0,"key":"Toy Ornithopter"},{"floor":27.0,"key":"Pen Nib"},{"floor":30.0,"key":"Nunchaku"},{"floor":41.0,"key":"Art of War"},{"floor":43.0,"key":"Omamori"}],"event_choices":[{"damage_healed":0.0,"max_hp_gain":0.0,"max_hp_loss":0.0,"gold_gain":0.0,"event_name":"Golden Idol","player_choice":"Take Damage","floor":2.0,"gold_loss":0.0,"damage_taken":17.0,"relics_obtained":["Golden Idol"]},{"damage_healed":0.0,"max_hp_gain":0.0,"max_hp_loss":0.0,"gold_gain":0.0,"event_name":"Shining Light","player_choice":"Entered Light","floor":3.0,"gold_loss":0.0,"damage_taken":14.0,"cards_upgraded":["PiercingWail","Strike_G"]},{"damage_healed":0.0,"max_hp_gain":0.0,"max_hp_loss":0.0,"gold_gain":0.0,"event_name":"Living Wall","player_choice":"Grow","floor":5.0,"gold_loss":0.0,"damage_taken":0.0,"cards_upgraded":["Neutralize"]},{"damage_healed":23.0,"max_hp_gain":0.0,"max_hp_loss":0.0,"gold_gain":0.0,"event_name":"Big Fish","player_choice":"Banana","floor":10.0,"gold_loss":0.0,"damage_taken":0.0},{"damage_healed":17.0,"max_hp_gain":0.0,"max_hp_loss":0.0,"gold_gain":0.0,"event_name":"The Cleric","player_choice":"Healed","floor":13.0,"gold_loss":35.0,"damage_taken":0.0},{"damage_healed":0.0,"max_hp_gain":0.0,"max_hp_loss":0.0,"gold_gain":0.0,"event_name":"Drug Dealer","player_choice":"Inject Mutagens","floor":19.0,"gold_loss":0.0,"damage_taken":0.0,"relics_obtained":["MutagenicStrength"]},{"damage_healed":0.0,"max_hp_gain":0.0,"max_hp_loss":0.0,"gold_gain":0.0,"event_name":"Back to Basics","player_choice":"Simplicity","floor":25.0,"gold_loss":0.0,"damage_taken":0.0,"cards_upgraded":["Strike_G","Strike_G","Strike_G","Strike_G","Defend_G","Defend_G","Defend_G","Defend_G","Defend_G"]},{"damage_healed":0.0,"max_hp_gain":0.0,"max_hp_loss":0.0,"gold_gain":0.0,"event_name":"Purifier","player_choice":"Ignored","floor":28.0,"gold_loss":0.0,"damage_taken":0.0},{"cards_removed":["Caltrops"],"damage_healed":0.0,"max_hp_gain":0.0,"max_hp_loss":0.0,"gold_gain":0.0,"event_name":"Falling","player_choice":"Removed Power","floor":38.0,"gold_loss":0.0,"damage_taken":0.0},{"damage_healed":0.0,"max_hp_gain":0.0,"max_hp_loss":0.0,"gold_gain":0.0,"event_name":"Tomb of Lord Red Mask","player_choice":"Paid","floor":39.0,"gold_loss":0.0,"damage_taken":0.0,"relics_obtained":["Red Mask"]}],"is_beta":false,"boss_relics":[{"not_picked":["Pandora\u0027s Box","WristBlade"],"picked":"Fusion Hammer"},{"not_picked":["Empty Cage","Philosopher\u0027s Stone"],"picked":"Runic Pyramid"}],"items_purged_floors":[],"is_endless":false,"potions_floor_spawned":[6,11,22,27,30,33,35,36],"killed_by":"Giant Head","ascension_level":7}}