{"host":"f5h077e5av00giy4","time":1610626962,"event":{"mods":["100% Spire Juice","Act Like it!","Aspiration","BaseMod","Colored Powertips","Conspire","Decade(王小明)","Hermit","Hunter 猎人","KinomotoSakuraMod(木之本樱)","Koishi","KomeijiMod","Marisa（F雨　魔理沙）","Marked Mod","Minty Spire (QoL Compilation)","MostiFishMod","Pale of the Ancients","Quick Restart","Reimu（博丽灵梦）","Relic Stats","Remilia（蕾米莉亚）","Replay The Spire","RumiaBox-露米娅的神秘盒子","SOS（斯巴达之子）","Shop Mod","Spicy Shops","StSLib","TestMod","The Blackbeard","The Gatherer","The Mystic","The Poker Player","The Runesmith","The Servant 0.9.4","Yakumo Yukari mod","Youmu（魂魄妖梦）","Yuri Mod","Yuyuko","noobMod","vexMod","【功能Mod】聪明的最终Boss","【遗物卡牌】REMEMod","篝火指南"],"gold_per_floor":[],"floor_reached":10,"language":"ZHS","playtime":771,"items_purged":[],"score":322,"play_id":"1e9a30f8-a178-4d47-ae92-75ef0f43b581","local_time":"20210114202241","daily_mods":["Vintage","Heirloom","Flight","DeadlyEvents","Elite Swarm"],"is_ascension_mode":true,"campfire_choices":[],"circlet_count":0,"master_deck":["AscendersBane","Moonworks:Strike","Moonworks:Strike","Moonworks:Strike","Moonworks:Strike","Moonworks:Defend","Moonworks:Defend","Moonworks:Defend+1","Moonworks:Defend","Moonworks:Ambush","Moonworks:LongDistanceShot","MostiFishMod:LegendTransform","Delirium","Moonworks:SinkOrSwim+1","Moonworks:AnotherUltimateWeapon+1","Moonworks:MetallicMonocoque+1","Moonworks:CrystalBarrier+1","Moonworks:WeAreWaruda+1","Moonworks:ReflectiveShell+1","Moonworks:OutOfAmmo+1","Moonworks:Accelerator+1","Moonworks:Gamble+1","Moonworks:AccelHyper+1","Moonworks:EvilMastermind+1","Moonworks:CrystalBarrier+1","Moonworks:AnotherUltimateWeapon+1","Moonworks:MetallicMonocoque+1","Moonworks:SinkOrSwim+1"],"relics":["Moonworks:BrokenBomb","Moonworks:Homemark","testmod-TestBox","ice","DaveBox","REME_ComplimentaryCards","testmod-GiftOfSatan","BrkXgEgg","REME_IWantAll","testmod-CyclicPeriapt","SynthV:TestCard","Akabeko","Replay:Mystery Machine","Ring of Misfortune","Ring of Fangs","vexMod:PlasmaPancake","aspiration:ChemicalBlood","conspire:TopHat","HornCleat"],"acts_visited":["Exordium"],"potions_floor_usage":[],"damage_taken":[],"seed_played":"5131100059659742585","potions_obtained":[],"is_trial":true,"path_per_floor":[],"character_chosen":"THE_STARBREAKER","items_purchased":[],"campfire_rested":0,"item_purchase_floors":[],"current_hp_per_floor":[],"gold":231,"neow_bonus":"","is_daily":false,"chose_seed":false,"campfire_upgraded":0,"win_rate":0.0,"timestamp":1610626961,"path_taken":[],"items_purchased_type":[],"build_version":"2020-12-22","purchased_purges":0,"victory":false,"max_hp_per_floor":[],"relic_stats":{"counters":[7,25],"obtain_stats":[{"vexMod:PlasmaPancake":6,"testmod-TestBox":0,"DaveBox":0,"BrkXgEgg":0,"testmod-CyclicPeriapt":1,"ice":0,"Replay:Mystery Machine":4,"REME_IWantAll":0,"Akabeko":3,"conspire:TopHat":8,"testmod-GiftOfSatan":0,"SynthV:TestCard":1,"Ring of Fangs":5,"HornCleat":9,"Moonworks:Homemark":0,"Ring of Misfortune":5,"Moonworks:BrokenBomb":0,"REME_ComplimentaryCards":0,"aspiration:ChemicalBlood":7},{"vexMod:PlasmaPancake":4,"testmod-TestBox":0,"DaveBox":0,"BrkXgEgg":0,"testmod-CyclicPeriapt":1,"ice":0,"Replay:Mystery Machine":3,"REME_IWantAll":0,"Akabeko":2,"conspire:TopHat":6,"testmod-GiftOfSatan":0,"SynthV:TestCard":1,"Ring of Fangs":3,"HornCleat":6,"Moonworks:Homemark":0,"Ring of Misfortune":3,"Moonworks:BrokenBomb":0,"REME_ComplimentaryCards":0,"aspiration:ChemicalBlood":5},{"vexMod:PlasmaPancake":14,"testmod-TestBox":0,"DaveBox":0,"BrkXgEgg":0,"testmod-CyclicPeriapt":4,"ice":0,"Replay:Mystery Machine":9,"REME_IWantAll":0,"Akabeko":7,"conspire:TopHat":24,"testmod-GiftOfSatan":0,"SynthV:TestCard":4,"Ring of Fangs":9,"HornCleat":24,"Moonworks:Homemark":0,"Ring of Misfortune":9,"Moonworks:BrokenBomb":0,"REME_ComplimentaryCards":0,"aspiration:ChemicalBlood":21}]},"card_choices":[],"player_experience":288057,"relics_obtained":[],"event_choices":[],"is_beta":false,"boss_relics":[],"items_purged_floors":[],"is_endless":true,"potions_floor_spawned":[],"killed_by":"Lagavulin","ascension_level":20}}