{"host":"jggt5i9rbuoqvque","time":1610589035,"event":{"mods":["BaseMod","Colored Map","Minty Spire (QoL Compilation)","StSLib"],"gold_per_floor":[10,10,10,23,41,41,51,51,51,66,66,83,102,102,102,200,200,183,193,193,213,60,60,72,72,72,72,72,72],"floor_reached":28,"language":"KOR","playtime":718,"items_purged":[],"score":286,"play_id":"a1af70be-3e8c-472d-94bb-3403fbd8036d","local_time":"20210114105035","is_ascension_mode":true,"campfire_choices":[{"floor":6.0,"key":"DIG"},{"floor":8.0,"key":"DIG"},{"floor":11.0,"key":"DIG"},{"floor":15.0,"key":"REST"},{"floor":23.0,"key":"DIG"},{"floor":25.0,"key":"DIG"}],"circlet_count":0,"master_deck":["Strike_R+1","Strike_R+1","Strike_R+1","Strike_R+1","Defend_R+1","Defend_R+1","Defend_R+1","Defend_R+1","Bash","Disarm","Whirlwind","Uppercut+1","Searing Blow+1","Writhe"],"relics":["Burning Blood","Shovel","Peace Pipe","Vajra","Self Forming Clay","Molten Egg 2","Art of War","SlaversCollar","Toolbox","Gambling Chip","Ancient Tea Set","Bottled Lightning","Eternal Feather"],"acts_visited":["Exordium","TheCity"],"potions_floor_usage":[],"damage_taken":[{"damage":15.0,"enemies":"Small Slimes","floor":1.0,"turns":3.0},{"damage":4.0,"enemies":"Jaw Worm","floor":4.0,"turns":3.0},{"damage":6.0,"enemies":"Cultist","floor":5.0,"turns":3.0},{"damage":45.0,"enemies":"Gremlin Gang","floor":7.0,"turns":9.0},{"damage":0.0,"enemies":"3 Louse","floor":10.0,"turns":6.0},{"damage":8.0,"enemies":"2 Fungi Beasts","floor":12.0,"turns":4.0},{"damage":28.0,"enemies":"Large Slime","floor":13.0,"turns":7.0},{"damage":20.0,"enemies":"The Guardian","floor":16.0,"turns":8.0},{"damage":33.0,"enemies":"2 Thieves","floor":18.0,"turns":4.0},{"damage":25.0,"enemies":"Spheric Guardian","floor":19.0,"turns":7.0},{"damage":3.0,"enemies":"Snake Plant","floor":21.0,"turns":4.0},{"damage":8.0,"enemies":"Snecko","floor":24.0,"turns":5.0},{"damage":38,"enemies":"Centurion and Healer","floor":28,"turns":4}],"seed_played":"-3539975780026537813","potions_obtained":[{"floor":1.0,"key":"DuplicationPotion"},{"floor":7.0,"key":"HeartOfIron"},{"floor":13.0,"key":"PowerPotion"},{"floor":18.0,"key":"ColorlessPotion"},{"floor":19.0,"key":"DistilledChaos"},{"floor":24.0,"key":"BloodPotion"}],"is_trial":false,"path_per_floor":["M","?","?","M","M","R","M","R","T","M","R","M","M","T","R","B",null,"M","M","?","M","$","R","M","R","T","?","M"],"character_chosen":"IRONCLAD","items_purchased":["Toolbox"],"campfire_rested":1,"item_purchase_floors":[22],"current_hp_per_floor":[63,63,63,65,65,65,26,26,26,32,32,30,8,8,32,18,65,38,19,19,22,22,22,36,36,36,36,0,0],"gold":72,"neow_bonus":"ONE_RARE_RELIC","is_daily":false,"chose_seed":false,"campfire_upgraded":0,"win_rate":0.0,"timestamp":1610589035,"path_taken":["M","?","?","M","?","R","M","R","T","M","R","M","M","?","R","BOSS","M","?","?","M","$","R","M","R","T","?","M"],"items_purchased_type":["Relic"],"build_version":"2020-12-22","purchased_purges":0,"victory":false,"max_hp_per_floor":[80,80,80,80,80,80,80,80,80,80,80,80,80,80,80,80,80,80,80,80,80,80,80,80,80,80,80,80,80],"card_choices":[{"not_picked":["Power Through","Dual Wield","True Grit"],"picked":"SKIP","floor":1.0},{"not_picked":["Sword Boomerang","Reckless Charge","Wild Strike"],"picked":"SKIP","floor":4.0},{"not_picked":["Blood for Blood","True Grit"],"picked":"Disarm","floor":5.0},{"not_picked":["True Grit","Body Slam","Sword Boomerang"],"picked":"SKIP","floor":7.0},{"not_picked":["Headbutt","Reaper"],"picked":"Whirlwind","floor":10.0},{"not_picked":["Clothesline+1","Feel No Pain","Wild Strike+1"],"picked":"SKIP","floor":12.0},{"not_picked":["Rupture","Entrench"],"picked":"Uppercut+1","floor":13.0},{"not_picked":["Headbutt+1","Wild Strike+1","Body Slam+1"],"picked":"SKIP","floor":18.0},{"not_picked":["Sword Boomerang+1","Combust","Wild Strike+1"],"picked":"SKIP","floor":19.0},{"not_picked":["Warcry","Shrug It Off","Dark Embrace"],"picked":"SKIP","floor":21.0},{"not_picked":["Power Through","Clothesline+1"],"picked":"Searing Blow+1","floor":24.0}],"player_experience":337390,"relics_obtained":[{"floor":6.0,"key":"Peace Pipe"},{"floor":8.0,"key":"Vajra"},{"floor":9.0,"key":"Self Forming Clay"},{"floor":11.0,"key":"Molten Egg 2"},{"floor":14.0,"key":"Art of War"},{"floor":23.0,"key":"Gambling Chip"},{"floor":25.0,"key":"Ancient Tea Set"},{"floor":26.0,"key":"Bottled Lightning"}],"event_choices":[{"cards_removed":["Strike_R"],"damage_healed":0.0,"max_hp_gain":0.0,"max_hp_loss":0.0,"gold_gain":0.0,"event_name":"Living Wall","player_choice":"Forget","floor":2.0,"gold_loss":0.0,"damage_taken":0.0},{"damage_healed":0.0,"max_hp_gain":0.0,"max_hp_loss":0.0,"gold_gain":0.0,"event_name":"Liars Game","player_choice":"Ignored","floor":3.0,"gold_loss":0.0,"damage_taken":0.0},{"damage_healed":0.0,"max_hp_gain":0.0,"max_hp_loss":0.0,"gold_gain":0.0,"event_name":"Back to Basics","player_choice":"Simplicity","floor":20.0,"gold_loss":0.0,"damage_taken":0.0,"cards_upgraded":["Strike_R","Strike_R","Strike_R","Strike_R","Defend_R","Defend_R","Defend_R","Defend_R"]},{"damage_healed":0.0,"max_hp_gain":0.0,"max_hp_loss":0.0,"gold_gain":0.0,"event_name":"The Mausoleum","player_choice":"Opened","floor":27.0,"gold_loss":0.0,"damage_taken":0.0,"relics_obtained":["Eternal Feather"],"cards_obtained":["Writhe"]}],"is_beta":false,"boss_relics":[{"not_picked":["Black Blood","Snecko Eye"],"picked":"SlaversCollar"}],"items_purged_floors":[],"is_endless":false,"potions_floor_spawned":[1,7,13,18,19,24],"killed_by":"Centurion and Healer","ascension_level":7}}