{"host":"j9ki0s1dicmcfq9y","time":1610623752,"event":{"mods":["BaseMod","Minty Spire (QoL Compilation)","Prisma Mod","StSLib"],"gold_per_floor":[112,123,140,155,155,155,155,155,155,187,42,62,62,71,71,182,241,261,270,293,208,208,242,313,324,324,338,371,407,490,490,490],"floor_reached":31,"language":"ENG","playtime":2359,"items_purged":[],"score":302,"play_id":"e779a3ae-4aca-4302-8e25-f7dc8c46e9d4","local_time":"20210114062912","is_ascension_mode":false,"campfire_choices":[{"data":"PrismaMod:ChloeGaeBolg","floor":6,"key":"SMITH"},{"data":"PrismaMod:ChloeGaeBolg","floor":8,"key":"SMITH"},{"floor":15,"key":"RECALL"}],"circlet_count":0,"master_deck":["PrismaMod:ChloeCommonAttack","PrismaMod:ChloeCommonAttack","PrismaMod:ChloeCommonAttack","PrismaMod:ChloeCommonAttack+1","PrismaMod:ChloeCommonAttack","PrismaMod:ChloeCommonDefend+1","PrismaMod:ChloeCommonDefend","PrismaMod:ChloeCommonDefend","PrismaMod:ChloeCommonDefend","PrismaMod:ChloeCommonDefend","PrismaMod:ChloeCheapAttack","PrismaMod:ChloeCheapDefend","PrismaMod:ChloeCheapDefendTwo","PrismaMod:ChloeGaeBolg+1","PrismaMod:ChloeGaeBolg+1","PrismaMod:ChloeCommonAOEAttack+1","PrismaMod:ChloeEyeOfTheEuryale+1","PrismaMod:ChloeRhongomyniad+1","Decay","PrismaMod:ChloeCarnivalDefend","PrismaMod:ChloeCheapAttackTwo+1","PrismaMod:ChloeCommonAOEAttack+1","Pain","PrismaMod:ChloeEyeOfTheEuryale+1","PrismaMod:ChloeCommonAOEAttack+1","PrismaMod:ChloeCarnivalDefend","PrismaMod:ChloeExcalibur+1","PrismaMod:ChloeDemonicTutor+1"],"relics":["PrismaMod:PrismaTraceOn","Molten Egg 2","CeramicFish","Tiny House","WarpedTongs","Akabeko","SsserpentHead","Calipers","Prayer Wheel","Juzu Bracelet","Red Mask"],"acts_visited":["Exordium","TheCity"],"potions_floor_usage":[10,20,23,23,23,25,29,30,30],"damage_taken":[{"damage":0,"enemies":"Cultist","floor":1,"turns":4},{"damage":3,"enemies":"2 Louse","floor":2,"turns":3},{"damage":0,"enemies":"Jaw Worm","floor":3,"turns":3},{"damage":1,"enemies":"Large Slime","floor":4,"turns":5},{"damage":0,"enemies":"3 Sentries","floor":10,"turns":4},{"damage":10,"enemies":"Exordium Thugs","floor":12,"turns":4},{"damage":14,"enemies":"Slime Boss","floor":16,"turns":11},{"damage":0,"enemies":"2 Thieves","floor":18,"turns":5},{"damage":15,"enemies":"3 Byrds","floor":20,"turns":7},{"damage":17,"enemies":"Book of Stabbing","floor":23,"turns":5},{"damage":0,"enemies":"Snake Plant","floor":24,"turns":3},{"damage":3,"enemies":"Chosen and Byrds","floor":25,"turns":4},{"damage":6,"enemies":"Cultist and Chosen","floor":27,"turns":5},{"damage":8,"enemies":"Snake Plant","floor":28,"turns":4},{"damage":38,"enemies":"Slavers","floor":29,"turns":4},{"damage":4,"enemies":"Masked Bandits","floor":30,"turns":2},{"damage":1,"enemies":"Centurion and Healer","floor":31,"turns":5}],"seed_played":"1813533747816842457","potions_obtained":[{"floor":0,"key":"SpeedPotion"},{"floor":0,"key":"SkillPotion"},{"floor":0,"key":"Regen Potion"},{"floor":1,"key":"Explosive Potion"},{"floor":12,"key":"GamblersBrew"},{"floor":16,"key":"Block Potion"},{"floor":20,"key":"LiquidBronze"},{"floor":23,"key":"SpeedPotion"},{"floor":24,"key":"PowerPotion"},{"floor":28,"key":"DuplicationPotion"},{"floor":29,"key":"Strength Potion"}],"is_trial":false,"path_per_floor":["M","M","M","M","?","R","?","R","T","E","$","M","?","?","R","B",null,"M","?","M","?","?","E","M","M","T","M","M","E","?","M"],"character_chosen":"CHLOE","items_purchased":["CeramicFish"],"campfire_rested":0,"item_purchase_floors":[11],"current_hp_per_floor":[75,72,72,71,71,71,71,71,71,71,71,61,46,46,46,32,80,80,80,77,77,77,60,60,57,57,51,43,5,1,0,0],"gold":490,"neow_bonus":"THREE_SMALL_POTIONS","is_daily":false,"chose_seed":false,"campfire_upgraded":2,"win_rate":0.0,"timestamp":1610623752,"path_taken":["M","M","M","M","?","R","?","R","T","E","$","?","?","?","R","BOSS","M","?","?","?","?","E","?","M","T","M","M","E","?","M"],"items_purchased_type":["Relic"],"build_version":"2020-12-22","purchased_purges":0,"victory":false,"max_hp_per_floor":[75,75,75,75,75,75,75,75,75,75,75,75,75,75,75,75,80,80,80,80,80,80,80,80,80,80,80,80,80,80,80,80],"card_choices":[{"not_picked":["PrismaMod:ChloeRitsuka","PrismaMod:ChloeDiscardRecovery"],"picked":"PrismaMod:ChloeCheapDefendTwo","floor":1},{"not_picked":["PrismaMod:ChloeCheapAttackTwo","PrismaMod:ChloeMaid"],"picked":"PrismaMod:ChloeGaeBolg","floor":2},{"not_picked":["PrismaMod:ChloeDiscardRecovery","PrismaMod:ChloeExhaustOne"],"picked":"PrismaMod:ChloeGaeBolg","floor":3},{"not_picked":["PrismaMod:ChloeCheapAttack","PrismaMod:ChloeExhaustTwo"],"picked":"PrismaMod:ChloeCommonAOEAttack","floor":4},{"not_picked":["PrismaMod:ChloeCarnivalAttack+1","PrismaMod:ChloeCheapDefend"],"picked":"PrismaMod:ChloeEyeOfTheEuryale+1","floor":10},{"not_picked":["PrismaMod:ChloeCheapDefendTwo","PrismaMod:ChloeUncommonAttack+1"],"picked":"PrismaMod:ChloeRhongomyniad+1","floor":12},{"not_picked":["PrismaMod:ChloeHalloween","PrismaMod:ChloeCarnivalAOEAttack+1"],"picked":"PrismaMod:ChloeCarnivalDefend","floor":16},{"not_picked":["PrismaMod:ChloeUncommonDefend","PrismaMod:ChloeCheapDefend"],"picked":"PrismaMod:ChloeCheapAttackTwo+1","floor":17},{"not_picked":["PrismaMod:ChloeExhaustOne","PrismaMod:ChloeUncommonDefend"],"picked":"PrismaMod:ChloeCommonAOEAttack+1","floor":18},{"not_picked":["PrismaMod:ChloeUncommonAOEAttack+1","PrismaMod:ChloeCheapAttack+1"],"picked":"PrismaMod:ChloeEyeOfTheEuryale+1","floor":20},{"not_picked":["PrismaMod:ChloeEyeOfTheEuryale+1","PrismaMod:ChloeMaid","PrismaMod:ChloeRuleBreaker+1"],"picked":"SKIP","floor":23},{"not_picked":["PrismaMod:ChloeUncommonAttack+1","PrismaMod:ChloeCheapDefend"],"picked":"PrismaMod:ChloeCommonAOEAttack+1","floor":24},{"not_picked":["PrismaMod:ChloeUncommonAOEAttack+1","PrismaMod:ChloeCheapAttack+1","PrismaMod:ChloeDiscardRecovery"],"picked":"SKIP","floor":25},{"not_picked":["PrismaMod:ChloeUncommonAOEAttack+1","PrismaMod:ChloeCheapAttackTwo+1","PrismaMod:ChloeMaid+1"],"picked":"SKIP","floor":27},{"not_picked":["PrismaMod:ChloeCheapDefendTwo","PrismaMod:ChloeUncommonAttack+1","PrismaMod:ChloeDiscardRecovery"],"picked":"SKIP","floor":27},{"not_picked":["PrismaMod:ChloeCheapDefend","PrismaMod:ChloeGaeBolg+1"],"picked":"PrismaMod:ChloeCarnivalDefend","floor":28},{"not_picked":["PrismaMod:ChloeCheapDefend","PrismaMod:ChloeCommonAOEAttack+1"],"picked":"PrismaMod:ChloeExcalibur+1","floor":28},{"not_picked":["PrismaMod:ChloeDiscardRecovery","PrismaMod:ChloeUncommonAOEAttack+1"],"picked":"PrismaMod:ChloeDemonicTutor+1","floor":29}],"player_experience":664136,"relics_obtained":[{"floor":10,"key":"Molten Egg 2"},{"floor":23,"key":"Calipers"},{"floor":26,"key":"Prayer Wheel"},{"floor":29,"key":"Juzu Bracelet"},{"floor":30,"key":"Red Mask"}],"event_choices":[{"damage_healed":0,"gold_gain":0,"player_choice":"Leave","damage_taken":0,"max_hp_gain":0,"max_hp_loss":0,"event_name":"The Cleric","floor":5,"gold_loss":0},{"damage_healed":0,"gold_gain":0,"player_choice":"Ignored","damage_taken":0,"max_hp_gain":0,"max_hp_loss":0,"event_name":"Purifier","floor":7,"gold_loss":0},{"damage_healed":0,"gold_gain":0,"player_choice":"Entered Light","damage_taken":15,"max_hp_gain":0,"max_hp_loss":0,"event_name":"Shining Light","floor":13,"gold_loss":0,"cards_upgraded":["PrismaMod:ChloeCommonAOEAttack","PrismaMod:ChloeCommonDefend"]},{"damage_healed":0,"gold_gain":0,"player_choice":"Cursed","damage_taken":0,"max_hp_gain":0,"max_hp_loss":0,"event_name":"Wheel of Change","floor":14,"gold_loss":0,"cards_obtained":["Decay"]},{"damage_healed":0,"gold_gain":0,"player_choice":"Rummage","damage_taken":0,"relics_obtained":["WarpedTongs"],"max_hp_gain":0,"max_hp_loss":0,"event_name":"Accursed Blacksmith","floor":19,"gold_loss":0,"cards_obtained":["Pain"]},{"damage_healed":0,"gold_gain":0,"player_choice":"Obtained Relic","damage_taken":0,"relics_obtained":["Akabeko"],"max_hp_gain":0,"max_hp_loss":0,"event_name":"Addict","floor":21,"gold_loss":85},{"damage_healed":0,"gold_gain":0,"player_choice":"Trade","damage_taken":0,"relics_obtained":["SsserpentHead"],"max_hp_gain":0,"max_hp_loss":0,"event_name":"FaceTrader","floor":22,"gold_loss":0},{"damage_healed":0,"gold_gain":0,"player_choice":"Fought Bandits","damage_taken":0,"max_hp_gain":0,"max_hp_loss":0,"event_name":"Masked Bandits","floor":30,"gold_loss":0}],"is_beta":false,"boss_relics":[{"not_picked":["Velvet Choker","Runic Dome"],"picked":"Tiny House"}],"items_purged_floors":[],"is_endless":false,"potions_floor_spawned":[1,2,12,16,20,23,24,28,29],"killed_by":"Centurion and Healer","ascension_level":0}}