{"host":"b7j598ve05halrwk","time":1610589609,"event":{"mods":["2.2 Compatiblity","BaseMod","Block Reminder","DeckTracker","Minty Spire (QoL Compilation)","Relic Stats","Slay the Relics Exporter","StSLib","ojb\u0027s Better Paths Mod","ojb\u0027s Info Mod"],"gold_per_floor":[113,38,52,67,39,39,66,66,90,90,116,116,142,160,160,234,234,247,36,56,56,4,4,18,35,60,110,110,110],"floor_reached":28,"language":"ENG","playtime":1333,"items_purged":["Strike_B"],"score":472,"play_id":"ed3dce9d-248a-44b0-8881-b0333e81873b","local_time":"20210113210009","is_ascension_mode":true,"campfire_choices":[{"data":"Beam Cell","floor":6,"key":"SMITH"},{"data":"Compile Driver","floor":8,"key":"SMITH"},{"data":"Chaos","floor":12,"key":"SMITH"},{"floor":15,"key":"REST"},{"data":"Consume","floor":23,"key":"SMITH"}],"circlet_count":0,"master_deck":["AscendersBane","Strike_B","Strike_B","Strike_B","Defend_B","Defend_B","Defend_B","Zap","Dualcast","Chill","Skim","Beam Cell+1","Compile Driver+1","Genetic Algorithm","Chaos+1","Capacitor","Core Surge","Consume+1","Defragment","Writhe","Undo"],"relics":["Cracked Core","DataDisk","Lantern","Anchor","Regal Pillow","Ancient Tea Set","Potion Belt","Velvet Choker","Membership Card","Blood Vial","HornCleat","Juzu Bracelet"],"acts_visited":["Exordium","TheCity"],"potions_floor_usage":[11,11,20,25],"damage_taken":[{"damage":2,"enemies":"Jaw Worm","floor":1,"turns":3},{"damage":3,"enemies":"2 Louse","floor":3,"turns":2},{"damage":0,"enemies":"Small Slimes","floor":4,"turns":3},{"damage":13,"enemies":"Lagavulin","floor":7,"turns":7},{"damage":3,"enemies":"Gremlin Nob","floor":11,"turns":3},{"damage":11,"enemies":"Lagavulin","floor":13,"turns":5},{"damage":0,"enemies":"Gremlin Gang","floor":14,"turns":4},{"damage":44,"enemies":"Hexaghost","floor":16,"turns":9},{"damage":11,"enemies":"Shell Parasite","floor":18,"turns":4},{"damage":6,"enemies":"Spheric Guardian","floor":20,"turns":3},{"damage":31,"enemies":"Snake Plant","floor":24,"turns":4},{"damage":0,"enemies":"Chosen and Byrds","floor":25,"turns":7},{"damage":13,"enemies":"Sentry and Sphere","floor":28,"turns":5}],"seed_played":"612092771511855399","potions_obtained":[{"floor":1,"key":"SteroidPotion"},{"floor":4,"key":"AttackPotion"},{"floor":7,"key":"DistilledChaos"},{"floor":13,"key":"Fire Potion"},{"floor":20,"key":"Explosive Potion"},{"floor":24,"key":"LiquidBronze"}],"is_trial":false,"path_per_floor":["M","?","M","M","$","R","E","R","T","?","E","R","E","M","R","B",null,"M","$","M","?","?","R","M","M","T","?","M"],"character_chosen":"DEFECT","items_purchased":["Compile Driver","Membership Card"],"campfire_rested":1,"item_purchase_floors":[5,19],"current_hp_per_floor":[62,62,59,59,59,59,46,46,46,28,25,25,14,14,50,6,55,44,44,38,38,38,38,9,11,11,11,0,0],"gold":110,"neow_bonus":"RANDOM_COMMON_RELIC","is_daily":false,"chose_seed":false,"campfire_upgraded":4,"win_rate":0.0,"timestamp":1610589609,"path_taken":["M","?","M","M","$","R","E","R","T","?","E","R","E","M","R","BOSS","M","$","M","?","?","R","M","M","T","?","M"],"items_purchased_type":["Card","Relic"],"build_version":"2020-12-22","purchased_purges":1,"victory":false,"max_hp_per_floor":[71,71,71,71,71,71,71,71,71,71,71,71,71,71,71,71,71,71,71,71,71,71,71,71,71,71,71,71,71],"relic_stats":{"Blood Vial":6,"Regal Pillow":15,"counters":[13,59],"Juzu Bracelet":1,"obtain_stats":[{"Potion Belt":13,"Blood Vial":21,"DataDisk":0,"Lantern":7,"Anchor":9,"Regal Pillow":10,"HornCleat":22,"Velvet Choker":17,"Juzu Bracelet":26,"Membership Card":19,"Cracked Core":0,"Ancient Tea Set":11},{"Potion Belt":6,"Blood Vial":10,"DataDisk":0,"Lantern":4,"Anchor":4,"Regal Pillow":4,"HornCleat":10,"Velvet Choker":8,"Juzu Bracelet":12,"Membership Card":9,"Cracked Core":0,"Ancient Tea Set":5},{"Potion Belt":23,"Blood Vial":43,"DataDisk":0,"Lantern":15,"Anchor":15,"Regal Pillow":15,"HornCleat":43,"Velvet Choker":36,"Juzu Bracelet":54,"Membership Card":40,"Cracked Core":0,"Ancient Tea Set":18}]},"card_choices":[{"not_picked":["Chaos","Recycle"],"picked":"Chill","floor":1},{"not_picked":["Steam Power","Stack"],"picked":"Skim","floor":3},{"not_picked":["Barrage","Hologram"],"picked":"Beam Cell","floor":4},{"not_picked":["Coolheaded","Hello World"],"picked":"Genetic Algorithm","floor":7},{"not_picked":["Blizzard","Streamline"],"picked":"Chaos","floor":11},{"not_picked":["Loop","Hello World"],"picked":"Capacitor","floor":13},{"not_picked":["Rebound","Go for the Eyes","Skim"],"picked":"SKIP","floor":14},{"not_picked":["Buffer","Machine Learning"],"picked":"Core Surge","floor":16},{"not_picked":["Tempest","Darkness"],"picked":"Consume","floor":18},{"not_picked":["Static Discharge","Ball Lightning"],"picked":"Defragment","floor":20},{"not_picked":["Static Discharge","White Noise+1"],"picked":"Undo","floor":24},{"not_picked":["Go for the Eyes","Beam Cell","Steam"],"picked":"SKIP","floor":25}],"player_experience":953663,"relics_obtained":[{"floor":7,"key":"Lantern"},{"floor":9,"key":"Anchor"},{"floor":11,"key":"Ancient Tea Set"},{"floor":13,"key":"Potion Belt"},{"floor":26,"key":"Juzu Bracelet"}],"event_choices":[{"cards_removed":["Defend_B"],"damage_healed":0,"gold_gain":0,"player_choice":"Card Removal","damage_taken":0,"max_hp_gain":0,"max_hp_loss":0,"event_name":"The Cleric","floor":2,"gold_loss":75},{"damage_healed":0,"gold_gain":0,"player_choice":"Success","damage_taken":18,"relics_obtained":["Regal Pillow"],"max_hp_gain":0,"max_hp_loss":0,"event_name":"Scrap Ooze","floor":10,"gold_loss":0},{"damage_healed":0,"gold_gain":0,"player_choice":"Opened","damage_taken":0,"relics_obtained":["Blood Vial"],"max_hp_gain":0,"max_hp_loss":0,"event_name":"The Mausoleum","floor":21,"gold_loss":0,"cards_obtained":["Writhe"]},{"damage_healed":0,"gold_gain":0,"player_choice":"Paid Gold","damage_taken":0,"relics_obtained":["HornCleat"],"max_hp_gain":0,"max_hp_loss":0,"event_name":"WeMeetAgain","floor":22,"gold_loss":52},{"damage_healed":0,"gold_gain":50,"player_choice":"Stole From Cult","damage_taken":0,"max_hp_gain":0,"max_hp_loss":0,"event_name":"Nest","floor":27,"gold_loss":0}],"is_beta":false,"boss_relics":[{"not_picked":["FrozenCore","Runic Dome"],"picked":"Velvet Choker"}],"items_purged_floors":[19],"is_endless":false,"potions_floor_spawned":[1,4,7,13,20,24],"killed_by":"Sentry and Sphere","ascension_level":20}}