{"host":"51fyd6gkml7xavq8","time":1610625930,"event":{"mods":["BaseMod","BetterRewards","Colored Map","Energized Spire","Infinite Spire","Minty Spire (QoL Compilation)","Replay The Spire","Shop Mod","Spicy Shops","StSLib","The Blue Laboratory","[IsaacMod]????"],"gold_per_floor":[119,194,57,2,22,22,22,21,21,21,37,37,37],"floor_reached":12,"language":"ENG","playtime":352,"items_purged":[],"score":86,"play_id":"dce50137-ab55-49a4-a045-f87c4eb0039c","local_time":"20210114090530","is_ascension_mode":true,"campfire_choices":[{"data":"Zap","floor":6.0,"key":"SMITH"}],"circlet_count":0,"master_deck":["Strike_B","Strike_B","Strike_B","Strike_B","Defend_B","Defend_B","Defend_B","Defend_B","Zap+1","Dualcast","Loop","Force Field","Electrodynamics"],"relics":["Cracked Core","HushsDoor","SharpPlug","Molten Egg 2","MerchantsRug","Ginger","ReplayTheSpireMod:CursedCoin","PreservedInsect","White Beast Statue"],"acts_visited":["Exordium"],"potions_floor_usage":[12],"damage_taken":[{"damage":0.0,"enemies":"Cultist","floor":1.0,"turns":4.0},{"damage":0.0,"enemies":"2 Louse","floor":5.0,"turns":3.0},{"damage":7,"enemies":"Jaw Worm","floor":11,"turns":4},{"damage":29,"enemies":"Gremlin Nob","floor":12,"turns":3}],"seed_played":"1666390008902648422","potions_obtained":[{"floor":1.0,"key":"blueLaboratory:BiasPotion"},{"floor":11,"key":"Weak Potion"}],"is_trial":false,"path_per_floor":["M","?","$","?","M","R","?","$","T","?","M","E"],"character_chosen":"DEFECT","items_purchased":["Molten Egg 2","Loop","MerchantsRug","ReplayTheSpireMod:CursedCoin","PreservedInsect"],"campfire_rested":0,"item_purchase_floors":[0,0,3,8,8],"current_hp_per_floor":[56,45,45,45,45,45,30,30,30,30,23,0,0],"gold":37,"neow_bonus":"","is_daily":false,"chose_seed":false,"campfire_upgraded":1,"win_rate":0.0,"timestamp":1610625930,"path_taken":["M","?","$","?","M","R","?","$","T","?","M","E"],"items_purchased_type":["Relic","Card","Relic","Relic","Relic"],"build_version":"2020-12-22","purchased_purges":0,"victory":false,"max_hp_per_floor":[75,75,75,75,75,75,75,75,75,75,75,75,75],"card_choices":[{"not_picked":["Stack","Heatsinks","Gash+1"],"picked":"SKIP","floor":1.0},{"not_picked":["Beam Cell+1","Coolheaded"],"picked":"Force Field","floor":5.0},{"not_picked":["Leap","Go for the Eyes+1"],"picked":"Electrodynamics","floor":11}],"player_experience":521892,"relics_obtained":[{"floor":9.0,"key":"White Beast Statue"}],"event_choices":[{"damage_healed":0.0,"max_hp_gain":0.0,"max_hp_loss":0.0,"gold_gain":75.0,"event_name":"World of Goop","player_choice":"Gather Gold","floor":2.0,"gold_loss":0.0,"damage_taken":11.0},{"damage_healed":0.0,"max_hp_gain":0.0,"max_hp_loss":0.0,"gold_gain":0.0,"event_name":"WeMeetAgain","player_choice":"Paid Gold","floor":4.0,"gold_loss":55.0,"damage_taken":0.0,"relics_obtained":["Ginger"]},{"cards_removed":["Languid"],"damage_healed":0,"gold_gain":0,"player_choice":"Forget","damage_taken":0,"max_hp_gain":0,"max_hp_loss":0,"event_name":"Living Wall","floor":10,"gold_loss":0}],"is_beta":false,"boss_relics":[],"items_purged_floors":[],"is_endless":false,"potions_floor_spawned":[1,11],"killed_by":"Gremlin Nob","ascension_level":6}}