{"host":"b7j598ve05halrwk","time":1610610685,"event":{"mods":["2.2 Compatiblity","BaseMod","Block Reminder","DeckTracker","Minty Spire (QoL Compilation)","Relic Stats","Slay the Relics Exporter","StSLib","ojb\u0027s Better Paths Mod","ojb\u0027s Info Mod"],"gold_per_floor":[112,112,37,2,2,2,42,6,32,65,65,105,183,255,255,255,255],"floor_reached":16,"language":"ENG","playtime":676,"items_purged":["Injury"],"score":374,"play_id":"f84ea2c6-c4a8-46fb-b89c-9cb09ef4e7ef","local_time":"20210114025125","is_ascension_mode":true,"campfire_choices":[{"data":"Strike_B","floor":6,"key":"SMITH"},{"data":"Beam Cell","floor":11,"key":"SMITH"},{"data":"Fusion","floor":15,"key":"SMITH"}],"circlet_count":0,"master_deck":["AscendersBane","Strike_B","Strike_B","Strike_B+1","Strike_B","Defend_B","Defend_B","Defend_B","Defend_B","Zap","Dualcast","Reinforced Body","Beam Cell+1","Genetic Algorithm","Conserve Battery","Fusion+1","Cold Snap"],"relics":["Cracked Core","NeowsBlessing","Golden Idol","WingedGreaves","Centennial Puzzle","HornCleat","Ice Cream","Bag of Marbles","Cables"],"acts_visited":["Exordium"],"potions_floor_usage":[12,12],"damage_taken":[{"damage":0,"enemies":"Cultist","floor":1,"turns":1},{"damage":0,"enemies":"Lagavulin","floor":7,"turns":1},{"damage":0,"enemies":"3 Sentries","floor":10,"turns":1},{"damage":0,"enemies":"Gremlin Nob","floor":12,"turns":3},{"damage":13,"enemies":"3 Sentries","floor":13,"turns":9},{"damage":68,"enemies":"Hexaghost","floor":16,"turns":14}],"seed_played":"5170266223704499823","potions_obtained":[{"floor":7,"key":"PowerPotion"},{"floor":10,"key":"DistilledChaos"}],"is_trial":false,"path_per_floor":["M","?","$","?","?","R","E","$","T","E","R","E","?","T","R","B"],"character_chosen":"DEFECT","items_purchased":["Genetic Algorithm"],"campfire_rested":0,"item_purchase_floors":[8],"current_hp_per_floor":[64,64,64,71,71,71,71,71,71,71,71,71,58,58,58,0,0],"gold":255,"neow_bonus":"THREE_ENEMY_KILL","is_daily":false,"chose_seed":false,"campfire_upgraded":3,"win_rate":0.0,"timestamp":1610610685,"path_taken":["M","?","$","?","?","R","E","$","T","E","R","E","?","?","R","BOSS"],"items_purchased_type":["Card"],"build_version":"2020-12-22","purchased_purges":1,"victory":false,"max_hp_per_floor":[71,71,71,71,71,71,71,71,71,71,71,71,71,71,71,71,71],"relic_stats":{"Centennial Puzzle":[6],"counters":[6,29],"Golden Idol":47,"obtain_stats":[{"Ice Cream":12,"Centennial Puzzle":9,"HornCleat":10,"NeowsBlessing":0,"Golden Idol":2,"WingedGreaves":7,"Bag of Marbles":13,"Cracked Core":0,"Cables":14},{"Ice Cream":4,"Centennial Puzzle":2,"HornCleat":3,"NeowsBlessing":0,"Golden Idol":1,"WingedGreaves":2,"Bag of Marbles":5,"Cracked Core":0,"Cables":5},{"Ice Cream":6,"Centennial Puzzle":2,"HornCleat":3,"NeowsBlessing":0,"Golden Idol":1,"WingedGreaves":2,"Bag of Marbles":15,"Cracked Core":0,"Cables":15}],"Cables":[13,11,2,0,0]},"card_choices":[{"not_picked":["Leap","Hologram"],"picked":"Reinforced Body","floor":1},{"not_picked":["Turbo","Barrage"],"picked":"Beam Cell","floor":7},{"not_picked":["Scrape","Blizzard"],"picked":"Conserve Battery","floor":10},{"not_picked":["Leap","Steam"],"picked":"Fusion","floor":12},{"not_picked":["Recycle","Tempest"],"picked":"Cold Snap","floor":13}],"player_experience":957334,"relics_obtained":[{"floor":7,"key":"WingedGreaves"},{"floor":9,"key":"Centennial Puzzle"},{"floor":10,"key":"HornCleat"},{"floor":12,"key":"Ice Cream"},{"floor":13,"key":"Bag of Marbles"},{"floor":14,"key":"Cables"}],"event_choices":[{"damage_healed":0,"gold_gain":0,"player_choice":"Take Wound","damage_taken":0,"relics_obtained":["Golden Idol"],"max_hp_gain":0,"max_hp_loss":0,"event_name":"Golden Idol","floor":2,"gold_loss":0,"cards_obtained":["Injury"]},{"damage_healed":17,"gold_gain":0,"player_choice":"Healed","damage_taken":0,"max_hp_gain":0,"max_hp_loss":0,"event_name":"The Cleric","floor":4,"gold_loss":35},{"damage_healed":0,"gold_gain":0,"player_choice":"Ignored","damage_taken":0,"max_hp_gain":0,"max_hp_loss":0,"event_name":"Liars Game","floor":5,"gold_loss":0},{"damage_healed":0,"gold_gain":0,"player_choice":"Searched \u00271\u0027 times","damage_taken":0,"max_hp_gain":0,"max_hp_loss":0,"event_name":"Dead Adventurer","floor":13,"gold_loss":0}],"is_beta":false,"boss_relics":[],"items_purged_floors":[3],"is_endless":false,"potions_floor_spawned":[7,10],"killed_by":"Hexaghost","ascension_level":20}}