{"host":"tnsigirk6wurdark","time":1610616286,"event":{"mods":["BaseMod","Bestiary","Colored Map","Colored Powertips","Curses Come First","DeckTracker","Downfall","Highlight Path","Minty Spire (QoL Compilation)","Quick Restart","Relic Sorter","StSLib","Synergy Search"],"gold_per_floor":[99,99,47,222,72,22,22,38,50,77,94,94,113,164,174,174,174,174],"floor_reached":16,"language":"ENG","playtime":940,"items_purged":[],"score":100,"play_id":"2d78d0c9-fa26-450a-a63f-638820270d76","local_time":"20210114092446","is_ascension_mode":false,"campfire_choices":[{"data":"Guardian:TwinSlam","floor":1,"key":"SMITH"}],"circlet_count":0,"master_deck":["Guardian:Strike_Guardian","Guardian:Strike_Guardian","Guardian:Strike_Guardian","Guardian:Strike_Guardian","Guardian:Defend_Guardian","Guardian:Defend_Guardian","Guardian:Defend_Guardian","Guardian:Defend_Guardian","Guardian:CurlUp","Guardian:TwinSlam+1","Guardian:Suspension","Guardian:Gem_White","Guardian:Gem_Lightblue","Doubt","Guardian:BronzeOrb","Guardian:Incinerate","Guardian:ChargeCore","Guardian:Gem_Orange","Guardian:TimeBomb","Guardian:ChargeCore","Guardian:ChargeCore"],"relics":["Guardian:ModeShifter","downfall:HeartsMalice","Question Card","Regal Pillow","Akabeko"],"acts_visited":["Exordium"],"potions_floor_usage":[10,16,16],"damage_taken":[{"damage":0,"enemies":"Small Slimes","floor":2,"turns":1},{"damage":0,"enemies":"downfall:FleeingMerchant","floor":3,"turns":1},{"damage":0,"enemies":"downfall:FleeingMerchant","floor":6,"turns":1},{"damage":0,"enemies":"2 Louse","floor":8,"turns":2},{"damage":1,"enemies":"Cultist","floor":9,"turns":4},{"damage":35,"enemies":"Lagavulin","floor":10,"turns":10},{"damage":6,"enemies":"Exordium Wildlife","floor":11,"turns":5},{"damage":7,"enemies":"Red Slaver","floor":13,"turns":4},{"damage":13,"enemies":"2 Fungi Beasts","floor":15,"turns":3},{"damage":32,"enemies":"downfall:Watcher","floor":16,"turns":8}],"seed_played":"8890228635816566835","potions_obtained":[{"floor":8,"key":"GamblersBrew"},{"floor":10,"key":"PowerPotion"},{"floor":13,"key":"sneckomod:MuddlingPotion"}],"is_trial":false,"path_per_floor":["R","M","$","?","?","$","T","M","M","E","M","?","M","T","M","B"],"character_chosen":"GUARDIAN","items_purchased":["Guardian:Gem_Lightblue","Energy Potion"],"campfire_rested":0,"item_purchase_floors":[3,6],"current_hp_per_floor":[80,80,80,80,90,90,90,90,89,54,48,48,41,41,28,0,0,0],"gold":174,"neow_bonus":"THREE_ENEMY_KILL","is_daily":false,"chose_seed":false,"campfire_upgraded":1,"win_rate":0.0,"timestamp":1610616286,"path_taken":["R","M","$","?","?","$","T","M","M","E","?","?","M","?","M","BOSS"],"items_purchased_type":["Card","Potion"],"build_version":"2020-12-22","purchased_purges":0,"victory":false,"max_hp_per_floor":[80,80,80,80,90,90,90,90,90,90,90,90,90,90,90,90,90,90],"card_choices":[{"not_picked":["Guardian:Clone","Guardian:TemporalStrike"],"picked":"Guardian:Suspension","floor":2},{"not_picked":["Guardian:ChargeCore","Guardian:CrystalBeam"],"picked":"Guardian:Gem_White","floor":3},{"not_picked":["Guardian:RollAttack","Guardian:CrystalBeam"],"picked":"Guardian:BronzeOrb","floor":6},{"not_picked":["Guardian:FloatingOrbs","Guardian:PiercingHide","Guardian:Gem_Red"],"picked":"Guardian:Incinerate","floor":8},{"not_picked":["Guardian:VentSteam","Guardian:Suspension","Guardian:Gem_Crimson"],"picked":"Guardian:ChargeCore","floor":9},{"not_picked":["Guardian:TimeCapacitor","Guardian:ShieldSpikes","Guardian:PrismaticBeam"],"picked":"Guardian:Gem_Orange","floor":10},{"not_picked":["Guardian:ShieldCharger","Guardian:PiercingHide","Guardian:Repulse"],"picked":"Guardian:TimeBomb","floor":11},{"not_picked":["Guardian:Gem_Lightblue","Guardian:Incinerate","Guardian:PiercingHide"],"picked":"Guardian:ChargeCore","floor":13},{"not_picked":["Guardian:RollAttack","Guardian:Gem_Red","Guardian:Gem_Blue"],"picked":"Guardian:ChargeCore","floor":15}],"player_experience":759597,"relics_obtained":[{"floor":7,"key":"Question Card"},{"floor":10,"key":"Regal Pillow"},{"floor":14,"key":"Akabeko"}],"event_choices":[],"is_beta":false,"boss_relics":[],"items_purged_floors":[],"is_endless":false,"potions_floor_spawned":[8,10,13],"killed_by":"downfall:Watcher","ascension_level":0}}