{"host":"vlqejv0notyktumz","time":1610610626,"event":{"mods":["AchievementEnabler","BaseMod","Googly Eyes","Minty Spire (QoL Compilation)"],"gold_per_floor":[116,0,75,75,75,109,109,109,109,109,126,146,146,178,178,277,277,291,216,230,230,37,37,47,47,70,70,70,70,84,99,99,99,99],"floor_reached":33,"language":"ENG","playtime":1194,"items_purged":["Defend_G","Strike_G"],"score":364,"play_id":"d75f38c3-c832-4c31-aff2-d9ff582e9278","local_time":"20210114015026","is_ascension_mode":true,"campfire_choices":[{"data":"Deflect","floor":7,"key":"SMITH"},{"data":"Survivor","floor":10,"key":"SMITH"},{"data":"Backflip","floor":13,"key":"SMITH"},{"floor":15,"key":"REST"},{"floor":23,"key":"REST"},{"floor":25,"key":"REST"},{"data":"Riddle With Holes","floor":27,"key":"SMITH"},{"data":"Adrenaline","floor":32,"key":"SMITH"}],"circlet_count":0,"master_deck":["Strike_G","Strike_G","Defend_G","Defend_G","Defend_G","Survivor+1","Neutralize","All Out Attack","Leg Sweep+1","Deflect+1","Riddle With Holes+1","Backflip+1","Dodge and Roll","Adrenaline+1","Prepared","Sucker Punch","Underhanded Strike","Distraction","Heel Hook+1","Setup","Leg Sweep"],"relics":["Philosopher\u0027s Stone","Calipers","Peace Pipe","Unceasing Top","HoveringKite","Regal Pillow","MutagenicStrength"],"acts_visited":["Exordium","TheCity"],"potions_floor_usage":[6,14,33,33],"damage_taken":[{"damage":0,"enemies":"2 Louse","floor":1,"turns":5},{"damage":16,"enemies":"Lagavulin","floor":6,"turns":7},{"damage":0,"enemies":"Jaw Worm","floor":11,"turns":5},{"damage":0,"enemies":"Small Slimes","floor":12,"turns":2},{"damage":6,"enemies":"3 Sentries","floor":14,"turns":6},{"damage":33,"enemies":"The Guardian","floor":16,"turns":25},{"damage":11,"enemies":"Shell Parasite","floor":18,"turns":9},{"damage":2,"enemies":"Chosen","floor":20,"turns":7},{"damage":18,"enemies":"Snecko","floor":24,"turns":9},{"damage":10,"enemies":"Shelled Parasite and Fungi","floor":30,"turns":5},{"damage":7,"enemies":"Snake Plant","floor":31,"turns":8},{"damage":58,"enemies":"Champ","floor":33,"turns":14}],"seed_played":"4195353278070455899","potions_obtained":[{"floor":1,"key":"Poison Potion"},{"floor":6,"key":"CultistPotion"},{"floor":18,"key":"Dexterity Potion"},{"floor":31,"key":"CultistPotion"}],"is_trial":false,"path_per_floor":["M","$","?","?","?","E","R","?","T","R","M","M","R","E","R","B",null,"M","?","M","?","$","R","M","R","T","R","?","?","M","M","R","B"],"character_chosen":"THE_SILENT","items_purchased":["Leg Sweep","Underhanded Strike","Distraction"],"campfire_rested":3,"item_purchase_floors":[2,22,22],"current_hp_per_floor":[63,63,52,52,52,36,36,29,29,29,29,29,29,23,44,11,55,44,44,42,29,29,51,33,55,55,55,55,55,45,38,38,0,0],"gold":99,"neow_bonus":"BOSS_RELIC","is_daily":false,"chose_seed":false,"campfire_upgraded":5,"win_rate":0.0,"timestamp":1610610626,"path_taken":["M","$","?","?","?","E","R","?","T","R","M","M","R","E","R","BOSS","M","?","M","?","$","R","M","R","T","R","?","?","M","M","R","BOSS"],"items_purchased_type":["Card","Card","Card"],"build_version":"2020-12-22","purchased_purges":2,"victory":false,"max_hp_per_floor":[70,70,70,70,70,70,70,70,70,70,70,70,70,70,70,70,70,70,70,70,75,75,75,75,75,75,75,75,75,75,75,75,75,75],"card_choices":[{"not_picked":["PiercingWail","Quick Slash"],"picked":"All Out Attack","floor":1},{"not_picked":["Expertise","Flying Knee"],"picked":"Deflect","floor":6},{"not_picked":["Backflip","Deflect"],"picked":"Riddle With Holes","floor":11},{"not_picked":["Dagger Throw","Cloak And Dagger"],"picked":"Backflip","floor":12},{"not_picked":["Sucker Punch","Well Laid Plans"],"picked":"Dodge and Roll","floor":14},{"not_picked":["Grand Finale","Unload"],"picked":"Adrenaline","floor":16},{"not_picked":["Dagger Spray","Underhanded Strike+1"],"picked":"Prepared","floor":18},{"not_picked":["Acrobatics","Slice"],"picked":"Sucker Punch","floor":20},{"not_picked":["Doppelganger","Underhanded Strike"],"picked":"Heel Hook+1","floor":24},{"not_picked":["Backflip","Deadly Poison"],"picked":"Leg Sweep","floor":30},{"not_picked":["Tactician","Bane+1","Prepared"],"picked":"SKIP","floor":31}],"player_experience":337791,"relics_obtained":[{"floor":6,"key":"Calipers"},{"floor":9,"key":"Peace Pipe"},{"floor":14,"key":"Unceasing Top"},{"floor":26,"key":"Regal Pillow"}],"event_choices":[{"damage_healed":0,"gold_gain":75,"player_choice":"Gather Gold","damage_taken":11,"max_hp_gain":0,"max_hp_loss":0,"event_name":"World of Goop","floor":3,"gold_loss":0},{"damage_healed":0,"gold_gain":0,"player_choice":"Grow","damage_taken":0,"max_hp_gain":0,"max_hp_loss":0,"event_name":"Living Wall","floor":4,"gold_loss":0,"cards_upgraded":["Leg Sweep"]},{"damage_healed":0,"gold_gain":0,"player_choice":"Ignored","damage_taken":0,"max_hp_gain":0,"max_hp_loss":0,"event_name":"Liars Game","floor":5,"gold_loss":0},{"cards_removed":["Defend_G"],"damage_healed":0,"gold_gain":0,"player_choice":"Card Removal","damage_taken":7,"max_hp_gain":0,"max_hp_loss":0,"event_name":"Golden Wing","floor":8,"gold_loss":0},{"cards_removed":["Strike_G"],"damage_healed":0,"gold_gain":0,"player_choice":"Gave Gold","damage_taken":0,"max_hp_gain":0,"max_hp_loss":0,"event_name":"Beggar","floor":19,"gold_loss":75},{"damage_healed":0,"gold_gain":0,"player_choice":"Shed Blood","damage_taken":18,"max_hp_gain":5,"max_hp_loss":0,"event_name":"Forgotten Altar","floor":21,"gold_loss":0},{"damage_healed":0,"gold_gain":0,"player_choice":"Inject Mutagens","damage_taken":0,"relics_obtained":["MutagenicStrength"],"max_hp_gain":0,"max_hp_loss":0,"event_name":"Drug Dealer","floor":28,"gold_loss":0},{"damage_healed":0,"gold_gain":0,"cards_transformed":["Strike_G"],"player_choice":"Transformed","damage_taken":0,"max_hp_gain":0,"max_hp_loss":0,"event_name":"Transmorgrifier","floor":29,"gold_loss":0,"cards_obtained":["Setup"]}],"is_beta":false,"boss_relics":[{"not_picked":["Tiny House","Cursed Key"],"picked":"HoveringKite"}],"items_purged_floors":[2,22],"is_endless":false,"potions_floor_spawned":[1,6,18,31],"killed_by":"Champ","ascension_level":9}}