{"host":"bc854wfl0ro9ufwd","time":1610587082,"event":{"mods":["AchievementEnabler","BaseMod","Colored Powertips","Friendly Minions","Hubris","Infinite Spire","MarisaÅiñ∂âJÅ@ñÇóùçπÅj","Minty Spire (QoL Compilation)","Quick Restart","Replay The Spire","Shop Mod","StSLib","The Construct","The Disciple","The Jungle"],"gold_per_floor":[110,110,122,122,197,227,227,247,247,262,262,108,159,169,169,264,264,279,279,373,373,373,373,389,419,419,419,435,455,455,455],"floor_reached":30,"language":"ENG","playtime":1038,"items_purged":[],"score":275,"play_id":"ece3b5a1-2cda-459e-a27a-3c9b7da9a354","local_time":"20210113171802","is_ascension_mode":false,"campfire_choices":[{"data":"MysteriousBeam","floor":7,"key":"SMITH"},{"floor":15,"key":"REST"},{"floor":23,"key":"REST"},{"floor":27,"key":"REST"}],"circlet_count":0,"master_deck":["Strike_MRS+1","Strike_MRS","Strike_MRS","Strike_MRS","Defend_MRS","Defend_MRS","Defend_MRS","Defend_MRS","MasterSpark","UpSweep","SuperPerseids","NonDirectionalLaser","MysteriousBeam+1","LuminesStrike","DoubleSpark","Looming Evil","MysteriousBeam","ChargingUp+1","Mayhem+1","Replay:Sssssssssshield+1","MysteriousBeam+1","OpenUniverse","Acceleration+1","Pot Of Greed"],"relics":["MiniHakkero","NeowsBlessing","PreservedInsect","Shuriken","Ring of Searing","Ring of Hypnosis","MerchantsRug","Grinning Jar","Astrolabe","theJungle:BirthdayCakeSlice","Gremlin Food","Replay:Kaleidoscope"],"acts_visited":["Exordium","Exordium"],"potions_floor_usage":[16,20,20,20,29],"damage_taken":[{"damage":0,"enemies":"Cultist","floor":1,"turns":1},{"damage":0,"enemies":"Small Slimes","floor":3,"turns":1},{"damage":0,"enemies":"3 Sentries","floor":6,"turns":1},{"damage":0,"enemies":"Jaw Worm","floor":8,"turns":1},{"damage":12,"enemies":"2 Fungi Beasts","floor":10,"turns":2},{"damage":10,"enemies":"Blue Slaver","floor":14,"turns":2},{"damage":45,"enemies":"Hexaghost","floor":16,"turns":5},{"damage":23,"enemies":"theJungle:5_Spyders","floor":18,"turns":5},{"damage":11,"enemies":"theJungle:Flameango_and_Byrd","floor":20,"turns":4},{"damage":52,"enemies":"theJungle:Snecko_Cultist_And_Trap","floor":24,"turns":5},{"damage":6,"enemies":"theJungle:2_Phrogs","floor":25,"turns":4},{"damage":9,"enemies":"theJungle:SlimyTreeVines","floor":28,"turns":3},{"damage":26,"enemies":"Snake Plant","floor":29,"turns":4},{"damage":16,"enemies":"theJungle:2_Snecko_Cultists","floor":30,"turns":2}],"seed_played":"2628142046534638515","potions_obtained":[{"floor":3,"key":"SteroidPotion"},{"floor":8,"key":"FearPotion"},{"floor":10,"key":"FearPotion"},{"floor":14,"key":"LiquidMemories"},{"floor":20,"key":"Milkshake"},{"floor":25,"key":"Energy Potion"}],"is_trial":false,"path_per_floor":["M","$","M","$","?","E","R","M","T","M","?","$","T","M","R","B",null,"M","?","M","$","?","R","M","E","T","R","M","M","M"],"character_chosen":"MARISA","items_purchased":["MerchantsRug"],"campfire_rested":3,"item_purchase_floors":[12],"current_hp_per_floor":[75,75,75,75,64,64,64,64,64,52,52,52,52,42,64,19,75,52,52,41,41,46,70,18,12,12,36,30,4,0,0],"gold":455,"neow_bonus":"THREE_ENEMY_KILL","is_daily":false,"chose_seed":false,"campfire_upgraded":1,"win_rate":0.0,"timestamp":1610587082,"path_taken":["M","?","M","$","?","E","R","M","T","M","?","?","?","M","R","BOSS","M","?","M","$","?","R","M","E","T","R","M","M","M"],"items_purchased_type":["Relic"],"build_version":"2020-12-22","purchased_purges":0,"victory":false,"max_hp_per_floor":[75,75,75,75,75,75,75,75,75,75,75,75,75,75,75,75,75,75,75,75,75,80,80,80,80,80,80,80,80,80,80],"card_choices":[{"not_picked":["MilkyWay","EnergyRecoil"],"picked":"SuperPerseids","floor":1},{"not_picked":["SporeBomb","DarkSpark"],"picked":"NonDirectionalLaser","floor":3},{"not_picked":["DarkMatter","Acceleration"],"picked":"MysteriousBeam","floor":6},{"not_picked":["BinaryStars","NonDirectionalLaser"],"picked":"LuminesStrike","floor":8},{"not_picked":["WitchLeyline","EnergyFlow"],"picked":"DoubleSpark","floor":10},{"not_picked":["WitchOfGreed","ManaConvection"],"picked":"MysteriousBeam","floor":14},{"not_picked":["MillisecondPulsars","SatelliteIllusion"],"picked":"TreasureHunter","floor":16},{"not_picked":["PowerUp","WitchLeyline"],"picked":"MysteriousBeam+1","floor":18},{"not_picked":["WitchOfGreed","EventHorizon"],"picked":"OpenUniverse","floor":20},{"not_picked":["ShootTheMoon","ChargeUpSpray","IllusionStar"],"picked":"SKIP","floor":24},{"not_picked":["DoubleSpark","MilkyWay+1"],"picked":"Acceleration+1","floor":25},{"not_picked":["Acceleration","GalacticHalo","NonDirectionalLaser"],"picked":"SKIP","floor":28},{"not_picked":["DoubleSpark+1","NonDirectionalLaser","ChargeUpSpray"],"picked":"SKIP","floor":29}],"player_experience":57789,"relics_obtained":[{"floor":6,"key":"PreservedInsect"},{"floor":9,"key":"Shuriken"},{"floor":11,"key":"Ring of Searing"},{"floor":11,"key":"Ring of Hypnosis"},{"floor":13,"key":"Grinning Jar"},{"floor":25,"key":"Gremlin Food"},{"floor":26,"key":"Replay:Kaleidoscope"}],"event_choices":[{"damage_healed":0,"gold_gain":75,"player_choice":"Gather Gold","damage_taken":11,"max_hp_gain":0,"max_hp_loss":0,"event_name":"World of Goop","floor":5,"gold_loss":0}],"is_beta":false,"boss_relics":[{"not_picked":["ReplayTheSpireMod:SealedPack","hubris:VirtuousBlindfold"],"picked":"Astrolabe"}],"items_purged_floors":[],"is_endless":false,"potions_floor_spawned":[3,8,10,14,25],"killed_by":"theJungle:2_Snecko_Cultists","ascension_level":0}}