{"host":"vyjryxuuuxkt43k4","time":1610605694,"event":{"mods":["BaseMod","Colored Map","DeckTracker","Minty Spire (QoL Compilation)","Permanent Neow","Quick Restart","StSLib","SuperFastMode","everything is the same but u backflip on backflip"],"gold_per_floor":[361,380,75,75,92,120,120,155,225,254,270,270,281,292,292,387,387,399,498,228,242,242,242,272,289,289,289,289,307,336,350,350,455,455,468,483,483,503,260,260,294,294,318,345,363,377,397,431,431,431,431,431,75,105,105],"floor_reached":56,"language":"KOR","playtime":6700,"items_purged":["Distraction","Riddle With Holes"],"score":1480,"play_id":"0eda9bdc-2fd5-4061-90fc-df1832384657","local_time":"20210114152814","is_ascension_mode":true,"campfire_choices":[{"data":"Neutralize","floor":7,"key":"SMITH"},{"floor":15,"key":"REST"},{"data":"A Thousand Cuts","floor":23,"key":"SMITH"},{"data":"After Image","floor":27,"key":"SMITH"},{"data":"Noxious Fumes","floor":32,"key":"SMITH"},{"floor":40,"key":"RECALL"},{"floor":49,"key":"REST"},{"floor":52,"key":"REST"}],"circlet_count":0,"master_deck":["Survivor","Neutralize+1","Dagger Spray","Noxious Fumes+1","Sadistic Nature","Endless Agony","Cloak And Dagger+1","After Image+1","PiercingWail+1","Choke","Blade Dance","Bouncing Flask","A Thousand Cuts+1","Leg Sweep","Concentrate","Quick Slash","Calculated Gamble","Dash","Infinite Blades","Dodge and Roll","PiercingWail","PiercingWail+1","Deflect+1","Prepared+1","Backflip","Escape Plan+1","Burst","Footwork+1","PiercingWail","Neutralize","Crippling Poison+1","Dodge and Roll+1","Backflip+1"],"relics":["Ring of the Snake","TungstenRod","Tiny Chest","PreservedInsect","Bottled Flame","Pandora\u0027s Box","Strange Spoon","Matryoshka","Meat on the Bone","Nunchaku","HornCleat","Nilry\u0027s Codex","Kunai","Fusion Hammer","OrangePellets","Anchor","War Paint","Torii","Bronze Scales","Ancient Tea Set","Calipers","InkBottle","Lantern"],"acts_visited":["Exordium","TheCity","TheBeyond","TheEnding"],"potions_floor_usage":[6,14,16,24,30,31,38,41,46,50,53,54,55,55,55],"damage_taken":[{"damage":0,"enemies":"Small Slimes","floor":1,"turns":5},{"damage":0,"enemies":"Cultist","floor":2,"turns":4},{"damage":0,"enemies":"Jaw Worm","floor":5,"turns":4},{"damage":19,"enemies":"Lagavulin","floor":6,"turns":7},{"damage":17,"enemies":"Gremlin Nob","floor":8,"turns":4},{"damage":14,"enemies":"3 Sentries","floor":10,"turns":6},{"damage":0,"enemies":"Exordium Wildlife","floor":11,"turns":3},{"damage":0,"enemies":"3 Louse","floor":13,"turns":3},{"damage":0,"enemies":"Looter","floor":14,"turns":3},{"damage":0,"enemies":"Hexaghost","floor":16,"turns":8},{"damage":3,"enemies":"Shell Parasite","floor":18,"turns":7},{"damage":23,"enemies":"Spheric Guardian","floor":21,"turns":6},{"damage":10,"enemies":"Gremlin Leader","floor":24,"turns":5},{"damage":11,"enemies":"Centurion and Healer","floor":25,"turns":6},{"damage":0,"enemies":"Snake Plant","floor":29,"turns":4},{"damage":0,"enemies":"Slavers","floor":30,"turns":3},{"damage":9,"enemies":"Sentry and Sphere","floor":31,"turns":6},{"damage":25,"enemies":"Collector","floor":33,"turns":9},{"damage":0,"enemies":"Orb Walker","floor":35,"turns":6},{"damage":6,"enemies":"3 Darklings","floor":36,"turns":6},{"damage":36,"enemies":"Sphere and 2 Shapes","floor":38,"turns":8},{"damage":10,"enemies":"Reptomancer","floor":41,"turns":7},{"damage":8,"enemies":"Giant Head","floor":44,"turns":8},{"damage":0,"enemies":"Jaw Worm Horde","floor":45,"turns":4},{"damage":15,"enemies":"3 Darklings","floor":46,"turns":5},{"damage":0,"enemies":"Sphere and 2 Shapes","floor":47,"turns":5},{"damage":0,"enemies":"Reptomancer","floor":48,"turns":4},{"damage":0,"enemies":"Awakened One","floor":50,"turns":14},{"damage":7,"enemies":"Shield and Spear","floor":54,"turns":7},{"damage":7,"enemies":"The Heart","floor":55,"turns":14}],"seed_played":"6538451414768040849","potions_obtained":[{"floor":1,"key":"SmokeBomb"},{"floor":5,"key":"LiquidMemories"},{"floor":10,"key":"SkillPotion"},{"floor":11,"key":"CultistPotion"},{"floor":21,"key":"Ancient Potion"},{"floor":25,"key":"Explosive Potion"},{"floor":29,"key":"Weak Potion"},{"floor":33,"key":"Energy Potion"},{"floor":36,"key":"PowerPotion"},{"floor":41,"key":"Fruit Juice"},{"floor":46,"key":"Weak Potion"},{"floor":48,"key":"EssenceOfSteel"},{"floor":54,"key":"SkillPotion"}],"is_trial":false,"path_per_floor":["M","M","$","?","M","E","R","E","T","E","M","?","M","M","R","B",null,"M","?","$","M","T","R","E","M","T","R","?","M","E","M","R","B",null,"M","M","?","M","$","R","E","T","T","E","M","M","M","E","R","B",null,"R","$","E","B",null],"character_chosen":"THE_SILENT","items_purchased":["Noxious Fumes","Sadistic Nature","Endless Agony","Strange Spoon","ColorlessPotion","OrangePellets","InkBottle","AttackPotion","FearPotion"],"campfire_rested":3,"item_purchase_floors":[3,3,3,20,20,39,53,53,53],"current_hp_per_floor":[63,63,63,63,63,44,44,27,27,13,13,13,13,13,31,31,63,60,60,60,37,37,37,27,28,28,28,16,28,40,43,43,30,63,63,57,57,33,33,33,35,35,35,39,39,36,36,36,54,54,63,63,68,61,54],"gold":105,"neow_bonus":"TWO_FIFTY_GOLD","is_daily":false,"chose_seed":false,"campfire_upgraded":4,"win_rate":0.0,"timestamp":1610605694,"path_taken":["M","M","$","?","M","E","R","E","T","E","?","?","M","M","R","BOSS","M","?","$","M","?","R","E","M","T","R","?","M","E","M","R","BOSS","M","M","?","?","$","R","E","?","T","E","M","M","M","E","R","BOSS","R","$","E","BOSS"],"items_purchased_type":["Card","Card","Card","Relic","Potion","Relic","Relic","Potion","Potion"],"build_version":"2020-12-22","purchased_purges":2,"victory":true,"max_hp_per_floor":[63,63,63,63,63,63,63,63,63,63,63,63,63,63,63,63,63,63,63,63,63,63,63,63,63,63,63,63,63,63,63,63,63,63,63,63,63,63,63,63,63,63,63,63,63,63,63,63,63,63,63,63,68,68,68],"card_choices":[{"not_picked":["All Out Attack","Backflip"],"picked":"Dagger Spray","floor":1},{"not_picked":["Sucker Punch","Blade Dance","Bane"],"picked":"SKIP","floor":2},{"not_picked":["Distraction","Outmaneuver","Blade Dance"],"picked":"SKIP","floor":5},{"not_picked":["Underhanded Strike","Accuracy"],"picked":"Cloak And Dagger","floor":6},{"not_picked":["Heel Hook","All Out Attack"],"picked":"After Image","floor":8},{"not_picked":["Acrobatics","Dagger Spray"],"picked":"PiercingWail","floor":10},{"not_picked":["Dagger Spray","Deflect"],"picked":"Choke","floor":11},{"not_picked":["Finisher","Sucker Punch"],"picked":"Blade Dance","floor":13},{"not_picked":["PiercingWail","Blade Dance"],"picked":"Bouncing Flask","floor":14},{"not_picked":["Doppelganger","Grand Finale"],"picked":"A Thousand Cuts","floor":16},{"not_picked":["Dash+1","Prepared"],"picked":"PiercingWail+1","floor":18},{"not_picked":["PiercingWail","Glass Knife"],"picked":"Deflect+1","floor":21},{"not_picked":["Heel Hook","Dash"],"picked":"Prepared+1","floor":24},{"not_picked":["Underhanded Strike","Deadly Poison+1"],"picked":"Backflip","floor":25},{"not_picked":["Dash+1","All Out Attack","Acrobatics"],"picked":"SKIP","floor":29},{"not_picked":["Backstab","Backflip"],"picked":"Escape Plan+1","floor":30},{"not_picked":["Calculated Gamble","Dagger Spray","Poisoned Stab+1"],"picked":"SKIP","floor":31},{"not_picked":["Tools of the Trade","Glass Knife"],"picked":"Burst","floor":33},{"not_picked":["Noxious Fumes+1","Flying Knee+1"],"picked":"Footwork+1","floor":35},{"not_picked":["PiercingWail","Bane+1","Escape Plan+1"],"picked":"SKIP","floor":36},{"not_picked":["Infinite Blades+1","Sucker Punch","Dagger Spray+1"],"picked":"SKIP","floor":38},{"not_picked":["PiercingWail","Doppelganger","Dagger Throw+1"],"picked":"SKIP","floor":41},{"not_picked":["Concentrate","Dodge and Roll"],"picked":"Crippling Poison+1","floor":44},{"not_picked":["Flying Knee+1","Acrobatics+1"],"picked":"Dodge and Roll+1","floor":45},{"not_picked":["Die Die Die","Acrobatics","Blade Dance"],"picked":"SKIP","floor":46},{"not_picked":["Infinite Blades+1","Quick Slash+1","Masterful Stab"],"picked":"SKIP","floor":47},{"not_picked":["Choke+1","Envenom"],"picked":"Backflip+1","floor":48},{"not_picked":["Deadly Poison","Backflip","Poisoned Stab+1"],"picked":"SKIP","floor":54}],"player_experience":275701,"relics_obtained":[{"floor":6,"key":"Tiny Chest"},{"floor":8,"key":"PreservedInsect"},{"floor":10,"key":"Bottled Flame"},{"floor":22,"key":"Matryoshka"},{"floor":24,"key":"Meat on the Bone"},{"floor":26,"key":"Nunchaku"},{"floor":26,"key":"HornCleat"},{"floor":28,"key":"Nilry\u0027s Codex"},{"floor":30,"key":"Kunai"},{"floor":41,"key":"Anchor"},{"floor":42,"key":"War Paint"},{"floor":42,"key":"Torii"},{"floor":43,"key":"Bronze Scales"},{"floor":44,"key":"Ancient Tea Set"},{"floor":48,"key":"Calipers"},{"floor":54,"key":"Lantern"}],"event_choices":[{"damage_healed":0,"gold_gain":0,"player_choice":"Gave Potion","damage_taken":0,"relics_obtained":["TungstenRod"],"max_hp_gain":0,"max_hp_loss":0,"event_name":"WeMeetAgain","floor":4,"gold_loss":0},{"damage_healed":0,"gold_gain":0,"player_choice":"Ignored","damage_taken":0,"max_hp_gain":0,"max_hp_loss":0,"event_name":"Shining Light","floor":12,"gold_loss":0},{"damage_healed":0,"gold_gain":99,"player_choice":"Stole From Cult","damage_taken":0,"max_hp_gain":0,"max_hp_loss":0,"event_name":"Nest","floor":19,"gold_loss":0},{"damage_healed":0,"gold_gain":0,"player_choice":"Obtained Book","damage_taken":16,"max_hp_gain":0,"max_hp_loss":0,"event_name":"Cursed Tome","floor":28,"gold_loss":0},{"damage_healed":0,"gold_gain":0,"player_choice":"2 cards matched","damage_taken":0,"max_hp_gain":0,"max_hp_loss":0,"event_name":"Match and Keep!","floor":37,"gold_loss":0,"cards_obtained":["PiercingWail","Neutralize"]}],"is_beta":false,"boss_relics":[{"not_picked":["Velvet Choker","HoveringKite"],"picked":"Pandora\u0027s Box"},{"not_picked":["Calling Bell","Astrolabe"],"picked":"Fusion Hammer"}],"items_purged_floors":[20,39],"is_endless":false,"potions_floor_spawned":[1,5,10,11,21,25,29,33,36,41,46,48,54],"ascension_level":1}}