{"host":"50per11302020","time":1610585802,"event":{"mods":["AchievementEnabler","BaseMod","Colored Map","Minty Spire (QoL Compilation)","Relic Stats","StSLib"],"gold_per_floor":[15,25,44,63,63,63,63,63,90,90,150,160,160,177,177,177,177],"floor_reached":16,"language":"ENG","playtime":760,"items_purged":[],"score":179,"play_id":"daa2aef4-a53d-433b-8867-9593a9c81912","local_time":"20210113165642","is_ascension_mode":true,"campfire_choices":[{"data":"Footwork","floor":6.0,"key":"SMITH"},{"data":"Sadistic Nature","floor":8.0,"key":"SMITH"},{"data":"Dodge and Roll","floor":10.0,"key":"SMITH"},{"floor":13.0,"key":"REST"},{"data":"Neutralize","floor":15.0,"key":"SMITH"}],"circlet_count":0,"master_deck":["AscendersBane","Strike_G","Strike_G","Strike_G","Strike_G","Strike_G","Defend_G","Defend_G","Defend_G","Defend_G","Defend_G","Survivor","Neutralize+1","Sadistic Nature+1","Dodge and Roll+1","Footwork+1","All Out Attack","Terror","Underhanded Strike"],"relics":["Ring of the Snake","Juzu Bracelet","Happy Flower"],"acts_visited":["Exordium"],"potions_floor_usage":[16],"damage_taken":[{"damage":6.0,"enemies":"2 Louse","floor":1.0,"turns":4.0},{"damage":2.0,"enemies":"Small Slimes","floor":2.0,"turns":5.0},{"damage":0.0,"enemies":"Cultist","floor":3.0,"turns":5.0},{"damage":0.0,"enemies":"Exordium Wildlife","floor":4.0,"turns":4.0},{"damage":37.0,"enemies":"Gremlin Nob","floor":11.0,"turns":5.0},{"damage":0.0,"enemies":"2 Fungi Beasts","floor":12.0,"turns":4.0},{"damage":0.0,"enemies":"Red Slaver","floor":14.0,"turns":5.0},{"damage":44,"enemies":"Slime Boss","floor":16,"turns":6}],"seed_played":"3095132031938929520","potions_obtained":[{"floor":2.0,"key":"Swift Potion"},{"floor":3.0,"key":"FearPotion"},{"floor":4.0,"key":"EntropicBrew"},{"floor":14.0,"key":"SmokeBomb"}],"is_trial":false,"path_per_floor":["M","M","M","M","?","R","?","R","T","R","?","M","R","M","R","B"],"character_chosen":"THE_SILENT","items_purchased":[],"campfire_rested":1,"item_purchase_floors":[],"current_hp_per_floor":[53,51,51,51,51,51,56,56,56,56,19,19,40,40,40,0,0],"gold":177,"neow_bonus":"RANDOM_COLORLESS_2","is_daily":false,"chose_seed":false,"campfire_upgraded":4,"win_rate":0.0,"timestamp":1610585802,"path_taken":["M","M","M","M","?","R","?","R","T","R","?","M","R","M","R","BOSS"],"items_purchased_type":[],"build_version":"2020-12-18","purchased_purges":0,"victory":false,"max_hp_per_floor":[66,66,66,66,66,66,71,71,71,71,71,71,71,71,71,71,71],"relic_stats":{"Happy Flower":[6],"counters":[8,38],"Juzu Bracelet":0,"obtain_stats":[{"Happy Flower":11,"Juzu Bracelet":9,"Ring of the Snake":0},{"Happy Flower":4,"Juzu Bracelet":4,"Ring of the Snake":0},{"Happy Flower":18,"Juzu Bracelet":18,"Ring of the Snake":0}],"Ring of the Snake":[16]},"card_choices":[{"not_picked":["Transmutation","Secret Weapon"],"picked":"Sadistic Nature","floor":0.0},{"not_picked":["Dagger Throw","Prepared"],"picked":"Dodge and Roll","floor":1.0},{"not_picked":["Prepared","Glass Knife"],"picked":"Footwork","floor":2.0},{"not_picked":["Tactician","Reflex"],"picked":"All Out Attack","floor":3.0},{"not_picked":["Backflip","Skewer","Flying Knee"],"picked":"SKIP","floor":4.0},{"not_picked":["Dash","Backflip"],"picked":"Terror","floor":12.0},{"not_picked":["Deflect","Dagger Throw"],"picked":"Underhanded Strike","floor":14.0}],"player_experience":200765,"relics_obtained":[{"floor":9.0,"key":"Juzu Bracelet"}],"event_choices":[{"damage_healed":0.0,"max_hp_gain":0.0,"max_hp_loss":0.0,"gold_gain":0.0,"event_name":"The Cleric","player_choice":"Leave","floor":5.0,"gold_loss":0.0,"damage_taken":0.0},{"damage_healed":0.0,"max_hp_gain":5.0,"max_hp_loss":0.0,"gold_gain":0.0,"event_name":"Big Fish","player_choice":"Donut","floor":7.0,"gold_loss":0.0,"damage_taken":0.0},{"damage_healed":0.0,"max_hp_gain":0.0,"max_hp_loss":0.0,"gold_gain":30.0,"event_name":"Dead Adventurer","player_choice":"Searched \u00273\u0027 times","floor":11.0,"gold_loss":0.0,"damage_taken":0.0,"relics_obtained":["Happy Flower"]}],"is_beta":true,"boss_relics":[],"items_purged_floors":[],"is_endless":false,"potions_floor_spawned":[2,3,4,14],"killed_by":"Slime Boss","ascension_level":19}}