{"host":"2i0myh7fqij2ti1z","time":1610633437,"event":{"mods":["Aspiration","BaseMod","Better Third Choice","Colored Powertips","FoggyMod","GifTheSpireLib","Highlight Path","Minty Spire (QoL Compilation)","Permanent Neow","Quick Restart","Random Character Button","Random Character Mod","Relic Sorter","Replay The Spire","Shop Mod","Spicy Shops","StSLib","Stuff the Spire","Transform Curses","Wandering Minibosses","vexMod","óô»ðÖ¸ÄÏ"],"gold_per_floor":[113,113,113,9861,9888,9888,9888,9888,9914,9914,9940,9968,9679,9679,9679,9679,9679,9779,9779,9794,9326,9326,9326,4663,4694,4694,4728,4728,4728,4754,4754,4771,4571,4571,4674,4674,4684,4376,4395,4290,3609,3634,3062,3062,3087,3100,2577,2577,2577,2595,2595,2595,2595,2441,2018,2045,2045],"floor_reached":58,"language":"ENG","playtime":1968,"items_purged":["Injury","Strike_R","Strike_R","Bash+1","Defend_R+1","Strike_R","Sword Boomerang+1","Clumsy","Feed+1","Shame"],"score":1782,"play_id":"4d0f5042-55ee-4753-9ed4-dff68a1dc9c4","local_time":"20210114221037","is_ascension_mode":true,"campfire_choices":[{"floor":8.0,"key":"RECALL"},{"data":"Thunderclap","floor":10.0,"key":"SMITH"},{"floor":14,"key":"REST"},{"floor":17,"key":"REST"},{"data":"StuffTheSpire:Innocence","floor":29,"key":"SMITH"},{"data":"StuffTheSpire:CelestialWarden","floor":34,"key":"SMITH"},{"data":"Corruption","floor":51,"key":"SMITH"}],"circlet_count":0,"master_deck":["Thunderclap+1","Rampage+1","StuffTheSpire:CelestialWarden+1","StuffTheSpire:Innocence+1","Ghostly","Ghostly","Ghostly","Ghostly","Ghostly","StuffTheSpire:Rapture","Tantrum+1","Corruption+1","ReplayTheSpireMod:Limb From Limb+1","ReplayTheSpireMod:Trickstab+1","Berserk","Burning Pact+1"],"relics":["Burning Blood","Molten Egg 2","Gremlin Food","vexMod:MemoryStick","Replay:Bottled Flurry","BargainBundle","Replay:Mystery Machine","Brimstone","Empty Cage","aspiration:Nostalgia","Replay:M_SmolderingBlood","Gambling Chip","Strawberry","Bottled Flame","Mercury Hourglass","aspiration:PoetsPen_weak","StuffTheSpire:DarkSteelAnvil","Paper Frog","Quantum Egg","StuffTheSpire:BottledEssence","Blue Doll","vexMod:InvisibilityCloak","ClockworkSouvenir","Ginger","Bag of Preparation"],"acts_visited":["Exordium","TheCity","TheBeyond","TheEnding"],"potions_floor_usage":[25,57,57,57,57],"damage_taken":[{"damage":6.0,"enemies":"Cultist","floor":1.0,"turns":3.0},{"damage":20.0,"enemies":"Gremlin Nob","floor":9.0,"turns":4.0},{"damage":20,"enemies":"Lagavulin","floor":12,"turns":4},{"damage":6,"enemies":"Slime Boss","floor":18,"turns":4},{"damage":0,"enemies":"Chosen","floor":20,"turns":3},{"damage":0,"enemies":"Book of Stabbing","floor":25,"turns":4},{"damage":0,"enemies":"Replay:Snechameleon","floor":27,"turns":2},{"damage":0,"enemies":"Slavers","floor":30,"turns":2},{"damage":0,"enemies":"2 Thieves","floor":32,"turns":2},{"damage":0,"enemies":"Collector","floor":35,"turns":4},{"damage":0,"enemies":"3 Shapes","floor":37,"turns":1},{"damage":1,"enemies":"3 Darklings","floor":39,"turns":3},{"damage":0,"enemies":"Reptomancer","floor":42,"turns":2},{"damage":10,"enemies":"4 Shapes","floor":46,"turns":3},{"damage":0,"enemies":"Jaw Worm Horde","floor":50,"turns":3},{"damage":1,"enemies":"Awakened One","floor":52,"turns":3},{"damage":3,"enemies":"Shield and Spear","floor":56,"turns":2},{"damage":34,"enemies":"The Heart","floor":57,"turns":4}],"seed_played":"-2506400243003516279","potions_obtained":[{"floor":9.0,"key":"SteroidPotion"},{"floor":18,"key":"Flashbang"},{"floor":25,"key":"EntropicBrew"},{"floor":32,"key":"Energy Potion"}],"is_trial":false,"path_per_floor":["M","?","?","$","T","PTL","PTL","R","E","R","T","E","$","R","?","?","R","B",null,"M","$","?","?","?","E","?","E","T","R","E","?","M","$","R","B",null,"M","$","M","$","$","E","R","?","T","M","R","?","?","M","R","B",null,"R","$","E","B",null],"character_chosen":"IRONCLAD","items_purchased":["Replay:Wax Seal","BargainBundle","Replay:Mystery Machine","Rampage+1","Brimstone","aspiration:Nostalgia","StuffTheSpire:DarkSteelAnvil","ReplayTheSpireMod:Limb From Limb+1","Paper Frog","ReplayTheSpireMod:Trickstab+1","Quantum Egg","StuffTheSpire:BottledEssence","vexMod:InvisibilityCloak","ClockworkSouvenir","Ginger"],"campfire_rested":2,"item_purchase_floors":[4,13,13,13,13,21,38,40,41,41,43,43,47,54,55],"current_hp_per_floor":[56,56,56,56,56,56,56,56,42,42,42,28,28,52,52,45,69,69,80,84,84,84,42,42,46,46,53,53,53,57,57,61,61,61,65,65,69,69,69,69,69,69,69,69,69,70,70,70,70,74,74,74,74,74,74,74,46],"gold":2045,"neow_bonus":"REMOVE_TWO","is_daily":false,"chose_seed":false,"campfire_upgraded":4,"win_rate":0.0,"timestamp":1610633437,"path_taken":["M","?","?","$","?","PTL","PTL","R","E","R","T","E","$","R","?","?","R","BOSS","M","$","?","?","?","E","?","E","T","R","E","?","?","$","R","BOSS","M","$","?","?","$","E","R","?","T","?","R","?","?","?","R","BOSS","R","$","E","BOSS"],"items_purchased_type":["Relic","Relic","Relic","Card","Relic","Relic","Relic","Card","Relic","Card","Relic","Relic","Relic","Relic","Relic"],"build_version":"2020-12-22","purchased_purges":10,"victory":true,"max_hp_per_floor":[80,80,80,80,80,80,80,80,80,80,80,80,80,80,80,80,80,80,80,84,84,84,42,42,46,46,53,53,53,57,57,61,61,61,65,65,69,69,69,69,69,69,69,69,69,74,74,74,74,74,74,74,74,74,74,74,74],"card_choices":[{"not_picked":["Evolve","True Grit"],"picked":"Thunderclap","floor":1.0},{"not_picked":["Clothesline+1","Eclipse","Wild Strike+1"],"picked":"SKIP","floor":9.0},{"not_picked":["Infernal Blade","Clothesline+1"],"picked":"Sword Boomerang+1","floor":12},{"not_picked":["StuffTheSpire:Vigor","StuffTheSpire:Perfection"],"picked":"StuffTheSpire:CelestialWarden","floor":15},{"not_picked":["Hemogenesis+1","Exhume"],"picked":"Feed+1","floor":18},{"not_picked":["Wild Strike+1","StuffTheSpire:Incineration+1","Run Through+1"],"picked":"SKIP","floor":20},{"not_picked":["Hemokinesis+1","Cleave+1"],"picked":"Tantrum+1","floor":25},{"not_picked":["Clothesline+1","Dropkick+1","Replay:Undeath\u0027s Touch+1"],"picked":"SKIP","floor":27},{"not_picked":["Dual Wield+1","StuffTheSpire:TitanForm","Heavy Blade+1"],"picked":"SKIP","floor":30},{"not_picked":["Flex","ReplayTheSpireMod:Strike From Hell+1","StuffTheSpire:RockThrow+1"],"picked":"SKIP","floor":32},{"not_picked":["Eclipse","Bludgeon+1"],"picked":"Corruption","floor":35},{"not_picked":["ReplayTheSpireMod:Strike From Hell+1","ReplayTheSpireMod:Stacked","Armaments"],"picked":"SKIP","floor":37},{"not_picked":["Cleave+1","Run Through+1","Flex+1"],"picked":"SKIP","floor":39},{"not_picked":["Rampage+1","Thunderclap+1","ReplayTheSpireMod:Muscle Training"],"picked":"SKIP","floor":42},{"not_picked":["Cleave+1","Run Through+1","Defy Death+1"],"picked":"SKIP","floor":46},{"not_picked":["StuffTheSpire:Resist","Body Slam+1","StuffTheSpire:BloodClot+1"],"picked":"SKIP","floor":50},{"not_picked":["Warcry","Juggernaut"],"picked":"Burning Pact+1","floor":56}],"player_experience":248186,"relics_obtained":[{"floor":9.0,"key":"Gremlin Food"},{"floor":11.0,"key":"vexMod:MemoryStick"},{"floor":12,"key":"Replay:Bottled Flurry"},{"floor":25,"key":"Gambling Chip"},{"floor":27,"key":"Strawberry"},{"floor":28,"key":"Bottled Flame"},{"floor":30,"key":"Mercury Hourglass"},{"floor":45,"key":"Blue Doll"},{"floor":56,"key":"Bag of Preparation"}],"event_choices":[{"damage_healed":0,"gold_gain":0,"player_choice":"Became a Ghost","damage_taken":0,"max_hp_gain":0,"max_hp_loss":42,"event_name":"Ghosts","floor":23,"gold_loss":0,"cards_obtained":["Ghostly","Ghostly","Ghostly","Ghostly","Ghostly"]},{"damage_healed":0,"gold_gain":0,"player_choice":"Ignored","damage_taken":0,"max_hp_gain":0,"max_hp_loss":0,"event_name":"Vampires","floor":26,"gold_loss":0},{"damage_healed":0,"gold_gain":0,"player_choice":"Full Heal","damage_taken":0,"max_hp_gain":0,"max_hp_loss":0,"event_name":"Wheel of Change","floor":31,"gold_loss":0},{"damage_healed":0,"gold_gain":0,"player_choice":"1 cards matched","damage_taken":0,"max_hp_gain":0,"max_hp_loss":0,"event_name":"Match and Keep!","floor":44,"gold_loss":0,"cards_obtained":["Berserk"]},{"damage_healed":0,"gold_gain":0,"player_choice":"Bought 0 Potions","damage_taken":0,"max_hp_gain":0,"max_hp_loss":0,"event_name":"The Woman in Blue","floor":49,"gold_loss":0}],"is_beta":false,"boss_relics":[{"not_picked":["Fusion Hammer","vexMod:MysteryBossChallenge"],"picked":"Empty Cage"},{"not_picked":["aspiration:WatcherSkillbook","Replay:Ancient Bell"],"picked":"aspiration:PoetsPen_weak"}],"items_purged_floors":[4,4,13,21,21,33,41,43,47,55],"is_endless":false,"potions_floor_spawned":[9,18,25,32,35,42,46,50,56],"ascension_level":4}}