{"host":"sc0o2qwpf9j16a4i","time":1610659320,"event":{"mods":["AchievementEnabler","BaseMod","BetterRewards","Block Reminder","Colored Map","Colored Powertips","Custom Start","Highlight Path","Minty Spire (QoL Compilation)","Relic Stats"],"gold_per_floor":[111,111,123,142,142,142,174,189,189,189,214,233,233,248,248,325,325,340,340,358,368,368,368,400,325,325,359,359,377,407,427,427,501,501,518,16,16,34,34,34,63,63,63,80,91,102,7,20,20,20,20,20,20,20,54,54],"floor_reached":57,"language":"ENG","playtime":2899,"items_purged":["Strike_B","Strike_B"],"score":3858,"play_id":"d69e30e4-a65b-4343-aeec-8132dcaf1507","local_time":"20210114232200","is_ascension_mode":true,"campfire_choices":[{"data":"Defragment","floor":6,"key":"SMITH"},{"data":"Barrage","floor":10,"key":"SMITH"},{"data":"Go for the Eyes","floor":15,"key":"SMITH"},{"data":"Defragment","floor":23,"key":"SMITH"},{"data":"Echo Form","floor":28,"key":"SMITH"},{"data":"Heatsinks","floor":32,"key":"SMITH"},{"floor":40,"key":"RECALL"},{"data":"Capacitor","floor":42,"key":"SMITH"},{"data":"Capacitor","floor":49,"key":"SMITH"},{"floor":53,"key":"REST"}],"circlet_count":0,"master_deck":["AscendersBane","Defend_B","Defend_B","Defend_B","Defend_B","Zap","Dualcast","Self Repair","Cold Snap","Ball Lightning","Conserve Battery+1","Defragment+1","Cold Snap","Barrage+1","Capacitor+1","Hologram+1","Redo+1","Undo+1","Go for the Eyes+1","Darkness+1","Glacier+1","Defragment+1","Rainbow+1","Echo Form+1","Reboot+1","Conserve Battery+1","Recycle+1","Genetic Algorithm+1","Heatsinks+1","Coolheaded+1","Seek+1","Consume+1","Apotheosis+1","Pain","Capacitor+1","Enlightenment+1","Coolheaded+1"],"relics":["Cracked Core","HornCleat","Art of War","Runic Capacitor","Toxic Egg 2","Bag of Preparation","Incense Burner","Mango","Lee\u0027s Waffle","Potion Belt","MealTicket","Regal Pillow","Sling","Toy Ornithopter","Anchor","InkBottle","Shuriken","Black Star","Dream Catcher","Mummified Hand","Question Card","Singing Bowl","Ancient Tea Set","Kunai","Matryoshka","Cursed Key","Pear","Letter Opener","Akabeko","Omamori","Cables","Ornamental Fan","Bottled Tornado"],"acts_visited":["Exordium","TheCity","TheBeyond","TheEnding"],"potions_floor_usage":[16,18,24,27,33,41,45,51,56,56],"damage_taken":[{"damage":0,"enemies":"Jaw Worm","floor":1,"turns":3},{"damage":0,"enemies":"Cultist","floor":3,"turns":2},{"damage":0,"enemies":"Small Slimes","floor":4,"turns":3},{"damage":0,"enemies":"3 Sentries","floor":7,"turns":5},{"damage":0,"enemies":"Red Slaver","floor":8,"turns":4},{"damage":0,"enemies":"Gremlin Nob","floor":11,"turns":3},{"damage":0,"enemies":"Looter","floor":12,"turns":3},{"damage":0,"enemies":"Blue Slaver","floor":14,"turns":4},{"damage":0,"enemies":"The Guardian","floor":16,"turns":9},{"damage":5,"enemies":"Shell Parasite","floor":18,"turns":4},{"damage":3,"enemies":"Chosen","floor":20,"turns":4},{"damage":0,"enemies":"Snake Plant","floor":21,"turns":7},{"damage":0,"enemies":"Book of Stabbing","floor":24,"turns":5},{"damage":21,"enemies":"Gremlin Leader","floor":27,"turns":6},{"damage":0,"enemies":"Sentry and Sphere","floor":29,"turns":6},{"damage":0,"enemies":"Book of Stabbing","floor":30,"turns":6},{"damage":0,"enemies":"Centurion and Healer","floor":31,"turns":7},{"damage":3,"enemies":"Collector","floor":33,"turns":10},{"damage":0,"enemies":"Orb Walker","floor":35,"turns":4},{"damage":0,"enemies":"3 Shapes","floor":38,"turns":4},{"damage":0,"enemies":"Giant Head","floor":41,"turns":6},{"damage":9,"enemies":"Maw","floor":44,"turns":5},{"damage":4,"enemies":"Jaw Worm Horde","floor":45,"turns":5},{"damage":8,"enemies":"3 Darklings","floor":46,"turns":4},{"damage":6,"enemies":"Sphere and 2 Shapes","floor":48,"turns":4},{"damage":3,"enemies":"Donu and Deca","floor":50,"turns":11},{"damage":22,"enemies":"Awakened One","floor":51,"turns":13},{"damage":14,"enemies":"Shield and Spear","floor":55,"turns":7},{"damage":32,"enemies":"The Heart","floor":56,"turns":14}],"seed_played":"-3109574354300574423","potions_obtained":[{"floor":1,"key":"Weak Potion"},{"floor":4,"key":"SpeedPotion"},{"floor":8,"key":"LiquidBronze"},{"floor":16,"key":"PotionOfCapacity"},{"floor":20,"key":"Fire Potion"},{"floor":24,"key":"EssenceOfDarkness"},{"floor":29,"key":"SkillPotion"},{"floor":30,"key":"PotionOfCapacity"},{"floor":44,"key":"Explosive Potion"},{"floor":46,"key":"Dexterity Potion"}],"is_trial":false,"path_per_floor":["M","?","M","M","?","R","E","M","T","R","E","M","T","M","R","B",null,"M","?","M","M","?","R","E","?","T","E","R","M","E","M","R","B",null,"M","$","?","M","?","R","E","R","T","M","M","M","$","M","R","B","B",null,"R","$","E","B",null],"character_chosen":"DEFECT","items_purchased":["HornCleat","Art of War","Runic Capacitor","Self Repair","Toxic Egg 2","Cold Snap","Bag of Preparation","Incense Burner","Mango","Ball Lightning","Lee\u0027s Waffle","Conserve Battery+1","Potion Belt","Defragment","Cold Snap","MealTicket","Regal Pillow","Barrage","Capacitor","Sling","Toy Ornithopter","Hologram+1","Consume+1","Pear","PowerPotion","Enlightenment+1"],"campfire_rested":1,"item_purchase_floors":[0,0,0,0,0,0,0,0,0,0,0,0,0,0,0,0,0,0,0,0,0,0,36,36,36,47],"current_hp_per_floor":[92,97,97,97,97,97,97,97,97,97,97,97,97,97,97,97,97,97,97,94,94,94,94,97,97,97,78,78,85,92,101,101,101,101,103,113,107,116,116,116,121,121,121,121,123,125,125,121,121,127,109,123,127,127,129,107],"gold":54,"neow_bonus":"","is_daily":false,"chose_seed":false,"campfire_upgraded":8,"win_rate":0.0,"timestamp":1610659320,"path_taken":["M","?","M","M","?","R","E","M","T","R","E","?","?","M","R","BOSS","M","?","?","M","?","R","E","?","T","E","R","M","E","M","R","BOSS","M","$","?","M","?","R","E","R","T","?","M","?","$","M","R","BOSS","BOSS","R","$","E","BOSS"],"items_purchased_type":["Relic","Relic","Relic","Card","Relic","Card","Relic","Relic","Relic","Card","Relic","Card","Relic","Card","Card","Relic","Relic","Card","Card","Relic","Relic","Card","Card","Relic","Potion","Card"],"build_version":"2020-12-22","purchased_purges":2,"victory":true,"max_hp_per_floor":[92,97,97,97,97,97,97,97,97,97,97,97,97,97,97,97,97,97,97,97,97,97,97,97,97,97,99,99,99,99,101,101,101,101,103,113,117,119,119,119,121,121,121,121,123,125,125,127,127,127,127,127,127,127,129,129],"relic_stats":{"Lee\u0027s Waffle":56,"Regal Pillow":0,"Singing Bowl":38,"counters":[181,936],"Bag of Preparation":[104],"Letter Opener":[328],"Question Card":53,"Cursed Key":1,"Cables":[58,26,18,14,0],"Dream Catcher":1,"Shuriken":[64],"Mummified Hand":[358],"Ornamental Fan":[0],"MealTicket":0,"Art of War":[86],"Black Star":5,"Kunai":[23],"obtain_stats":[{"Whetstone":9,"Ginger":0,"Bottled Tornado":55,"Boot":44,"Sling":0,"Old Coin":46,"Blood Vial":30,"Sundial":26,"MealTicket":45,"Fusion Hammer":17,"Kunai":49,"Pear":0,"Blue Candle":24,"Eternal Feather":0,"Pen Nib":46,"Akabeko":30,"Cables":0,"Runic Dome":17,"StrikeDummy":23,"Unceasing Top":0,"Regal Pillow":19,"Lantern":12,"Torii":48,"Singing Bowl":45,"Bag of Preparation":0,"Cursed Key":34,"Ancient Tea Set":28,"Matryoshka":9,"Shovel":38,"Toolbox":0,"Chemical X":0,"InkBottle":43,"Potion Belt":19,"Lee\u0027s Waffle":0,"Inserter":17,"Thread and Needle":0,"PreservedInsect":6,"Omamori":19,"Frozen Egg 2":0,"MawBank":23,"Busted Crown":17,"Ornamental Fan":55,"Orrery":19,"Art of War":41,"Bottled Lightning":13,"Toy Ornithopter":0,"Ice Cream":31,"Calipers":48,"Gremlin Horn":0,"Vajra":55,"Runic Capacitor":5,"Centennial Puzzle":55,"Lizard Tail":36,"HornCleat":26,"DollysMirror":0,"Strawberry":48,"Philosopher\u0027s Stone":34,"Prayer Wheel":0,"Toxic Egg 2":0,"Girya":30,"Happy Flower":41,"Dead Branch":0,"Astrolabe":17,"Oddly Smooth Stone":11,"Letter Opener":41,"War Paint":8,"Question Card":5,"OrangePellets":48,"Bottled Flame":24,"Shuriken":4,"Bronze Scales":0,"Molten Egg 2":27,"Black Star":17,"Symbiotic Virus":43,"Pocketwatch":0,"Meat on the Bone":9,"Darkstone Periapt":10,"SacredBark":34,"Enchiridion":19,"Mango":0,"Incense Burner":9,"Juzu Bracelet":27,"ClockworkSouvenir":31,"Frozen Eye":45,"Nunchaku":27,"Dream Catcher":40,"Emotion Chip":24,"Mummified Hand":11,"Gambling Chip":37,"Pantograph":54,"Tiny Chest":0,"Red Mask":21,"Cracked Core":0,"Runic Pyramid":17,"Orichalcum":4,"Medical Kit":0,"Mercury Hourglass":26,"Peace Pipe":41,"Anchor":7,"DataDisk":29,"CaptainsWheel":0,"Bag of Marbles":45,"Membership Card":0,"FossilizedHelix":54},{"Whetstone":51,"Ginger":73,"Bottled Tornado":180,"Boot":40,"Sling":152,"Old Coin":147,"Blood Vial":16,"Sundial":28,"MealTicket":90,"Fusion Hammer":103,"Kunai":120,"Pear":124,"Blue Candle":28,"Eternal Feather":46,"Pen Nib":41,"Akabeko":109,"Cables":96,"Runic Dome":9,"StrikeDummy":58,"Unceasing Top":73,"Regal Pillow":56,"Lantern":78,"Torii":69,"Singing Bowl":118,"Bag of Preparation":46,"Cursed Key":33,"Ancient Tea Set":86,"Matryoshka":21,"Shovel":114,"Toolbox":124,"Chemical X":46,"InkBottle":39,"Potion Belt":56,"Lee\u0027s Waffle":73,"Inserter":55,"Thread and Needle":124,"PreservedInsect":4,"Omamori":25,"Frozen Egg 2":17,"MawBank":135,"Busted Crown":81,"Ornamental Fan":180,"Orrery":10,"Art of War":144,"Bottled Lightning":7,"Toy Ornithopter":73,"Ice Cream":138,"Calipers":42,"Gremlin Horn":96,"Vajra":72,"Runic Capacitor":98,"Centennial Puzzle":45,"Lizard Tail":141,"HornCleat":28,"DollysMirror":96,"Strawberry":42,"Philosopher\u0027s Stone":111,"Prayer Wheel":124,"Toxic Egg 2":46,"Girya":86,"Happy Flower":90,"Dead Branch":46,"Astrolabe":131,"Oddly Smooth Stone":52,"Letter Opener":173,"War Paint":76,"Question Card":126,"OrangePellets":42,"Bottled Flame":135,"Shuriken":74,"Bronze Scales":124,"Molten Egg 2":29,"Black Star":161,"Symbiotic Virus":66,"Pocketwatch":46,"Meat on the Bone":51,"Darkstone Periapt":52,"SacredBark":87,"Enchiridion":132,"Mango":152,"Incense Burner":76,"Juzu Bracelet":86,"ClockworkSouvenir":86,"Frozen Eye":90,"Nunchaku":14,"Dream Catcher":38,"Emotion Chip":135,"Mummified Hand":128,"Gambling Chip":35,"Pantograph":44,"Tiny Chest":46,"Red Mask":12,"Cracked Core":0,"Runic Pyramid":24,"Orichalcum":2,"Medical Kit":46,"Mercury Hourglass":13,"Peace Pipe":90,"Anchor":21,"DataDisk":30,"CaptainsWheel":46,"Bag of Marbles":67,"Membership Card":17,"FossilizedHelix":150},{"Whetstone":252,"Ginger":395,"Bottled Tornado":922,"Boot":192,"Sling":768,"Old Coin":739,"Blood Vial":72,"Sundial":135,"MealTicket":466,"Fusion Hammer":552,"Kunai":637,"Pear":670,"Blue Candle":135,"Eternal Feather":227,"Pen Nib":196,"Akabeko":580,"Cables":529,"Runic Dome":45,"StrikeDummy":291,"Unceasing Top":395,"Regal Pillow":279,"Lantern":413,"Torii":347,"Singing Bowl":627,"Bag of Preparation":227,"Cursed Key":160,"Ancient Tea Set":447,"Matryoshka":101,"Shovel":604,"Toolbox":670,"Chemical X":227,"InkBottle":185,"Potion Belt":279,"Lee\u0027s Waffle":395,"Inserter":274,"Thread and Needle":670,"PreservedInsect":16,"Omamori":122,"Frozen Egg 2":86,"MawBank":703,"Busted Crown":425,"Ornamental Fan":922,"Orrery":49,"Art of War":730,"Bottled Lightning":25,"Toy Ornithopter":395,"Ice Cream":712,"Calipers":202,"Gremlin Horn":529,"Vajra":385,"Runic Capacitor":533,"Centennial Puzzle":219,"Lizard Tail":723,"HornCleat":135,"DollysMirror":529,"Strawberry":202,"Philosopher\u0027s Stone":592,"Prayer Wheel":670,"Toxic Egg 2":227,"Girya":447,"Happy Flower":466,"Dead Branch":227,"Astrolabe":690,"Oddly Smooth Stone":258,"Letter Opener":873,"War Paint":407,"Question Card":674,"OrangePellets":202,"Bottled Flame":703,"Shuriken":397,"Bronze Scales":670,"Molten Egg 2":137,"Black Star":804,"Symbiotic Virus":334,"Pocketwatch":227,"Meat on the Bone":252,"Darkstone Periapt":258,"SacredBark":454,"Enchiridion":692,"Mango":768,"Incense Burner":407,"Juzu Bracelet":447,"ClockworkSouvenir":447,"Frozen Eye":466,"Nunchaku":63,"Dream Catcher":179,"Emotion Chip":703,"Mummified Hand":681,"Gambling Chip":167,"Pantograph":214,"Tiny Chest":227,"Red Mask":56,"Cracked Core":0,"Runic Pyramid":119,"Orichalcum":8,"Medical Kit":227,"Mercury Hourglass":61,"Peace Pipe":466,"Anchor":101,"DataDisk":143,"CaptainsWheel":227,"Bag of Marbles":339,"Membership Card":86,"FossilizedHelix":755}],"Toy Ornithopter":10,"InkBottle":[66]},"card_choices":[{"not_picked":["Turbo+1","Reprogram+1"],"picked":"Redo+1","floor":1},{"not_picked":["Rip and Tear","Gash"],"picked":"Undo+1","floor":3},{"not_picked":["Redo+1","Beam Cell","Tempest+1"],"picked":"SKIP","floor":4},{"not_picked":["Leap+1","Auto Shields+1"],"picked":"Go for the Eyes","floor":7},{"not_picked":["Blizzard","Streamline"],"picked":"Darkness+1","floor":8},{"not_picked":["Aggregate+1","Barrage"],"picked":"Glacier+1","floor":11},{"not_picked":["Static Discharge","Hologram+1"],"picked":"Defragment","floor":12},{"not_picked":["Capacitor","Conserve Battery+1"],"picked":"Rainbow+1","floor":14},{"not_picked":["Machine Learning","Core Surge"],"picked":"Echo Form","floor":16},{"not_picked":["Steam+1","Darkness+1"],"picked":"Compile Driver","floor":18},{"not_picked":["Leap+1","Beam Cell"],"picked":"Conserve Battery+1","floor":20},{"not_picked":["Gash+1","Sweeping Beam"],"picked":"Recycle+1","floor":21},{"not_picked":["Self Repair","Barrage","Go for the Eyes"],"picked":"SKIP","floor":24},{"not_picked":["Steam+1","Sweeping Beam","Doom and Gloom","Leap+1"],"picked":"Singing Bowl","floor":27},{"not_picked":["Auto Shields+1","Hologram+1","BootSequence+1"],"picked":"Heatsinks","floor":29},{"not_picked":["Thunder Strike","White Noise+1","Steam Power+1"],"picked":"Coolheaded+1","floor":30},{"not_picked":["Go for the Eyes","Sunder","Doom and Gloom","Conserve Battery+1"],"picked":"Singing Bowl","floor":31},{"not_picked":["Machine Learning","All For One","Fission+1"],"picked":"Seek+1","floor":33},{"not_picked":["Tempest+1","Steam+1","Melter","Reprogram+1"],"picked":"Singing Bowl","floor":35},{"not_picked":["Mind Blast","Impatience+1","Trip+1","Jack Of All Trades+1"],"picked":"Singing Bowl","floor":37},{"not_picked":["Chrysalis+1","Trip+1","Mind Blast"],"picked":"Apotheosis+1","floor":37},{"not_picked":["Mayhem","Deep Breath+1","Discovery+1","The Bomb+1"],"picked":"Singing Bowl","floor":37},{"not_picked":["Ball Lightning","Gash","Rebound","Leap+1"],"picked":"Singing Bowl","floor":38},{"not_picked":["Leap+1","Streamline","Doom and Gloom","Conserve Battery+1"],"picked":"Singing Bowl","floor":41},{"not_picked":["Compile Driver","Leap+1","Fusion+1"],"picked":"Capacitor","floor":44},{"not_picked":["Static Discharge","Ball Lightning+1","Gash+1","Leap+1"],"picked":"Singing Bowl","floor":45},{"not_picked":["Barrage","Rip and Tear","Heatsinks","Leap+1"],"picked":"Singing Bowl","floor":46},{"not_picked":["Cold Snap","Ball Lightning","Streamline+1","Rip and Tear"],"picked":"Singing Bowl","floor":48},{"not_picked":["Go for the Eyes","Conserve Battery+1","Barrage"],"picked":"Coolheaded+1","floor":53},{"not_picked":["Leap+1","Scrape","Rainbow+1","Steam+1"],"picked":"Singing Bowl","floor":55}],"player_experience":639254,"relics_obtained":[{"floor":7,"key":"Anchor"},{"floor":9,"key":"InkBottle"},{"floor":11,"key":"Shuriken"},{"floor":24,"key":"Dream Catcher"},{"floor":24,"key":"Mummified Hand"},{"floor":26,"key":"Question Card"},{"floor":27,"key":"Singing Bowl"},{"floor":27,"key":"Ancient Tea Set"},{"floor":30,"key":"Kunai"},{"floor":30,"key":"Matryoshka"},{"floor":41,"key":"Letter Opener"},{"floor":41,"key":"Akabeko"},{"floor":43,"key":"Omamori"},{"floor":43,"key":"Cables"},{"floor":55,"key":"Ornamental Fan"},{"floor":55,"key":"Bottled Tornado"}],"event_choices":[{"damage_healed":0,"gold_gain":0,"player_choice":"Donut","damage_taken":0,"max_hp_gain":5,"max_hp_loss":0,"event_name":"Big Fish","floor":2,"gold_loss":0},{"damage_healed":0,"gold_gain":0,"player_choice":"0 cards matched","damage_taken":0,"max_hp_gain":0,"max_hp_loss":0,"event_name":"Match and Keep!","floor":5,"gold_loss":0,"cards_obtained":[]},{"damage_healed":0,"gold_gain":0,"cards_transformed":["Strike_B"],"player_choice":"Transformed","damage_taken":0,"max_hp_gain":0,"max_hp_loss":0,"event_name":"Transmorgrifier","floor":19,"gold_loss":0,"cards_obtained":["Reboot"]},{"damage_healed":0,"gold_gain":0,"player_choice":"Read","damage_taken":0,"max_hp_gain":0,"max_hp_loss":0,"event_name":"The Library","floor":22,"gold_loss":0,"cards_obtained":["Genetic Algorithm"]},{"cards_removed":["Strike_B"],"damage_healed":0,"gold_gain":0,"player_choice":"Gave Gold","damage_taken":0,"max_hp_gain":0,"max_hp_loss":0,"event_name":"Beggar","floor":25,"gold_loss":75},{"damage_healed":0,"gold_gain":0,"player_choice":"Memory 3","damage_taken":10,"max_hp_gain":0,"max_hp_loss":0,"event_name":"SensoryStone","floor":37,"gold_loss":0},{"cards_removed":["Compile Driver"],"damage_healed":0,"gold_gain":0,"player_choice":"Removed Attack","damage_taken":0,"max_hp_gain":0,"max_hp_loss":0,"event_name":"Falling","floor":39,"gold_loss":0}],"is_beta":false,"boss_relics":[{"not_picked":["Inserter","Fusion Hammer"],"picked":"Black Star"},{"not_picked":["Busted Crown","Pandora\u0027s Box"],"picked":"Cursed Key"}],"items_purged_floors":[0,36],"is_endless":false,"potions_floor_spawned":[1,4,8,16,20,24,29,30,31,44,46,48],"ascension_level":20}}