{"host":"ibonnlq6s1c814xj","time":1610630914,"event":{"mods":["BaseMod","BetterRewards","Good Game Mod","Minty Spire (QoL Compilation)","Shop Mod","【功能Mod】聪明的最终Boss"],"gold_per_floor":[113,113,113,126,145,145,145],"floor_reached":6,"language":"ZHS","playtime":314,"items_purged":["Strike_B"],"score":38,"play_id":"52f356ca-3c6c-4f15-b99d-1a188a9a4ba1","local_time":"20210114212834","is_ascension_mode":true,"campfire_choices":[],"circlet_count":0,"master_deck":["Strike_B","Defend_B","Defend_B","Defend_B","Defend_B","Zap","Dualcast","Seek","Chaos","Metamorphosis","Self Repair","White Noise"],"relics":["Cracked Core","REME:ComplimentaryCards","Omamori","MerchantsRug","Prayer Wheel","Golden Idol"],"acts_visited":["Exordium"],"potions_floor_usage":[6],"damage_taken":[{"damage":0,"enemies":"Cultist","floor":1,"turns":4},{"damage":14,"enemies":"2 Louse","floor":4,"turns":2},{"damage":0,"enemies":"Small Slimes","floor":5,"turns":3},{"damage":31,"enemies":"3 Sentries","floor":6,"turns":6}],"seed_played":"-6028327737569195802","potions_obtained":[{"floor":1,"key":"Block Potion"}],"is_trial":false,"path_per_floor":["M","?","?","M","M","E"],"character_chosen":"DEFECT","items_purchased":["Seek","Omamori","MerchantsRug"],"campfire_rested":0,"item_purchase_floors":[0,0,0],"current_hp_per_floor":[40,40,33,26,26,0,0],"gold":145,"neow_bonus":"","is_daily":false,"chose_seed":false,"campfire_upgraded":0,"win_rate":0.0,"timestamp":1610630914,"path_taken":["M","?","?","M","M","E"],"items_purchased_type":["Card","Relic","Relic"],"build_version":"2020-12-22","purchased_purges":1,"victory":false,"max_hp_per_floor":[75,75,75,75,75,75,75],"card_choices":[{"not_picked":["Go for the Eyes","Darkness"],"picked":"Self Repair","floor":1},{"not_picked":["Compile Driver","Coolheaded","Steam Power"],"picked":"SKIP","floor":1},{"not_picked":["Coolheaded","Recycle","Lockon"],"picked":"SKIP","floor":4},{"not_picked":["Turbo","Compile Driver","Go for the Eyes"],"picked":"SKIP","floor":4},{"not_picked":["Hello World","Lockon"],"picked":"White Noise","floor":5},{"not_picked":["Leap","Redo","Hologram"],"picked":"SKIP","floor":5}],"player_experience":211395,"relics_obtained":[],"event_choices":[{"damage_healed":0,"gold_gain":0,"player_choice":"Take Wound","damage_taken":0,"relics_obtained":["Golden Idol"],"max_hp_gain":0,"max_hp_loss":0,"event_name":"Golden Idol","floor":2,"gold_loss":0,"cards_obtained":["Injury"]},{"cards_removed":["Strike_B"],"damage_healed":0,"gold_gain":0,"player_choice":"Card Removal","damage_taken":7,"max_hp_gain":0,"max_hp_loss":0,"event_name":"Golden Wing","floor":3,"gold_loss":0}],"is_beta":false,"boss_relics":[],"items_purged_floors":[0],"is_endless":false,"potions_floor_spawned":[1],"killed_by":"3 Sentries","ascension_level":1}}