{"host":"q6ff4ns2kep02ti6","time":1610655022,"event":{"mods":["AchievementEnabler","BaseMod","Minty Spire (QoL Compilation)","Relic Stats","StSLib","Unceasing Turn Reminder"],"gold_per_floor":[109,109,109,109,125,125,137,165,165,195,208,239,255,123,123,194,244,254,264,68,84,84,84,84],"floor_reached":23,"language":"ENG","playtime":1482,"items_purged":["Strike_R"],"score":426,"play_id":"f3239bb5-d713-4a72-a7ad-7175fd19efb0","local_time":"20210114211022","is_ascension_mode":true,"campfire_choices":[{"data":"Twin Strike","floor":6,"key":"SMITH"},{"data":"Demon Form","floor":15,"key":"SMITH"}],"circlet_count":0,"master_deck":["AscendersBane","Strike_R","Strike_R+1","Strike_R","Strike_R+1","Defend_R","Defend_R","Defend_R","Bash","Armaments+1","Twin Strike+1","Demon Form+1","Shrug It Off+1","Pommel Strike","Immolate","Shrug It Off","Violence","Power Through+1"],"relics":["Burning Blood","NeowsBlessing","Bottled Lightning","Meat on the Bone","Whetstone","Nunchaku","Tiny House"],"acts_visited":["Exordium","TheCity"],"potions_floor_usage":[10,14,16,22,23],"damage_taken":[{"damage":0,"enemies":"Jaw Worm","floor":1,"turns":1},{"damage":0,"enemies":"2 Louse","floor":5,"turns":2},{"damage":0,"enemies":"Small Slimes","floor":7,"turns":1},{"damage":31,"enemies":"Lagavulin","floor":8,"turns":7},{"damage":22,"enemies":"3 Sentries","floor":10,"turns":9},{"damage":9,"enemies":"2 Fungi Beasts","floor":11,"turns":3},{"damage":32,"enemies":"Gremlin Nob","floor":12,"turns":4},{"damage":14,"enemies":"3 Louse","floor":13,"turns":4},{"damage":38,"enemies":"Slime Boss","floor":16,"turns":8},{"damage":23,"enemies":"2 Thieves","floor":18,"turns":3},{"damage":18,"enemies":"Chosen","floor":19,"turns":5},{"damage":41,"enemies":"3 Cultists","floor":21,"turns":6},{"damage":32,"enemies":"Chosen and Byrds","floor":22,"turns":7},{"damage":22,"enemies":"Slavers","floor":23,"turns":2}],"seed_played":"-6622124918134489844","potions_obtained":[{"floor":7,"key":"Fire Potion"},{"floor":10,"key":"Explosive Potion"},{"floor":12,"key":"Fruit Juice"},{"floor":17,"key":"SmokeBomb"},{"floor":18,"key":"PowerPotion"}],"is_trial":false,"path_per_floor":["M","?","?","?","M","R","M","E","T","E","M","E","M","$","R","B",null,"M","M","$","M","M","E"],"character_chosen":"IRONCLAD","items_purchased":["FearPotion","Violence"],"campfire_rested":0,"item_purchase_floors":[14,20],"current_hp_per_floor":[74,67,72,72,78,78,80,55,55,51,48,34,38,43,43,23,75,58,58,58,35,21,0,0],"gold":84,"neow_bonus":"THREE_ENEMY_KILL","is_daily":false,"chose_seed":false,"campfire_upgraded":2,"win_rate":0.0,"timestamp":1610655022,"path_taken":["M","?","?","?","M","R","?","E","T","E","M","E","M","$","R","BOSS","M","M","$","M","M","E"],"items_purchased_type":["Potion","Card"],"build_version":"2020-12-22","purchased_purges":1,"victory":false,"max_hp_per_floor":[75,75,80,80,80,80,80,80,80,80,80,80,80,85,85,85,90,90,90,90,90,90,90,90],"relic_stats":{"Nunchaku":[4],"counters":[14,62],"Whetstone":["Strike_R","Strike_R"],"obtain_stats":[{"Nunchaku":12,"Tiny House":17,"NeowsBlessing":0,"Bottled Lightning":8,"Whetstone":10,"Burning Blood":0,"Meat on the Bone":9},{"Nunchaku":7,"Tiny House":9,"NeowsBlessing":0,"Bottled Lightning":4,"Whetstone":5,"Burning Blood":0,"Meat on the Bone":4},{"Nunchaku":27,"Tiny House":39,"NeowsBlessing":0,"Bottled Lightning":11,"Whetstone":20,"Burning Blood":0,"Meat on the Bone":11}],"Burning Blood":74,"Meat on the Bone":84},"card_choices":[{"not_picked":["Havoc","Rupture"],"picked":"Armaments","floor":1},{"not_picked":["Flex","Sword Boomerang"],"picked":"Twin Strike","floor":5},{"not_picked":["Blood for Blood","Rage","Thunderclap"],"picked":"SKIP","floor":7},{"not_picked":["Reckless Charge","Body Slam","Dropkick"],"picked":"SKIP","floor":8},{"not_picked":["Shrug It Off","Warcry"],"picked":"Demon Form","floor":10},{"not_picked":["Anger","Seeing Red"],"picked":"Shrug It Off","floor":11},{"not_picked":["True Grit","Power Through","Twin Strike"],"picked":"SKIP","floor":12},{"not_picked":["Warcry","Entrench"],"picked":"Pommel Strike","floor":13},{"not_picked":["Juggernaut","Reaper"],"picked":"Immolate","floor":16},{"not_picked":["Pommel Strike","Seeing Red"],"picked":"Shrug It Off","floor":18},{"not_picked":["Twin Strike","Shrug It Off","Rampage"],"picked":"SKIP","floor":19},{"not_picked":["True Grit","Perfected Strike"],"picked":"Power Through+1","floor":21}],"player_experience":937048,"relics_obtained":[{"floor":8,"key":"Bottled Lightning"},{"floor":9,"key":"Meat on the Bone"},{"floor":10,"key":"Whetstone"},{"floor":12,"key":"Nunchaku"}],"event_choices":[{"cards_removed":["Defend_R"],"damage_healed":0,"gold_gain":0,"player_choice":"Card Removal","damage_taken":7,"max_hp_gain":0,"max_hp_loss":0,"event_name":"Golden Wing","floor":2,"gold_loss":0},{"damage_healed":0,"gold_gain":0,"player_choice":"Donut","damage_taken":0,"max_hp_gain":5,"max_hp_loss":0,"event_name":"Big Fish","floor":3,"gold_loss":0},{"damage_healed":0,"gold_gain":0,"player_choice":"Grow","damage_taken":0,"max_hp_gain":0,"max_hp_loss":0,"event_name":"Living Wall","floor":4,"gold_loss":0,"cards_upgraded":["Armaments"]}],"is_beta":false,"boss_relics":[{"not_picked":["Sozu","Runic Dome"],"picked":"Tiny House"}],"items_purged_floors":[14],"is_endless":false,"potions_floor_spawned":[7,10,12,18,22],"killed_by":"Slavers","ascension_level":20}}