{"host":"g01l53quoe6lrer0","time":1610637667,"event":{"mods":["2.2 Compatiblity","AchievementEnabler","BaseMod","Colored Map","Highlight Path","Keyboard Shortcuts","Minty Spire (QoL Compilation)","Permanent Neow","StSLib","SuperFastMode","everything is the same but u backflip on backflip"],"gold_per_floor":[113,113,113,125,125,125,150,150,150,169,169,6,16,31,31,103,103,119,119,119,133,149,149,160,174,174,174,174,193,193,25,25,104,104,122,69,9,29,49,49,66,85,85,98,28,39,39,70,70,70],"floor_reached":51,"language":"KOR","playtime":3940,"items_purged":["Coolheaded"],"score":1161,"play_id":"a2f854b5-7dbb-4bbe-a53e-3bdb35e1cb0f","local_time":"20210115002107","is_ascension_mode":true,"campfire_choices":[{"data":"Dualcast","floor":6.0,"key":"SMITH"},{"data":"Redo","floor":8.0,"key":"SMITH"},{"data":"Consume","floor":15.0,"key":"SMITH"},{"floor":23.0,"key":"REST"},{"data":"Buffer","floor":27.0,"key":"SMITH"},{"floor":30.0,"key":"REST"},{"floor":32.0,"key":"REST"},{"data":"Capacitor","floor":40.0,"key":"SMITH"},{"floor":47.0,"key":"REST"},{"floor":49,"key":"REST"}],"circlet_count":0,"master_deck":["AscendersBane","Zap+1","Dualcast+1","Static Discharge","Double Energy+1","Redo+1","Glacier","Consume+1","Darkness","Reboot+1","Ball Lightning","Buffer+1","Streamline","Force Field","Reinforced Body+1","FTL","Coolheaded","Undo","Capacitor+1","Coolheaded+1","Aggregate","Meteor Strike","Thunder Strike","CurseOfTheBell","Defragment+1","Stack","Capacitor+1","Barrage+1","Glacier","Parasite","Go for the Eyes","Echo Form","Redo+1"],"relics":["Cracked Core","Nunchaku","Mango","Incense Burner","Lee\u0027s Waffle","Pandora\u0027s Box","Blue Candle","Akabeko","Calling Bell","War Paint","The Courier","Thread and Needle","Shuriken","Mummified Hand","Happy Flower"],"acts_visited":["Exordium","TheCity","TheBeyond"],"potions_floor_usage":[50],"damage_taken":[{"damage":1.0,"enemies":"Cultist","floor":1.0,"turns":4.0},{"damage":2.0,"enemies":"Small Slimes","floor":4.0,"turns":3.0},{"damage":14.0,"enemies":"Lagavulin","floor":7.0,"turns":8.0},{"damage":3.0,"enemies":"Jaw Worm","floor":10.0,"turns":4.0},{"damage":0.0,"enemies":"Blue Slaver","floor":13.0,"turns":5.0},{"damage":0.0,"enemies":"Exordium Wildlife","floor":14.0,"turns":3.0},{"damage":23.0,"enemies":"Slime Boss","floor":16.0,"turns":12.0},{"damage":10.0,"enemies":"Chosen","floor":18.0,"turns":3.0},{"damage":0.0,"enemies":"Shell Parasite","floor":21.0,"turns":6.0},{"damage":31.0,"enemies":"Cultist and Chosen","floor":22.0,"turns":6.0},{"damage":4.0,"enemies":"Snake Plant","floor":24.0,"turns":4.0},{"damage":3.0,"enemies":"Centurion and Healer","floor":25.0,"turns":7.0},{"damage":7.0,"enemies":"Colosseum Slavers","floor":28.0,"turns":6.0},{"damage":11.0,"enemies":"Shelled Parasite and Fungi","floor":29.0,"turns":5.0},{"damage":48.0,"enemies":"Automaton","floor":33.0,"turns":15.0},{"damage":14.0,"enemies":"3 Shapes","floor":35.0,"turns":7.0},{"damage":2.0,"enemies":"3 Darklings","floor":38.0,"turns":9.0},{"damage":2.0,"enemies":"Sphere and 2 Shapes","floor":39.0,"turns":12.0},{"damage":0.0,"enemies":"Transient","floor":41.0,"turns":5.0},{"damage":9.0,"enemies":"Spire Growth","floor":42.0,"turns":7.0},{"damage":0.0,"enemies":"Writhing Mass","floor":44.0,"turns":8.0},{"damage":0.0,"enemies":"Transient","floor":46.0,"turns":5.0},{"damage":12.0,"enemies":"Reptomancer","floor":48.0,"turns":8.0},{"damage":32,"enemies":"Awakened One","floor":50,"turns":15}],"seed_played":"2333814594917664429","potions_obtained":[{"floor":4.0,"key":"SkillPotion"},{"floor":13.0,"key":"LiquidBronze"},{"floor":16.0,"key":"EssenceOfSteel"},{"floor":18.0,"key":"PotionOfCapacity"},{"floor":24.0,"key":"Swift Potion"},{"floor":29.0,"key":"SkillPotion"},{"floor":38.0,"key":"ColorlessPotion"},{"floor":41.0,"key":"Fire Potion"},{"floor":46.0,"key":"PowerPotion"},{"floor":48,"key":"LiquidBronze"}],"is_trial":false,"path_per_floor":["M","?","?","M","T","R","E","R","T","M","?","$","M","M","R","B",null,"M","?","T","M","M","R","M","M","T","R","?","M","R","$","R","B",null,"M","?","$","M","M","R","M","M","T","M","$","M","R","E","R","B",null],"character_chosen":"DEFECT","items_purchased":["Lee\u0027s Waffle","Meteor Strike","Go for the Eyes","ColorlessPotion"],"campfire_rested":5,"item_purchase_floors":[12,31,45,45],"current_hp_per_floor":[63,42,42,40,40,40,40,40,40,37,37,92,92,92,92,69,86,76,49,49,49,18,47,43,40,40,40,33,22,51,51,80,32,81,67,67,67,65,63,63,63,54,54,54,54,54,83,71,97,65],"gold":70,"neow_bonus":"REMOVE_CARD","is_daily":false,"chose_seed":false,"campfire_upgraded":5,"win_rate":0.0,"timestamp":1610637667,"path_taken":["M","?","?","?","?","R","E","R","T","M","?","$","M","M","R","BOSS","M","?","?","M","M","R","M","M","T","R","?","M","R","$","R","BOSS","M","?","$","M","M","R","M","M","T","M","?","M","R","E","R","BOSS"],"items_purchased_type":["Relic","Card","Card","Potion"],"build_version":"2020-12-22","purchased_purges":1,"victory":true,"max_hp_per_floor":[71,71,71,71,71,71,85,85,85,85,85,92,92,92,92,92,92,92,97,97,97,97,97,97,97,97,97,97,97,97,97,97,97,97,97,97,97,97,97,97,97,97,97,97,97,97,97,97,97,97],"card_choices":[{"not_picked":["Barrage","Steam"],"picked":"Static Discharge","floor":1.0},{"not_picked":["Compile Driver","Coolheaded"],"picked":"Double Energy","floor":4.0},{"not_picked":["Steam","Scrape"],"picked":"Redo","floor":7.0},{"not_picked":["Undo","Loop"],"picked":"Glacier","floor":10.0},{"not_picked":["Coolheaded","Rebound"],"picked":"Consume","floor":13.0},{"not_picked":["Compile Driver","Self Repair"],"picked":"Darkness","floor":14.0},{"not_picked":["Hyperbeam","Fission"],"picked":"Reboot","floor":16.0},{"not_picked":["Go for the Eyes","Lockon","Doom and Gloom"],"picked":"SKIP","floor":18.0},{"not_picked":["Redo","Genetic Algorithm+1"],"picked":"Coolheaded","floor":21.0},{"not_picked":["Steam","Gash+1"],"picked":"Undo","floor":22.0},{"not_picked":["Cold Snap","Tempest"],"picked":"Capacitor","floor":24.0},{"not_picked":["Undo+1","Sweeping Beam"],"picked":"Coolheaded+1","floor":25.0},{"not_picked":["Genetic Algorithm","Go for the Eyes"],"picked":"Aggregate","floor":29.0},{"not_picked":["Biased Cognition","Rainbow"],"picked":"Thunder Strike","floor":33.0},{"not_picked":["Steam","Blizzard+1"],"picked":"Defragment+1","floor":35.0},{"not_picked":["BootSequence+1","Melter"],"picked":"Stack","floor":38.0},{"not_picked":["Barrage","Cold Snap"],"picked":"Capacitor+1","floor":39.0},{"not_picked":["Compile Driver","BootSequence"],"picked":"Barrage+1","floor":41.0},{"not_picked":["Streamline","Conserve Battery+1"],"picked":"Glacier","floor":42.0},{"not_picked":["Beam Cell","Cold Snap","Genetic Algorithm"],"picked":"SKIP","floor":44.0},{"not_picked":["Beam Cell","Reprogram+1"],"picked":"Echo Form","floor":46.0},{"not_picked":["White Noise","Darkness"],"picked":"Redo+1","floor":48}],"player_experience":190065,"relics_obtained":[{"floor":5.0,"key":"Nunchaku"},{"floor":7.0,"key":"Mango"},{"floor":9.0,"key":"Incense Burner"},{"floor":20.0,"key":"Blue Candle"},{"floor":26.0,"key":"Akabeko"},{"floor":34.0,"key":"War Paint"},{"floor":34.0,"key":"The Courier"},{"floor":34.0,"key":"Thread and Needle"},{"floor":43.0,"key":"Mummified Hand"},{"floor":48,"key":"Happy Flower"}],"event_choices":[{"damage_healed":0.0,"max_hp_gain":0.0,"max_hp_loss":0.0,"gold_gain":0.0,"event_name":"Shining Light","player_choice":"Entered Light","floor":2.0,"gold_loss":0.0,"damage_taken":21.0,"cards_upgraded":["Strike_B","Defend_B"]},{"damage_healed":0.0,"max_hp_gain":0.0,"max_hp_loss":0.0,"gold_gain":0.0,"event_name":"Upgrade Shrine","player_choice":"Upgraded","floor":3.0,"gold_loss":0.0,"damage_taken":0.0,"cards_upgraded":["Zap"]},{"damage_healed":0.0,"max_hp_gain":0.0,"max_hp_loss":0.0,"gold_gain":0.0,"event_name":"Living Wall","player_choice":"Grow","floor":11.0,"gold_loss":0.0,"damage_taken":0.0,"cards_upgraded":["Double Energy"]},{"damage_healed":0.0,"max_hp_gain":5.0,"max_hp_loss":0.0,"gold_gain":0.0,"event_name":"Forgotten Altar","player_choice":"Shed Blood","floor":19.0,"gold_loss":0.0,"damage_taken":32.0},{"damage_healed":0.0,"max_hp_gain":0.0,"max_hp_loss":0.0,"gold_gain":0.0,"event_name":"Colosseum","player_choice":"Fight","floor":28.0,"gold_loss":0.0,"damage_taken":0.0},{"damage_healed":0.0,"max_hp_gain":0.0,"max_hp_loss":0.0,"gold_gain":0.0,"event_name":"Colosseum","player_choice":"Fled From Nobs","floor":28.0,"gold_loss":0.0,"damage_taken":0.0},{"damage_healed":0.0,"max_hp_gain":0.0,"max_hp_loss":0.0,"gold_gain":0.0,"event_name":"WeMeetAgain","player_choice":"Paid Gold","floor":36.0,"gold_loss":53.0,"damage_taken":0.0,"relics_obtained":["Shuriken"]}],"is_beta":false,"boss_relics":[{"not_picked":["Runic Dome","Fusion Hammer"],"picked":"Pandora\u0027s Box"},{"not_picked":["Black Star","SlaversCollar"],"picked":"Calling Bell"}],"items_purged_floors":[37],"is_endless":false,"potions_floor_spawned":[4,13,16,18,21,24,29,38,41,46,48],"ascension_level":16}}