{"host":"q6ff4ns2kep02ti6","time":1610652187,"event":{"mods":["AchievementEnabler","BaseMod","Minty Spire (QoL Compilation)","Relic Stats","StSLib","Unceasing Turn Reminder"],"gold_per_floor":[118,118,129,140,155,155,168,202,202,228,239,165,165,2,2,79,79,99,19,30,30,30],"floor_reached":21,"language":"ENG","playtime":1726,"items_purged":[],"score":382,"play_id":"b7385083-8a0b-4e7a-bdeb-701330f433db","local_time":"20210114202307","is_ascension_mode":true,"campfire_choices":[{"data":"Immolate","floor":6,"key":"SMITH"},{"floor":15,"key":"REST"}],"circlet_count":0,"master_deck":["AscendersBane","Strike_R","Strike_R","Strike_R","Strike_R","Strike_R","Defend_R","Defend_R","Defend_R","Defend_R","Bash","Pommel Strike","Sword Boomerang","Feel No Pain","Immolate+1","Warcry","Battle Trance","Clumsy","Fiend Fire","Discovery","Feed","Feel No Pain"],"relics":["Black Star","Art of War","Potion Belt","Toy Ornithopter","Sundial","Question Card","SlaversCollar"],"acts_visited":["Exordium","TheCity"],"potions_floor_usage":[8,10,16,16],"damage_taken":[{"damage":4,"enemies":"2 Louse","floor":1,"turns":4},{"damage":3,"enemies":"Small Slimes","floor":3,"turns":3},{"damage":1,"enemies":"Cultist","floor":4,"turns":3},{"damage":21,"enemies":"Large Slime","floor":5,"turns":6},{"damage":6,"enemies":"2 Fungi Beasts","floor":7,"turns":2},{"damage":10,"enemies":"3 Sentries","floor":8,"turns":5},{"damage":20,"enemies":"Lagavulin","floor":10,"turns":5},{"damage":6,"enemies":"Looter","floor":11,"turns":2},{"damage":28,"enemies":"Slime Boss","floor":16,"turns":10},{"damage":30,"enemies":"2 Thieves","floor":18,"turns":3},{"damage":25,"enemies":"Shell Parasite","floor":20,"turns":5},{"damage":11,"enemies":"Snake Plant","floor":21,"turns":1}],"seed_played":"1926176174824696558","potions_obtained":[{"floor":3,"key":"Block Potion"},{"floor":4,"key":"Energy Potion"},{"floor":8,"key":"ElixirPotion"}],"is_trial":false,"path_per_floor":["M","?","M","M","M","R","M","E","T","E","M","?","?","$","R","B",null,"M","$","M","M"],"character_chosen":"IRONCLAD","items_purchased":["Discovery","Dexterity Potion","Feel No Pain"],"campfire_rested":1,"item_purchase_floors":[14,14,19],"current_hp_per_floor":[64,69,66,65,44,44,38,28,28,13,7,7,7,7,31,13,63,33,33,8,0,0],"gold":30,"neow_bonus":"BOSS_RELIC","is_daily":false,"chose_seed":false,"campfire_upgraded":1,"win_rate":0.0,"timestamp":1610652187,"path_taken":["M","?","M","M","M","R","M","E","T","E","M","?","?","$","R","BOSS","M","?","M","M"],"items_purchased_type":["Card","Potion","Card"],"build_version":"2020-12-22","purchased_purges":0,"victory":false,"max_hp_per_floor":[75,80,80,80,80,80,80,80,80,80,80,80,80,80,80,80,80,80,80,80,80,80],"relic_stats":{"counters":[12,49],"Sundial":[2],"Black Star":2,"Art of War":[2],"Question Card":4,"obtain_stats":[{"Potion Belt":8,"SlaversCollar":17,"Sundial":10,"Black Star":0,"Art of War":8,"Question Card":10,"Burning Blood":0,"Toy Ornithopter":9},{"Potion Belt":6,"SlaversCollar":9,"Sundial":7,"Black Star":0,"Art of War":6,"Question Card":7,"Burning Blood":0,"Toy Ornithopter":6},{"Potion Belt":23,"SlaversCollar":40,"Sundial":28,"Black Star":0,"Art of War":23,"Question Card":28,"Burning Blood":0,"Toy Ornithopter":23}],"Toy Ornithopter":15},"card_choices":[{"not_picked":["Iron Wave","Infernal Blade"],"picked":"Pommel Strike","floor":1},{"not_picked":["Perfected Strike","Rage"],"picked":"Sword Boomerang","floor":3},{"not_picked":["Clothesline","Wild Strike"],"picked":"Feel No Pain","floor":4},{"not_picked":["True Grit","Sever Soul"],"picked":"Immolate","floor":5},{"not_picked":["Cleave","Metallicize"],"picked":"Warcry","floor":7},{"not_picked":["Pommel Strike","Sword Boomerang"],"picked":"Battle Trance","floor":8},{"not_picked":["Fire Breathing","Rage","Havoc"],"picked":"SKIP","floor":10},{"not_picked":["Uppercut","Pommel Strike","Bloodletting","Body Slam"],"picked":"SKIP","floor":11},{"not_picked":["Demon Form","Barricade","Offering"],"picked":"Feed","floor":16},{"not_picked":["Thunderclap","Fire Breathing","Armaments","Iron Wave"],"picked":"SKIP","floor":18},{"not_picked":["Pommel Strike","Clothesline","Cleave","Headbutt"],"picked":"SKIP","floor":20}],"player_experience":934001,"relics_obtained":[{"floor":8,"key":"Art of War"},{"floor":8,"key":"Potion Belt"},{"floor":9,"key":"Toy Ornithopter"},{"floor":10,"key":"Sundial"},{"floor":10,"key":"Question Card"}],"event_choices":[{"damage_healed":0,"gold_gain":0,"player_choice":"Donut","damage_taken":0,"max_hp_gain":5,"max_hp_loss":0,"event_name":"Big Fish","floor":2,"gold_loss":0},{"damage_healed":0,"gold_gain":0,"player_choice":"Left Gold","damage_taken":0,"max_hp_gain":0,"max_hp_loss":0,"event_name":"World of Goop","floor":12,"gold_loss":74},{"damage_healed":0,"gold_gain":0,"player_choice":"2 cards matched","damage_taken":0,"max_hp_gain":0,"max_hp_loss":0,"event_name":"Match and Keep!","floor":13,"gold_loss":0,"cards_obtained":["Clumsy","Fiend Fire"]},{"damage_healed":0,"gold_gain":0,"player_choice":"2 cards matched","damage_taken":0,"max_hp_gain":0,"max_hp_loss":0,"event_name":"Match and Keep!","floor":13,"gold_loss":0,"cards_obtained":["Clumsy","Fiend Fire"]}],"is_beta":false,"boss_relics":[{"not_picked":["Runic Dome","Runic Pyramid"],"picked":"SlaversCollar"}],"items_purged_floors":[],"is_endless":false,"potions_floor_spawned":[3,4,8],"killed_by":"Snake Plant","ascension_level":20}}