{"host":"mmro3auxcbu5pwad","time":1610640462,"event":{"mods":["Aspiration","BaseMod","Conspire","Energized Spire","Halation","Hubris","Infinite Spire","Minty Spire (QoL Compilation)","Permanent Neow","Replay The Spire","StSLib","vexMod"],"gold_per_floor":[114,134,134,59,79,112,112,58,105,125,125,125,125,137,137,234,234,234,234],"floor_reached":18,"language":"ENG","playtime":472,"items_purged":["Strike_B"],"score":168,"play_id":"86f4f8d1-08b4-4644-84af-e40f0f3410a2","local_time":"20210114170742","is_ascension_mode":true,"campfire_choices":[{"data":"Zap","floor":7,"key":"SMITH"},{"floor":11,"key":"REST"},{"floor":15,"key":"REST"}],"circlet_count":0,"master_deck":["Strike_B","Strike_B","Strike_B","Defend_B","Defend_B","Defend_B","Defend_B","Zap","Dualcast","Ball Lightning","Sweeping Beam","Zap+1","Capacitor","Auto Shields","Lockon","Lockon","Buffer"],"relics":["Cracked Core","aspiration:Nostalgia","Replay:M_SmolderingBlood","Replay:Rubber Ducky","Omamori","GremlinMask","Black Star"],"acts_visited":["Exordium","TheCity"],"potions_floor_usage":[16,18],"damage_taken":[{"damage":0,"enemies":"Cultist","floor":1,"turns":3},{"damage":0,"enemies":"Small Slimes","floor":2,"turns":2},{"damage":9,"enemies":"2 Louse","floor":5,"turns":2},{"damage":40,"enemies":"3 Sentries","floor":6,"turns":7},{"damage":7,"enemies":"Lots of Slimes","floor":10,"turns":3},{"damage":18,"enemies":"Gremlin Gang","floor":14,"turns":4},{"damage":20,"enemies":"The Guardian","floor":16,"turns":9},{"damage":0,"enemies":"3 Byrds","floor":18,"turns":2}],"seed_played":"-7838035341423356911","potions_obtained":[{"floor":1,"key":"BlessingOfTheForge"},{"floor":14,"key":"Explosive Potion"},{"floor":16,"key":"Venom Potion"}],"is_trial":false,"path_per_floor":["M","M","?","$","M","E","R","$","T","M","R","T","?","M","R","B",null,"M"],"character_chosen":"DEFECT","items_purchased":["Lockon"],"campfire_rested":2,"item_purchase_floors":[8],"current_hp_per_floor":[75,75,75,75,66,26,26,26,26,19,41,41,41,23,45,25,75,75,75],"gold":234,"neow_bonus":"NOSTALGIA","is_daily":false,"chose_seed":false,"campfire_upgraded":1,"win_rate":0.0,"timestamp":1610640462,"path_taken":["M","?","?","?","?","E","R","$","T","?","R","?","?","M","R","BOSS","M"],"items_purchased_type":["Card"],"build_version":"2020-12-22","purchased_purges":1,"victory":false,"max_hp_per_floor":[75,75,75,75,75,75,75,75,75,75,75,75,75,75,75,75,75,75,75],"card_choices":[{"not_picked":["Halt","Sweeping Beam"],"picked":"Ball Lightning","floor":1},{"not_picked":["Turbo","ReplayGash"],"picked":"Sweeping Beam","floor":2},{"not_picked":["FIFO Queue","Compile Driver"],"picked":"Capacitor","floor":5},{"not_picked":["hubris:Ukulele","Redo"],"picked":"Auto Shields","floor":6},{"not_picked":["Storm","Consume","conspire:SharedLibrary"],"picked":"SKIP","floor":10},{"not_picked":["Infernal Blade","Genetic Algorithm","Steam Power"],"picked":"SKIP","floor":14},{"not_picked":["Core Surge","Mirror Shield"],"picked":"Buffer","floor":16}],"player_experience":40493,"relics_obtained":[{"floor":6,"key":"Replay:Rubber Ducky"},{"floor":12,"key":"Omamori"}],"event_choices":[{"damage_healed":0,"gold_gain":0,"player_choice":"1 cards matched","damage_taken":0,"max_hp_gain":0,"max_hp_loss":0,"event_name":"Match and Keep!","floor":3,"gold_loss":0,"cards_obtained":["Zap"]},{"damage_healed":0,"gold_gain":0,"player_choice":"Trade","damage_taken":0,"relics_obtained":["GremlinMask"],"max_hp_gain":0,"max_hp_loss":0,"event_name":"FaceTrader","floor":13,"gold_loss":0}],"is_beta":false,"boss_relics":[{"not_picked":["infinitespire:Cupcake","Ring of Chaos"],"picked":"Black Star"}],"items_purged_floors":[4],"is_endless":false,"potions_floor_spawned":[1,14,16],"killed_by":"3 Byrds","ascension_level":1}}