{"host":"qvl114e0jmbc6yhm","time":1610585887,"event":{"mods":["Act Like it!","BaseMod","Hermit","Highlight Path","Hubris","Jedi Mod","Marisa????????","Marked Mod","Minty Spire (QoL Compilation)","Permanent Neow","Random Character Button","Relic Sorter","Relic Stats","Replay The Spire","Shop Mod","Spicy Shops","StSLib","The Jungle","The Runesmith"],"gold_per_floor":[213,163,181,271,288,321,321,332,378,412,425,140,140,168,168,244,244,261,261,279,295,39,39,39],"floor_reached":23,"language":"ENG","playtime":1107,"items_purged":["Strike_R"],"score":401,"play_id":"4d2432f8-c7ec-44b5-99df-55a4d9d00157","local_time":"20210113195807","is_ascension_mode":true,"campfire_choices":[{"data":"Bash","floor":7.0,"key":"SMITH"},{"data":"Battle Trance","floor":13.0,"key":"SMITH"},{"data":"Demon Form","floor":15.0,"key":"SMITH"}],"circlet_count":0,"master_deck":["AscendersBane","Strike_R","Strike_R","Strike_R","Defend_R+1","Defend_R","Defend_R+1","Defend_R","Bash+1","ReplayTheSpireMod:Muscle Training","Sword Boomerang","Flame Barrier","Cleave","Battle Trance+1","Demon Form+1","True Grit+1","Ghostly Armor","Replay:ManipulateFuture"],"relics":["Burning Blood","War Paint","Bronze Scales","Replay:Rubber Ducky","Golden Egg","ClockworkSouvenir","Happy Flower","Replay:Bronze Core","Membership Card","ReplayTheSpireMod:Lightbulb"],"acts_visited":["Exordium","TheCity"],"potions_floor_usage":[23,23],"damage_taken":[{"damage":8.0,"enemies":"Small Slimes","floor":1.0,"turns":6.0},{"damage":17.0,"enemies":"Jaw Worm","floor":3.0,"turns":5.0},{"damage":6.0,"enemies":"Cultist","floor":5.0,"turns":4.0},{"damage":13.0,"enemies":"Gremlin Nob","floor":6.0,"turns":2.0},{"damage":10.0,"enemies":"3 Louse","floor":8.0,"turns":3.0},{"damage":5.0,"enemies":"Lagavulin","floor":10.0,"turns":6.0},{"damage":7.0,"enemies":"Lots of Slimes","floor":11.0,"turns":3.0},{"damage":8.0,"enemies":"3 Sentries","floor":14.0,"turns":7.0},{"damage":17.0,"enemies":"The Guardian","floor":16.0,"turns":10.0},{"damage":7,"enemies":"Chosen","floor":18,"turns":6},{"damage":0,"enemies":"3 Byrds","floor":20,"turns":3},{"damage":12,"enemies":"Cultist and Chosen","floor":21,"turns":6},{"damage":60,"enemies":"Book of Stabbing","floor":23,"turns":7}],"seed_played":"-984103107948482890","potions_obtained":[{"floor":1.0,"key":"Swift Potion"},{"floor":3.0,"key":"Milkshake"},{"floor":5.0,"key":"Death Potion"},{"floor":11.0,"key":"Explosive Potion"},{"floor":21,"key":"ColorlessPotion"}],"is_trial":false,"path_per_floor":["M","?","M","?","M","E","R","M","T","E","M","$","R","E","R","B",null,"M","?","M","M","$","E"],"character_chosen":"IRONCLAD","items_purchased":["ClockworkSouvenir","True Grit","Membership Card","ReplayTheSpireMod:Lightbulb"],"campfire_rested":0,"item_purchase_floors":[12,12,22,22],"current_hp_per_floor":[66,66,55,55,55,48,48,44,44,45,44,44,44,42,42,31,64,63,63,69,63,63,3,3],"gold":39,"neow_bonus":"HUNDRED_GOLD","is_daily":false,"chose_seed":false,"campfire_upgraded":3,"win_rate":0.0,"timestamp":1610585887,"path_taken":["M","?","M","?","M","E","R","?","T","E","M","$","R","E","R","BOSS","M","?","M","M","$","E"],"items_purchased_type":["Relic","Card","Relic","Relic"],"build_version":"2020-12-22","purchased_purges":1,"victory":false,"max_hp_per_floor":[75,75,75,75,75,75,75,75,75,75,75,75,75,75,75,75,75,75,75,75,75,75,75,75],"relic_stats":{"Happy Flower":[10],"counters":[13,68],"Bronze Scales":[271],"War Paint":["Defend_R","Defend_R"],"obtain_stats":[{"Golden Egg":10,"Happy Flower":14,"Bronze Scales":6,"Replay:Bronze Core":17,"Membership Card":22,"War Paint":4,"ReplayTheSpireMod:Lightbulb":22,"Burning Blood":0,"Replay:Rubber Ducky":9,"ClockworkSouvenir":12},{"Golden Egg":6,"Happy Flower":8,"Bronze Scales":4,"Replay:Bronze Core":9,"Membership Card":12,"War Paint":2,"ReplayTheSpireMod:Lightbulb":12,"Burning Blood":0,"Replay:Rubber Ducky":5,"ClockworkSouvenir":7},{"Golden Egg":26,"Happy Flower":36,"Bronze Scales":17,"Replay:Bronze Core":46,"Membership Card":61,"War Paint":11,"ReplayTheSpireMod:Lightbulb":61,"Burning Blood":0,"Replay:Rubber Ducky":20,"ClockworkSouvenir":29}],"Burning Blood":72},"card_choices":[{"not_picked":["Inflame","jedi:collectorstrike"],"picked":"ReplayTheSpireMod:Muscle Training","floor":1.0},{"not_picked":["Perfected Strike","jedi:fear"],"picked":"Sword Boomerang","floor":3.0},{"not_picked":["Iron Wave","Life Link"],"picked":"Flame Barrier","floor":4.0},{"not_picked":["Replay:Undeath\u0027s Touch","jedi:fear"],"picked":"Cleave","floor":4.0},{"not_picked":["Searing Blow","Armaments","Intimidate"],"picked":"SKIP","floor":5.0},{"not_picked":["True Grit","Sword Boomerang"],"picked":"Battle Trance","floor":6.0},{"not_picked":["jedi:collectorstrike","Warcry"],"picked":"Demon Form","floor":8.0},{"not_picked":["Heavy Blade","Flex","Iron Wave"],"picked":"SKIP","floor":10.0},{"not_picked":["Dark Embrace","Cleave","Perfected Strike"],"picked":"SKIP","floor":11.0},{"not_picked":["Run Through","Barricade"],"picked":"Ghostly Armor","floor":14.0},{"not_picked":["Berserk","jedi:harder"],"picked":"Hemogenesis","floor":16.0},{"not_picked":["Twin Strike+1","Heavy Blade","Inflame"],"picked":"SKIP","floor":18},{"not_picked":["Entrench","Clash","jedi:fear"],"picked":"SKIP","floor":20},{"not_picked":["Replay:Undeath\u0027s Touch","Body Slam","Armaments+1"],"picked":"SKIP","floor":21}],"player_experience":2444920,"relics_obtained":[{"floor":4.0,"key":"War Paint"},{"floor":6.0,"key":"Bronze Scales"},{"floor":9.0,"key":"Replay:Rubber Ducky"},{"floor":10.0,"key":"Golden Egg"},{"floor":14.0,"key":"Happy Flower"}],"event_choices":[{"cards_removed":["Strike_R"],"damage_healed":0.0,"max_hp_gain":0.0,"max_hp_loss":0.0,"gold_gain":0.0,"event_name":"The Cleric","player_choice":"Card Removal","floor":2.0,"gold_loss":50.0,"damage_taken":0.0},{"cards_removed":["Hemogenesis"],"damage_healed":0,"gold_gain":0,"player_choice":"Took Card","damage_taken":0,"max_hp_gain":0,"max_hp_loss":0,"event_name":"NoteForYourself","floor":19,"gold_loss":0,"cards_obtained":["Replay:ManipulateFuture"]}],"is_beta":false,"boss_relics":[{"not_picked":["hubris:HollowSoul","Black Blood"],"picked":"Replay:Bronze Core"}],"items_purged_floors":[12],"is_endless":false,"potions_floor_spawned":[1,3,5,11,21],"killed_by":"Book of Stabbing","ascension_level":14}}