{"host":"3w007pgvkin6up9o","time":1610587063,"event":{"mods":["100% Spire Juice","AchievementEnabler","Act Like it!","Arknights The Spire","BaseMod","Bestiary","Better Altar","Better Match","Better Note","Better Sensory Stone","Better Skull","Better Third Choice","ChefMod","Colored Map","Conspire","Evolution","Gensokyo","Hallownest","Hermit","HololiveMod","Hubris","Infinite Spire","Marisa????????","Minty Spire (QoL Compilation)","Pale of the Ancients","Poem Panic","Poor People Problems","Railgun Mod","Random Character Button","Rare Cards Sparkle","Reimu??????","Remilia??????","Replay The Spire","Shade Mod","Spicy Shops","StSLib","SuperFastMode","The Alterego","The Animator","The Bug Knight","The Construct","The Cursed","The Gatherer","The Mystic","The Senshi","The Servant 0.9.4","The Wild Card","Trackpad","Waifu the Spire","WarShipGirlsR/????R mod","??????REMEMod"],"gold_per_floor":[114,114,114,113,113,113,139,155,155,155,15,15,26,41,41,41,41],"floor_reached":16,"language":"ENG","playtime":693,"items_purged":[],"score":100,"play_id":"2d136da6-407d-4820-bb24-3c43f0386946","local_time":"20210113201743","is_ascension_mode":false,"campfire_choices":[{"data":"hermit:Glare","floor":6,"key":"SMITH"},{"data":"hermit:Snapshot","floor":10,"key":"SMITH"},{"data":"hermit:TakeAim","floor":12,"key":"SMITH"},{"floor":15,"key":"REST"}],"circlet_count":0,"master_deck":["hermit:Strike_Hermit","hermit:Strike_Hermit","hermit:Strike_Hermit","hermit:Strike_Hermit","hermit:Defend_Hermit","hermit:Defend_Hermit","hermit:Defend_Hermit","hermit:Defend_Hermit","hermit:Snapshot+1","hermit:Covet","hermit:Roulette","hermit:Glare+1","hermit:GhostlyPresence","hermit:TrackingShot","hermit:TakeAim+1","hermit:LowProfile","hermit:Deadeye"],"relics":["hermit:Momento","EVO:Axolotl","REME_ComplimentaryCards","WingedGreaves","YidongShenshe:ReiMu","hubris:Icosahedron","Replay:Mystery Machine","Replay:Bottled Snecko","PreservedInsect"],"acts_visited":["Exordium"],"potions_floor_usage":[14,16],"damage_taken":[{"damage":4,"enemies":"2 Louse","floor":1,"turns":3},{"damage":11,"enemies":"Small Slimes","floor":4,"turns":3},{"damage":26,"enemies":"3 Sentries","floor":7,"turns":8},{"damage":1,"enemies":"Cultist","floor":8,"turns":3},{"damage":10,"enemies":"3 Louse","floor":13,"turns":3},{"damage":11,"enemies":"Lots of Slimes","floor":14,"turns":3},{"damage":35,"enemies":"Slime Boss","floor":16,"turns":3}],"seed_played":"4069606825300430361","potions_obtained":[{"floor":1,"key":"LiquidMemories"},{"floor":8,"key":"Dexterity Potion"},{"floor":14,"key":"PowerPotion"}],"is_trial":false,"path_per_floor":["M","?","?","M","?","R","E","M","T","R","$","R","M","M","R","B"],"character_chosen":"HERMIT","items_purchased":["PreservedInsect","hermit:TakeAim"],"campfire_rested":1,"item_purchase_floors":[11,11],"current_hp_per_floor":[71,71,71,60,60,60,34,33,33,33,33,33,23,12,34,0,0],"gold":41,"neow_bonus":"RANDOM_EVENT","is_daily":false,"chose_seed":false,"campfire_upgraded":3,"win_rate":0.0,"timestamp":1610587063,"path_taken":["M","?","?","M","?","R","E","M","T","R","$","R","M","M","R","BOSS"],"items_purchased_type":["Relic","Card"],"build_version":"2020-12-22","purchased_purges":0,"victory":false,"max_hp_per_floor":[75,75,75,75,75,75,75,75,75,75,75,75,75,75,75,75,75],"card_choices":[{"not_picked":["hermit:Desperado","hermit:Snipe"],"picked":"hermit:Roulette","floor":1},{"not_picked":["hermit:Desperado","hermit:Virtue"],"picked":"hermit:Glare","floor":4},{"not_picked":["hermit:Quickdraw","hermit:Desperado"],"picked":"hermit:GhostlyPresence","floor":7},{"not_picked":["hermit:Desperado","hermit:Roulette"],"picked":"hermit:TrackingShot","floor":8},{"not_picked":["hermit:BigShot","hermit:Brawl"],"picked":"hermit:LowProfile","floor":13},{"not_picked":["hermit:CalledShot","hermit:GhostlyPresence"],"picked":"hermit:Deadeye","floor":14}],"player_experience":205777,"relics_obtained":[{"floor":7,"key":"Replay:Mystery Machine"},{"floor":9,"key":"Replay:Bottled Snecko"}],"event_choices":[{"damage_healed":0,"gold_gain":0,"player_choice":"Box","damage_taken":0,"relics_obtained":["WingedGreaves"],"max_hp_gain":0,"max_hp_loss":0,"event_name":"Big Fish","floor":0,"gold_loss":0,"cards_obtained":["Regret"]},{"damage_healed":0,"gold_gain":0,"player_choice":"Take Tiny Shrine away","damage_taken":0,"relics_obtained":["YidongShenshe:ReiMu"],"max_hp_gain":0,"max_hp_loss":0,"event_name":"yidonshenshe","floor":2,"gold_loss":0,"cards_obtained":["Poor:ReiMu"]},{"cards_removed":["Poor:ReiMu","Regret"],"damage_healed":0,"gold_gain":0,"player_choice":"Removed Curses","damage_taken":0,"max_hp_gain":0,"max_hp_loss":0,"event_name":"Fountain of Cleansing","floor":5,"gold_loss":0}],"is_beta":false,"boss_relics":[],"items_purged_floors":[],"is_endless":false,"potions_floor_spawned":[1,8,14],"killed_by":"Slime Boss","ascension_level":0}}