{"host":"ygfasg9u7olr7skw","time":1610636046,"event":{"mods":["AchievementEnabler","BaseMod","Better Note","Better Vampires","Colored Powertips","Minty Spire (QoL Compilation)","Replay The Spire","Spicy Shops","StSLib","The IronCluck"],"gold_per_floor":[114,133,56,75,88,113,113,113,166,185,204,224,249,265,265,265,265],"floor_reached":16,"language":"ENG","playtime":800,"items_purged":[],"score":124,"play_id":"4207e9fc-766e-4773-a7be-337d331d91b2","local_time":"20210114095406","is_ascension_mode":true,"campfire_choices":[{"floor":7.0,"key":"REST"},{"floor":15.0,"key":"REST"}],"circlet_count":0,"master_deck":["Strike_B","Strike_B","Strike_B","Defend_B","Defend_B","Defend_B","Defend_B","Zap","Dualcast","ReplayGash","Steam","Sweeping Beam","Go for the Eyes","Injury","Gash"],"relics":["Cracked Core","Snack Pack","Golden Idol","Blue Doll"],"acts_visited":["Exordium"],"potions_floor_usage":[16],"damage_taken":[{"damage":0.0,"enemies":"2 Louse","floor":1.0,"turns":1.0},{"damage":3.0,"enemies":"Jaw Worm","floor":2.0,"turns":4.0},{"damage":0.0,"enemies":"Small Slimes","floor":4.0,"turns":2.0},{"damage":10.0,"enemies":"Looter","floor":5.0,"turns":4.0},{"damage":19.0,"enemies":"Lagavulin","floor":6.0,"turns":6.0},{"damage":0.0,"enemies":"Blue Slaver","floor":10.0,"turns":3.0},{"damage":18.0,"enemies":"Exordium Thugs","floor":11.0,"turns":6.0},{"damage":12.0,"enemies":"3 Louse","floor":12.0,"turns":3.0},{"damage":0.0,"enemies":"2 Fungi Beasts","floor":13.0,"turns":3.0},{"damage":0.0,"enemies":"Lots of Slimes","floor":14.0,"turns":2.0},{"damage":57,"enemies":"Slime Boss","floor":16,"turns":9}],"seed_played":"-7500842100533608813","potions_obtained":[{"floor":2.0,"key":"Dexterity Potion"},{"floor":4.0,"key":"Reflective Coating"},{"floor":10.0,"key":"Fruit Juice"},{"floor":11.0,"key":"Block Potion"}],"is_trial":false,"path_per_floor":["M","M","$","M","M","E","R","?","T","M","M","M","M","M","R","B"],"character_chosen":"DEFECT","items_purchased":["ReplayGash"],"campfire_rested":2,"item_purchase_floors":[3],"current_hp_per_floor":[75,72,72,72,62,43,65,65,65,72,58,48,50,52,76,27,27],"gold":265,"neow_bonus":"REMOVE_CARD","is_daily":false,"chose_seed":false,"campfire_upgraded":0,"win_rate":0.0,"timestamp":1610636046,"path_taken":["M","M","$","M","M","E","R","?","T","M","M","M","M","M","R","BOSS"],"items_purchased_type":["Card"],"build_version":"2020-12-22","purchased_purges":0,"victory":false,"max_hp_per_floor":[75,75,75,75,75,75,75,75,75,80,80,80,80,80,80,80,80],"card_choices":[{"not_picked":["Hologram","ReplaySolidLightProjector","BasicCrystalCard"],"picked":"SKIP","floor":1.0},{"not_picked":["Stack","Turbo","ReplaySolidLightProjector"],"picked":"SKIP","floor":2.0},{"not_picked":["Cold Snap","White Noise"],"picked":"Steam","floor":4.0},{"not_picked":["Panic Button","Reprogram"],"picked":"Sweeping Beam","floor":5.0},{"not_picked":["Leap","FTL"],"picked":"Go for the Eyes","floor":6.0},{"not_picked":["Storm","Crystallizer","Rip and Tear"],"picked":"SKIP","floor":10.0},{"not_picked":["Double Energy","Redo","Blizzard"],"picked":"SKIP","floor":11.0},{"not_picked":["Sweeping Beam","Chaos","Fission"],"picked":"SKIP","floor":12.0},{"not_picked":["Tempest","White Noise","Recycle"],"picked":"SKIP","floor":13.0},{"not_picked":["Compile Driver","Go for the Eyes"],"picked":"Gash","floor":14.0}],"player_experience":281362,"relics_obtained":[{"floor":6.0,"key":"Snack Pack"},{"floor":9.0,"key":"Blue Doll"}],"event_choices":[{"damage_healed":0.0,"max_hp_gain":0.0,"max_hp_loss":0.0,"gold_gain":0.0,"event_name":"Golden Idol","player_choice":"Take Wound","floor":8.0,"gold_loss":0.0,"damage_taken":0.0,"relics_obtained":["Golden Idol"],"cards_obtained":["Injury"]}],"is_beta":false,"boss_relics":[],"items_purged_floors":[],"is_endless":false,"potions_floor_spawned":[2,4,10,11],"killed_by":"Slime Boss","ascension_level":3}}