{"host":"52m1o8iwwagurbjs","time":1610636522,"event":{"mods":["AchievementEnabler","BaseMod","Bestiary","Colored Powertips","GifTheSpireLib","Minty Spire (QoL Compilation)","Quick Restart","RNG Fix","Relic Stats","StSLib"],"gold_per_floor":[117,42,42,42,42,74,74,104,128,128,147,147,147,163,163,234,234,252,85,0,50,70,70,86,33,86,86,86],"floor_reached":27,"language":"ENG","playtime":536,"items_purged":["Strike_B"],"score":521,"play_id":"a0acc42d-5742-4519-aed7-f1b87c9bbbb7","local_time":"20210114100202","is_ascension_mode":true,"campfire_choices":[{"data":"Rip and Tear","floor":10.0,"key":"SMITH"},{"data":"Hologram","floor":13.0,"key":"SMITH"},{"data":"Zap","floor":15.0,"key":"SMITH"},{"data":"White Noise","floor":23,"key":"SMITH"}],"circlet_count":0,"master_deck":["AscendersBane","Strike_B","Strike_B","Strike_B","Defend_B","Defend_B","Defend_B","Defend_B+1","Zap+1","Dualcast","Ball Lightning+1","Hologram+1","Rip and Tear+1","Defragment+1","White Noise+1","Amplify","Chill","Sweeping Beam","Conserve Battery"],"relics":["Cracked Core","NeowsBlessing","Strawberry","Question Card","Pen Nib","Busted Crown","Oddly Smooth Stone","Thread and Needle","Lantern"],"acts_visited":["Exordium","TheCity"],"potions_floor_usage":[24],"damage_taken":[{"damage":0.0,"enemies":"2 Louse","floor":1.0,"turns":1.0},{"damage":0.0,"enemies":"3 Sentries","floor":6.0,"turns":1.0},{"damage":0.0,"enemies":"Lagavulin","floor":8.0,"turns":1.0},{"damage":0.0,"enemies":"Small Slimes","floor":11.0,"turns":2.0},{"damage":0.0,"enemies":"Cultist","floor":14.0,"turns":3.0},{"damage":24.0,"enemies":"Hexaghost","floor":16.0,"turns":7.0},{"damage":19.0,"enemies":"3 Byrds","floor":18.0,"turns":5.0},{"damage":14,"enemies":"Chosen","floor":22,"turns":4},{"damage":24,"enemies":"Snake Plant","floor":24,"turns":5},{"damage":20,"enemies":"Book of Stabbing","floor":27,"turns":4}],"seed_played":"-2750186283788906102","potions_obtained":[{"floor":6.0,"key":"PotionOfCapacity"},{"floor":18.0,"key":"Regen Potion"}],"is_trial":false,"path_per_floor":["M","$","?","?","$","E","?","E","T","R","M","?","R","M","R","B",null,"M","$","?","?","M","R","M","$","T","E"],"character_chosen":"DEFECT","items_purchased":["Oddly Smooth Stone","Conserve Battery"],"campfire_rested":0,"item_purchase_floors":[19,25],"current_hp_per_floor":[64,64,69,69,69,76,64,64,64,64,64,39,39,39,39,15,66,47,47,47,39,25,25,15,15,15,0,0],"gold":86,"neow_bonus":"THREE_ENEMY_KILL","is_daily":false,"chose_seed":false,"campfire_upgraded":4,"win_rate":0.0,"timestamp":1610636522,"path_taken":["M","$","?","?","$","E","?","E","T","R","M","?","R","M","R","BOSS","M","$","?","?","M","R","M","$","T","E"],"items_purchased_type":["Relic","Card"],"build_version":"2020-12-22","purchased_purges":1,"victory":false,"max_hp_per_floor":[71,71,76,76,76,83,83,83,83,83,83,83,83,83,83,83,83,83,83,83,83,83,83,83,83,83,83,83],"relic_stats":{"Busted Crown":6,"counters":[10,33],"Pen Nib":[4],"Question Card":6,"obtain_stats":[{"Lantern":26,"Busted Crown":17,"NeowsBlessing":0,"Strawberry":6,"Oddly Smooth Stone":19,"Thread and Needle":20,"Pen Nib":9,"Cracked Core":0,"Question Card":8},{"Lantern":9,"Busted Crown":6,"NeowsBlessing":0,"Strawberry":2,"Oddly Smooth Stone":7,"Thread and Needle":7,"Pen Nib":3,"Cracked Core":0,"Question Card":3},{"Lantern":29,"Busted Crown":15,"NeowsBlessing":0,"Strawberry":2,"Oddly Smooth Stone":20,"Thread and Needle":20,"Pen Nib":3,"Cracked Core":0,"Question Card":3}]},"card_choices":[{"not_picked":["Rebound","Streamline"],"picked":"Ball Lightning","floor":1.0},{"not_picked":["Steam","Melter"],"picked":"Hologram","floor":6.0},{"not_picked":["Redo","Steam"],"picked":"Rip and Tear","floor":8.0},{"not_picked":["Doom and Gloom","BootSequence","Turbo"],"picked":"Defragment","floor":11.0},{"not_picked":["Meteor Strike","Hologram","Cold Snap"],"picked":"White Noise","floor":14.0},{"not_picked":["Thunder Strike","Machine Learning","Hyperbeam"],"picked":"Amplify","floor":16.0},{"not_picked":["Sweeping Beam"],"picked":"Chill","floor":18.0},{"not_picked":["Fusion"],"picked":"Sweeping Beam","floor":22},{"not_picked":["Streamline","Beam Cell+1"],"picked":"SKIP","floor":24}],"player_experience":1116598,"relics_obtained":[{"floor":6.0,"key":"Strawberry"},{"floor":8.0,"key":"Question Card"},{"floor":9.0,"key":"Pen Nib"},{"floor":26,"key":"Lantern"}],"event_choices":[{"damage_healed":0.0,"max_hp_gain":5.0,"max_hp_loss":0.0,"gold_gain":0.0,"event_name":"Big Fish","player_choice":"Donut","floor":3.0,"gold_loss":0.0,"damage_taken":0.0},{"damage_healed":0.0,"max_hp_gain":0.0,"max_hp_loss":0.0,"gold_gain":0.0,"event_name":"Upgrade Shrine","player_choice":"Upgraded","floor":4.0,"gold_loss":0.0,"damage_taken":0.0,"cards_upgraded":["Ball Lightning"]},{"damage_healed":0.0,"max_hp_gain":0.0,"max_hp_loss":0.0,"gold_gain":0.0,"event_name":"Wheel of Change","player_choice":"Damaged","floor":7.0,"gold_loss":0.0,"damage_taken":12.0},{"damage_healed":0.0,"max_hp_gain":0.0,"max_hp_loss":0.0,"gold_gain":0.0,"event_name":"Shining Light","player_choice":"Entered Light","floor":12.0,"gold_loss":0.0,"damage_taken":25.0,"cards_upgraded":["Defend_B","Defragment"]},{"damage_healed":0.0,"max_hp_gain":0.0,"max_hp_loss":0.0,"gold_gain":0.0,"event_name":"Addict","player_choice":"Obtained Relic","floor":20.0,"gold_loss":85.0,"damage_taken":0.0,"relics_obtained":["Thread and Needle"]},{"damage_healed":0,"gold_gain":50,"player_choice":"Touch","damage_taken":8,"max_hp_gain":0,"max_hp_loss":0,"event_name":"FaceTrader","floor":21,"gold_loss":0}],"is_beta":false,"boss_relics":[{"not_picked":["Runic Dome","SlaversCollar"],"picked":"Busted Crown"}],"items_purged_floors":[2],"is_endless":false,"potions_floor_spawned":[6,18],"killed_by":"Book of Stabbing","ascension_level":19}}