{"host":"7uuqqk35leady37t","time":1610608214,"event":{"mods":["BaseMod","Colored Map","Colored Powertips","Downfall","Marisa£®ÏF”Í°°ƒß¿Ì…≥£©","Minty Spire (QoL Compilation)","Relic Stats","Remilia£®¿Ÿ√◊¿Ú—«£©","Replay The Spire","Robot Space Explorer","StSLib","The Bug Knight","The Servant 0.9.4","UnlockEverythingMod","Waifu the Spire","Yuri Mod","[IsaacMod]“‘»ˆº‚À˛"],"gold_per_floor":[119,137,155,245,264,264,264],"floor_reached":6,"language":"ZHS","playtime":312,"items_purged":[],"score":76,"play_id":"c76f401e-bfa7-4cbc-a3a7-bbea728467fc","local_time":"20210114151014","is_ascension_mode":true,"campfire_choices":[],"circlet_count":0,"master_deck":["AscendersBane","Strike_B","Strike_B","Strike_B","Strike_B","Defend_B","Defend_B","Defend_B","Defend_B","Zap","Dualcast","DoctorFetus","Heatsinks","Beam Cell","Sunder","Self Repair","BasicCrystalCard","Heatsinks","Consume"],"relics":["Cracked Core","HushsDoor","D6","Prayer Wheel","Kunai"],"acts_visited":["Exordium"],"potions_floor_usage":[5,5],"damage_taken":[{"damage":2,"enemies":"Cultist","floor":1,"turns":4},{"damage":21,"enemies":"Small Slimes","floor":2,"turns":5},{"damage":3,"enemies":"2 Louse","floor":3,"turns":3},{"damage":1,"enemies":"Looter","floor":5,"turns":2},{"damage":46,"enemies":"Gremlin Nob","floor":6,"turns":3}],"seed_played":"3985149842056625237","potions_obtained":[{"floor":2,"key":"Adrenaline Potion"},{"floor":3,"key":"Adrenaline Potion"}],"is_trial":false,"path_per_floor":["M","M","M","?","M","E"],"character_chosen":"DEFECT","items_purchased":[],"campfire_rested":0,"item_purchase_floors":[],"current_hp_per_floor":[69,48,45,14,13,0,0],"gold":264,"neow_bonus":"TEN_PERCENT_HP_BONUS","is_daily":false,"chose_seed":false,"campfire_upgraded":0,"win_rate":0.0,"timestamp":1610608214,"path_taken":["M","?","M","?","M","E"],"items_purchased_type":[],"build_version":"2020-12-22","purchased_purges":0,"victory":false,"max_hp_per_floor":[78,78,78,78,78,78,78],"relic_stats":{"counters":[5,17],"Prayer Wheel":3,"Kunai":[0],"obtain_stats":[{"KeepersGift":0,"D6":0,"Prayer Wheel":2,"Kunai":4,"Cracked Core":0,"HushsDoor":0},{"KeepersGift":0,"D6":0,"Prayer Wheel":2,"Kunai":3,"Cracked Core":0,"HushsDoor":0},{"KeepersGift":0,"D6":0,"Prayer Wheel":5,"Kunai":12,"Cracked Core":0,"HushsDoor":0}]},"card_choices":[{"not_picked":[],"picked":"DoctorFetus","floor":0},{"not_picked":["Coolheaded","Doom and Gloom"],"picked":"ReplayTheSpireMod:Fabricate Wheel","floor":1},{"not_picked":["Streamline","Cold Snap"],"picked":"Heatsinks","floor":2},{"not_picked":["Barrage","Compile Driver"],"picked":"Beam Cell","floor":2},{"not_picked":["Barrage","Fan"],"picked":"Sunder","floor":3},{"not_picked":["Leap","Aggregate"],"picked":"Self Repair","floor":3},{"not_picked":["Rip and Tear","Steam"],"picked":"BasicCrystalCard","floor":4},{"not_picked":["Sweeping Beam","Skim"],"picked":"Heatsinks","floor":5},{"not_picked":["Sweeping Beam","Compile Driver"],"picked":"Consume","floor":5}],"player_experience":53098,"relics_obtained":[{"floor":4,"key":"Kunai"}],"event_choices":[],"is_beta":false,"boss_relics":[],"items_purged_floors":[],"is_endless":false,"potions_floor_spawned":[2,3],"killed_by":"Gremlin Nob","ascension_level":20}}