{"host":"rl55h36hts1vjtzv","time":1610591754,"event":{"mods":["BaseMod","Colored Powertips","Minty Spire (QoL Compilation)","Relic Stats"],"gold_per_floor":[119,119,119,119,138,164,179,205,251,251,279,279,313,336,336,435,485,497,497,512,538,548,573,573,583,583,615,615,615,185,197,197,296,296,310,330,342,342,358,387,387,397,397,397,397,432,451,470,470,470],"floor_reached":51,"language":"ZHS","playtime":4271,"items_purged":["Strike_R"],"score":915,"play_id":"968d17c1-714b-4558-b2a6-bf58ec78384e","local_time":"20210114103554","is_ascension_mode":true,"campfire_choices":[{"floor":10.0,"key":"REST"},{"floor":15.0,"key":"REST"},{"floor":24.0,"key":"REST"},{"data":"Enlightenment","floor":32.0,"key":"SMITH"},{"data":"Heavy Blade","floor":41,"key":"SMITH"},{"floor":44,"key":"REST"},{"data":"Pummel","floor":49,"key":"SMITH"}],"circlet_count":0,"master_deck":["Strike_R","Strike_R","Strike_R","Defend_R+1","Defend_R","Defend_R","Defend_R","Bash+1","Spot Weakness+1","Disarm","Dropkick","Hemokinesis","Exhume","Feed","Pummel+1","Shrug It Off","Heavy Blade+1","Spot Weakness","Pummel+1","Heavy Blade+1","Shrug It Off","Enlightenment+1","Shrug It Off+1","Pummel+1","Iron Wave+1","Heavy Blade+1"],"relics":["Burning Blood","Kunai","Nunchaku","Tiny Chest","Happy Flower","Letter Opener","Smiling Mask","Tiny House","Bag of Marbles","Anchor","Question Card","Blood Vial","Sundial","SlaversCollar","HornCleat","Vajra","Meat on the Bone","Shuriken"],"acts_visited":["Exordium","TheCity","TheBeyond"],"potions_floor_usage":[40,50,50],"damage_taken":[{"damage":10.0,"enemies":"Small Slimes","floor":1.0,"turns":4.0},{"damage":4.0,"enemies":"Jaw Worm","floor":5.0,"turns":3.0},{"damage":26.0,"enemies":"Gremlin Nob","floor":6.0,"turns":4.0},{"damage":2.0,"enemies":"2 Louse","floor":7.0,"turns":3.0},{"damage":20.0,"enemies":"3 Sentries","floor":8.0,"turns":7.0},{"damage":34.0,"enemies":"Lagavulin","floor":11.0,"turns":6.0},{"damage":16.0,"enemies":"Gremlin Nob","floor":13.0,"turns":4.0},{"damage":22.0,"enemies":"The Guardian","floor":16.0,"turns":7.0},{"damage":25.0,"enemies":"Shell Parasite","floor":18.0,"turns":4.0},{"damage":9.0,"enemies":"Chosen","floor":20.0,"turns":3.0},{"damage":5.0,"enemies":"Snake Plant","floor":22.0,"turns":3.0},{"damage":43.0,"enemies":"Gremlin Leader","floor":23.0,"turns":7.0},{"damage":28.0,"enemies":"Centurion and Healer","floor":25.0,"turns":4.0},{"damage":41.0,"enemies":"Book of Stabbing","floor":27.0,"turns":6.0},{"damage":0.0,"enemies":"3 Cultists","floor":29.0,"turns":1.0},{"damage":2.0,"enemies":"Cultist and Chosen","floor":31.0,"turns":3.0},{"damage":50.0,"enemies":"Automaton","floor":33.0,"turns":8.0},{"damage":7.0,"enemies":"Orb Walker","floor":35.0,"turns":3.0},{"damage":43.0,"enemies":"3 Darklings","floor":36.0,"turns":5.0},{"damage":1,"enemies":"4 Shapes","floor":37,"turns":4},{"damage":21,"enemies":"Spire Growth","floor":39,"turns":3},{"damage":31,"enemies":"Nemesis","floor":40,"turns":5},{"damage":11,"enemies":"3 Darklings","floor":42,"turns":4},{"damage":9,"enemies":"Reptomancer","floor":46,"turns":4},{"damage":26,"enemies":"Maw","floor":47,"turns":7},{"damage":13,"enemies":"Transient","floor":48,"turns":5},{"damage":32,"enemies":"Time Eater","floor":50,"turns":8}],"seed_played":"7646300678425824117","potions_obtained":[{"floor":1.0,"key":"SmokeBomb"},{"floor":6.0,"key":"ColorlessPotion"},{"floor":8.0,"key":"BloodPotion"},{"floor":16.0,"key":"LiquidBronze"},{"floor":17.0,"key":"ColorlessPotion"},{"floor":23.0,"key":"FearPotion"},{"floor":35.0,"key":"ColorlessPotion"},{"floor":36.0,"key":"Energy Potion"},{"floor":40,"key":"Energy Potion"}],"is_trial":false,"path_per_floor":["M","?","?","?","M","E","M","E","T","R","E","?","E","T","R","B",null,"M","?","M","T","M","E","R","M","T","E","?","M","$","M","R","B",null,"M","M","M","T","M","E","R","M","T","R","?","E","M","M","R","B",null],"character_chosen":"IRONCLAD","items_purchased":["Sundial","Enlightenment","BloodPotion"],"campfire_rested":4,"item_purchase_floors":[30,30,30],"current_hp_per_floor":[84,77,77,77,79,59,63,49,49,75,47,52,42,42,69,53,98,79,98,98,98,103,66,97,75,75,40,40,48,48,57,57,15,108,107,74,84,84,71,48,48,45,45,79,79,78,63,70,70,90],"gold":470,"neow_bonus":"TEN_PERCENT_HP_BONUS","is_daily":false,"chose_seed":false,"campfire_upgraded":3,"win_rate":0.0,"timestamp":1610591754,"path_taken":["M","?","?","?","M","E","?","E","T","R","E","?","E","?","R","BOSS","M","?","M","?","M","E","R","?","T","E","?","?","$","M","R","BOSS","M","M","M","?","?","E","R","M","T","R","?","E","M","M","R","BOSS"],"items_purchased_type":["Relic","Card","Potion"],"build_version":"2020-12-22","purchased_purges":1,"victory":true,"max_hp_per_floor":[88,88,88,88,88,88,88,88,88,88,88,93,93,93,93,93,98,98,98,101,101,105,105,105,105,105,105,105,105,105,108,108,108,108,108,111,114,114,114,114,114,114,114,114,108,108,111,111,111,111],"relic_stats":{"Happy Flower":[32],"counters":[27,125],"Letter Opener":[130],"Smiling Mask":25,"Question Card":12,"Burning Blood":162,"Blood Vial":23,"Nunchaku":[17],"Sundial":[4],"Shuriken":[4],"Tiny Chest":2,"Kunai":[22],"obtain_stats":[{"Tiny House":17,"Happy Flower":11,"Vajra":40,"Letter Opener":13,"Smiling Mask":14,"Question Card":26,"Burning Blood":0,"Blood Vial":27,"SlaversCollar":34,"Nunchaku":8,"Anchor":23,"HornCleat":38,"Sundial":30,"Shuriken":46,"Tiny Chest":9,"Bag of Marbles":21,"Kunai":6,"Meat on the Bone":43},{"Tiny House":8,"Happy Flower":6,"Vajra":22,"Letter Opener":7,"Smiling Mask":7,"Question Card":13,"Burning Blood":0,"Blood Vial":14,"SlaversCollar":17,"Nunchaku":5,"Anchor":12,"HornCleat":20,"Sundial":15,"Shuriken":24,"Tiny Chest":5,"Bag of Marbles":10,"Kunai":3,"Meat on the Bone":23},{"Tiny House":38,"Happy Flower":27,"Vajra":97,"Letter Opener":31,"Smiling Mask":31,"Question Card":59,"Burning Blood":0,"Blood Vial":65,"SlaversCollar":77,"Nunchaku":21,"Anchor":55,"HornCleat":89,"Sundial":66,"Shuriken":105,"Tiny Chest":21,"Bag of Marbles":45,"Kunai":11,"Meat on the Bone":101}],"Meat on the Bone":12},"card_choices":[{"not_picked":["Intimidate","Thunderclap"],"picked":"Spot Weakness","floor":1.0},{"not_picked":["Sentinel","Wild Strike"],"picked":"Disarm","floor":5.0},{"not_picked":["Headbutt","Sever Soul","Armaments"],"picked":"SKIP","floor":6.0},{"not_picked":["Twin Strike","Iron Wave"],"picked":"Dropkick","floor":7.0},{"not_picked":["Iron Wave","Sentinel"],"picked":"Combust","floor":8.0},{"not_picked":["Power Through","Sword Boomerang"],"picked":"Hemokinesis","floor":11.0},{"not_picked":["Clash","Flex"],"picked":"Exhume","floor":13.0},{"not_picked":["Brutality","Fiend Fire"],"picked":"Feed","floor":16.0},{"not_picked":["Sword Boomerang","Burning Pact"],"picked":"Pummel","floor":17.0},{"not_picked":["Havoc","Iron Wave"],"picked":"Shrug It Off","floor":18.0},{"not_picked":["Flex","True Grit"],"picked":"Heavy Blade+1","floor":20.0},{"not_picked":["Clothesline+1","True Grit+1"],"picked":"Spot Weakness","floor":22.0},{"not_picked":["Havoc","Ghostly Armor"],"picked":"Pummel+1","floor":23.0},{"not_picked":["Corruption","Perfected Strike"],"picked":"Heavy Blade","floor":25.0},{"not_picked":["Fire Breathing","Whirlwind","Hemokinesis+1","Burning Pact"],"picked":"SKIP","floor":27.0},{"not_picked":["Carnage+1","Twin Strike+1","Flex","Thunderclap"],"picked":"SKIP","floor":31.0},{"not_picked":["Thunderclap+1","Anger","Pommel Strike"],"picked":"Shrug It Off+1","floor":35.0},{"not_picked":["Body Slam+1","Reckless Charge","Metallicize+1","Bloodletting+1"],"picked":"SKIP","floor":36.0},{"not_picked":["Blood for Blood+1","Cleave+1","Twin Strike"],"picked":"Pummel+1","floor":37},{"not_picked":["Brutality","Clash+1","True Grit"],"picked":"Iron Wave+1","floor":39},{"not_picked":["Clash","Sword Boomerang+1","Spot Weakness","Brutality"],"picked":"SKIP","floor":40},{"not_picked":["Second Wind","Thunderclap+1","Clash","Rampage+1"],"picked":"SKIP","floor":42},{"not_picked":["Flex","Pummel","True Grit+1"],"picked":"Heavy Blade+1","floor":46},{"not_picked":["Cleave+1","Warcry+1","Ghostly Armor+1","Rage"],"picked":"SKIP","floor":47},{"not_picked":["True Grit","Warcry","Hemokinesis","Thunderclap+1"],"picked":"SKIP","floor":48}],"player_experience":88486,"relics_obtained":[{"floor":6.0,"key":"Kunai"},{"floor":8.0,"key":"Nunchaku"},{"floor":9.0,"key":"Tiny Chest"},{"floor":11.0,"key":"Happy Flower"},{"floor":13.0,"key":"Letter Opener"},{"floor":14.0,"key":"Smiling Mask"},{"floor":21.0,"key":"Bag of Marbles"},{"floor":23.0,"key":"Anchor"},{"floor":26.0,"key":"Question Card"},{"floor":27.0,"key":"Blood Vial"},{"floor":38,"key":"HornCleat"},{"floor":40,"key":"Vajra"},{"floor":43,"key":"Meat on the Bone"},{"floor":46,"key":"Shuriken"}],"event_choices":[{"cards_removed":["Strike_R"],"damage_healed":0.0,"max_hp_gain":0.0,"max_hp_loss":0.0,"gold_gain":0.0,"event_name":"Golden Wing","player_choice":"Card Removal","floor":2.0,"gold_loss":0.0,"damage_taken":7.0},{"damage_healed":0.0,"max_hp_gain":0.0,"max_hp_loss":0.0,"gold_gain":0.0,"event_name":"Living Wall","player_choice":"Grow","floor":3.0,"gold_loss":0.0,"damage_taken":0.0,"cards_upgraded":["Spot Weakness"]},{"damage_healed":0.0,"max_hp_gain":0.0,"max_hp_loss":0.0,"gold_gain":0.0,"event_name":"Upgrade Shrine","player_choice":"Upgraded","floor":4.0,"gold_loss":0.0,"damage_taken":0.0,"cards_upgraded":["Bash"]},{"damage_healed":0.0,"max_hp_gain":5.0,"max_hp_loss":0.0,"gold_gain":0.0,"event_name":"Big Fish","player_choice":"Donut","floor":12.0,"gold_loss":0.0,"damage_taken":0.0},{"cards_removed":["Combust"],"damage_healed":19.0,"max_hp_gain":0.0,"max_hp_loss":0.0,"gold_gain":0.0,"event_name":"Bonfire Elementals","player_choice":"Offered Uncommon","floor":19.0,"gold_loss":0.0,"damage_taken":0.0},{"damage_healed":0.0,"max_hp_gain":0.0,"max_hp_loss":0.0,"gold_gain":0.0,"event_name":"Duplicator","player_choice":"Copied","floor":28.0,"gold_loss":0.0,"damage_taken":0.0,"cards_obtained":["Shrug It Off"]},{"damage_healed":0,"gold_gain":0,"player_choice":"Max HP","damage_taken":0,"max_hp_gain":0,"max_hp_loss":6,"event_name":"Winding Halls","floor":45,"gold_loss":0}],"is_beta":false,"boss_relics":[{"not_picked":["Runic Dome","Fusion Hammer"],"picked":"Tiny House"},{"not_picked":["Sozu","Runic Cube"],"picked":"SlaversCollar"}],"items_purged_floors":[30],"is_endless":false,"potions_floor_spawned":[1,6,8,16,23,27,29,35,36,37,40,48],"ascension_level":3}}