{"host":"i0avyit1s6jb1siw","time":1610623589,"event":{"mods":["BaseMod","DeckTracker","Dota2Spire","Highlight Path","Minty Spire (QoL Compilation)","Quick Restart","StSLib","SuperFastMode"],"gold_per_floor":[116,128,128,145,110,110,129,129,129,161,161,86,102,113,113,216,216,236,254,107,107,107,107,121,149,149,149,149,159,159,178,178,280,280,296,296,348,348,366,366,366],"floor_reached":40,"language":"ENG","playtime":800,"items_purged":["Strike_B","Strike_B"],"score":707,"play_id":"02e65851-d556-42ea-9e08-aa5d14f270ed","local_time":"20210114122629","is_ascension_mode":true,"campfire_choices":[{"data":"Zap","floor":6,"key":"SMITH"},{"data":"Dualcast","floor":8,"key":"SMITH"},{"floor":11,"key":"REST"},{"data":"Coolheaded","floor":15,"key":"SMITH"},{"data":"Hologram","floor":23,"key":"SMITH"},{"floor":28,"key":"REST"},{"floor":32,"key":"REST"}],"circlet_count":0,"master_deck":["AscendersBane","Strike_B+1","Defend_B+1","Defend_B+1","Defend_B+1","Zap+1","Dualcast+1","Rebound","Rebound","Ball Lightning","Loop","FTL","Sunder","All For One","Coolheaded+1","Electrodynamics","Defragment+1","Steam Power+1","Hologram+1","Writhe","Gash","Scrape+1","White Noise","Coolheaded"],"relics":["Cracked Core","Gremlin Horn","Thread and Needle","Dota2Spire:RefresherOrb","MealTicket","CultistMask","Dota2Spire:EchoSabre","Juzu Bracelet","Black Star","Shovel"],"acts_visited":["Exordium","TheCity","TheBeyond"],"potions_floor_usage":[10,16,37],"damage_taken":[{"damage":8,"enemies":"Small Slimes","floor":1,"turns":3},{"damage":12,"enemies":"2 Louse","floor":2,"turns":2},{"damage":0,"enemies":"Cultist","floor":4,"turns":3},{"damage":9,"enemies":"2 Fungi Beasts","floor":7,"turns":3},{"damage":16,"enemies":"Gremlin Nob","floor":10,"turns":3},{"damage":0,"enemies":"Gremlin Gang","floor":13,"turns":2},{"damage":8,"enemies":"3 Louse","floor":14,"turns":2},{"damage":0,"enemies":"Slime Boss","floor":16,"turns":6},{"damage":7,"enemies":"3 Byrds","floor":18,"turns":3},{"damage":14,"enemies":"2 Thieves","floor":19,"turns":2},{"damage":10,"enemies":"Cultist and Chosen","floor":24,"turns":4},{"damage":9,"enemies":"Gremlin Leader","floor":25,"turns":4},{"damage":0,"enemies":"Chosen and Byrds","floor":29,"turns":3},{"damage":12,"enemies":"Shelled Parasite and Fungi","floor":31,"turns":4},{"damage":30,"enemies":"Collector","floor":33,"turns":9},{"damage":17,"enemies":"3 Shapes","floor":35,"turns":4},{"damage":20,"enemies":"2 Orb Walkers","floor":37,"turns":3},{"damage":26,"enemies":"3 Darklings","floor":39,"turns":3},{"damage":42,"enemies":"Nemesis","floor":40,"turns":3}],"seed_played":"3118491460502304250","potions_obtained":[{"floor":1,"key":"AttackPotion"},{"floor":7,"key":"Weak Potion"},{"floor":10,"key":"Energy Potion"},{"floor":25,"key":"SmokeBomb"},{"floor":39,"key":"Ancient Potion"}],"is_trial":false,"path_per_floor":["M","M","?","M","?","R","M","R","T","E","R","$","M","M","R","B",null,"M","M","$","?","?","R","M","E","T","?","R","M","?","M","R","B",null,"M","?","?","?","M","E"],"character_chosen":"DEFECT","items_purchased":["Hologram"],"campfire_rested":3,"item_purchase_floors":[20],"current_hp_per_floor":[42,30,15,15,33,33,24,24,24,8,30,30,30,22,22,22,62,55,41,41,41,41,41,31,22,22,22,44,44,44,32,54,24,62,45,45,25,66,40,0,0],"gold":366,"neow_bonus":"TRANSFORM_TWO_CARDS","is_daily":false,"chose_seed":false,"campfire_upgraded":4,"win_rate":0.0,"timestamp":1610623589,"path_taken":["M","M","?","M","?","R","M","R","T","E","R","$","M","M","R","BOSS","M","M","$","?","?","R","M","E","T","?","R","M","?","M","R","BOSS","M","?","?","?","M","E"],"items_purchased_type":["Card"],"build_version":"2020-12-22","purchased_purges":2,"victory":false,"max_hp_per_floor":[75,75,75,75,75,75,75,75,75,75,75,75,75,75,75,75,75,75,75,75,75,75,75,75,75,75,75,75,75,75,75,75,75,75,75,75,75,66,66,66,66],"card_choices":[{"not_picked":["Chill","Chaos"],"picked":"Ball Lightning","floor":1},{"not_picked":["Streamline","Leap"],"picked":"Loop","floor":2},{"not_picked":["Hologram","Ball Lightning"],"picked":"FTL","floor":4},{"not_picked":["Scrape","Recycle"],"picked":"Sunder","floor":7},{"not_picked":["Sunder","Double Energy"],"picked":"All For One","floor":10},{"not_picked":["Rebound","Go for the Eyes"],"picked":"Coolheaded","floor":13},{"not_picked":["Rebound","Rip and Tear","Cold Snap"],"picked":"SKIP","floor":14},{"not_picked":["Machine Learning","Seek"],"picked":"Electrodynamics","floor":16},{"not_picked":["Steam","Gash"],"picked":"Defragment+1","floor":18},{"not_picked":["Ball Lightning","Self Repair"],"picked":"Steam Power+1","floor":19},{"not_picked":["Machine Learning","Melter"],"picked":"Gash","floor":24},{"not_picked":["Blizzard","Stack+1"],"picked":"Scrape+1","floor":25},{"not_picked":["Hologram","Ball Lightning","Skim"],"picked":"SKIP","floor":29},{"not_picked":["Barrage+1","Steam+1","Rebound"],"picked":"SKIP","floor":31},{"not_picked":["Steam+1","Streamline"],"picked":"White Noise","floor":35},{"not_picked":["Hologram+1","Storm+1"],"picked":"Coolheaded","floor":37},{"not_picked":["Turbo+1","Stack+1","Cold Snap+1"],"picked":"SKIP","floor":39}],"player_experience":2233382,"relics_obtained":[{"floor":9,"key":"Gremlin Horn"},{"floor":10,"key":"Thread and Needle"},{"floor":25,"key":"Dota2Spire:EchoSabre"},{"floor":26,"key":"Juzu Bracelet"},{"floor":37,"key":"Shovel"}],"event_choices":[{"damage_healed":0,"gold_gain":0,"player_choice":"Entered Light","damage_taken":15,"max_hp_gain":0,"max_hp_loss":0,"event_name":"Shining Light","floor":3,"gold_loss":0,"cards_upgraded":["Defend_B","Strike_B"]},{"damage_healed":18,"gold_gain":0,"player_choice":"Healed","damage_taken":0,"max_hp_gain":0,"max_hp_loss":0,"event_name":"The Cleric","floor":5,"gold_loss":35},{"damage_healed":0,"gold_gain":0,"player_choice":"Opened","damage_taken":0,"relics_obtained":["MealTicket"],"max_hp_gain":0,"max_hp_loss":0,"event_name":"The Mausoleum","floor":21,"gold_loss":0,"cards_obtained":["Writhe"]},{"damage_healed":0,"gold_gain":0,"player_choice":"Trade","damage_taken":0,"relics_obtained":["CultistMask"],"max_hp_gain":0,"max_hp_loss":0,"event_name":"FaceTrader","floor":22,"gold_loss":0},{"damage_healed":0,"gold_gain":0,"player_choice":"Simplicity","damage_taken":0,"max_hp_gain":0,"max_hp_loss":0,"event_name":"Back to Basics","floor":27,"gold_loss":0,"cards_upgraded":["Defend_B","Defend_B"]},{"damage_healed":0,"gold_gain":0,"player_choice":"Bought 0 Potions","damage_taken":0,"max_hp_gain":0,"max_hp_loss":0,"event_name":"The Woman in Blue","floor":30,"gold_loss":0},{"damage_healed":0,"gold_gain":0,"player_choice":"Ignored","damage_taken":0,"max_hp_gain":0,"max_hp_loss":0,"event_name":"Tomb of Lord Red Mask","floor":36,"gold_loss":0},{"damage_healed":0,"gold_gain":0,"player_choice":"Fight","damage_taken":0,"max_hp_gain":0,"max_hp_loss":0,"event_name":"Mysterious Sphere","floor":37,"gold_loss":0},{"damage_healed":66,"gold_gain":0,"player_choice":"Heal","damage_taken":0,"max_hp_gain":0,"max_hp_loss":9,"event_name":"The Moai Head","floor":38,"gold_loss":0}],"is_beta":false,"boss_relics":[{"not_picked":["Empty Cage","Dota2Spire:Bloodstone"],"picked":"Dota2Spire:RefresherOrb"},{"not_picked":["Fusion Hammer","Philosopher\u0027s Stone"],"picked":"Black Star"}],"items_purged_floors":[12,20],"is_endless":false,"potions_floor_spawned":[1,7,10,14,25,31,35,39],"killed_by":"Nemesis","ascension_level":11}}