{"host":"Connor","time":1610643265,"event":{"mods":["Aspiration","BaseMod","Downfall","Hubris","Marisa????????","Minty Spire (QoL Compilation)","Replay The Spire","StSLib","The Cursed","The Jungle","The Servant 0.9.4"],"gold_per_floor":[117,97,116,129,129,129,156,156,235,66,66,94,53,64,64,143,143,157,357,357,375,38,38,38,38],"floor_reached":24,"language":"ENG","playtime":559,"items_purged":[],"score":394,"play_id":"b9444539-14b9-4c9c-a88f-4a0b37e13943","local_time":"20210114085425","is_ascension_mode":true,"campfire_choices":[{"data":"Bash","floor":6,"key":"SMITH"},{"data":"Juggernaut","floor":8,"key":"SMITH"},{"data":"Cleave","floor":11,"key":"SMITH"},{"data":"Armaments","floor":15,"key":"SMITH"}],"circlet_count":0,"master_deck":["AscendersBane","Strike_R","Strike_R","Strike_R","Strike_R","Strike_R+1","Defend_R","Defend_R","Defend_R","Defend_R+1","Bash+1","Cleave+1","Feel No Pain","Iron Wave+1","Juggernaut+1","Armaments+1","Havoc","Havoc","Uppercut","Fiend Fire","Intimidate","Ghostly Armor+1","RitualDagger"],"relics":["Burning Blood","NeowsBlessing","hubris:BundleOfHerbs","Quantum Egg","Vajra","Simple Rune","Mark of Pain","Snack Pack"],"acts_visited":["Exordium","TheCity"],"potions_floor_usage":[7,7,16,16,24,24],"damage_taken":[{"damage":0,"enemies":"Small Slimes","floor":1,"turns":1},{"damage":0,"enemies":"Cultist","floor":3,"turns":1},{"damage":0,"enemies":"2 Louse","floor":4,"turns":1},{"damage":24,"enemies":"3 Sentries","floor":7,"turns":11},{"damage":23,"enemies":"Lagavulin","floor":12,"turns":6},{"damage":17,"enemies":"Exordium Wildlife","floor":14,"turns":4},{"damage":31,"enemies":"The Guardian","floor":16,"turns":9},{"damage":16,"enemies":"Spheric Guardian","floor":18,"turns":4},{"damage":5,"enemies":"Chosen","floor":21,"turns":4},{"damage":45,"enemies":"Book of Stabbing","floor":24,"turns":5}],"seed_played":"574397171853451330","potions_obtained":[{"floor":2,"key":"Doom Potion"},{"floor":4,"key":"Venom Potion"},{"floor":12,"key":"SkillPotion"},{"floor":14,"key":"Strength Potion"},{"floor":18,"key":"Guardian:BlockOnCardUsePotion"}],"is_trial":false,"path_per_floor":["M","?","M","M","?","R","E","R","T","$","R","E","$","M","R","B",null,"M","?","?","M","$","?","E"],"character_chosen":"IRONCLAD","items_purchased":["Vajra","Havoc","Snack Pack","BloodPotion"],"campfire_rested":0,"item_purchase_floors":[10,13,22,22],"current_hp_per_floor":[74,74,75,75,75,75,57,57,57,57,57,51,51,40,40,32,64,54,30,30,31,31,25,0,0],"gold":38,"neow_bonus":"THREE_ENEMY_KILL","is_daily":false,"chose_seed":false,"campfire_upgraded":4,"win_rate":0.0,"timestamp":1610643265,"path_taken":["M","?","M","?","?","R","E","R","T","$","R","E","?","M","R","BOSS","M","?","?","M","$","?","E"],"items_purchased_type":["Relic","Card","Relic","Potion"],"build_version":"2020-12-18","purchased_purges":0,"victory":false,"max_hp_per_floor":[75,75,75,75,75,75,75,75,75,75,75,75,75,75,75,75,75,75,75,75,75,75,75,75,75],"card_choices":[{"not_picked":["True Grit","Body Slam"],"picked":"Cleave","floor":1},{"not_picked":["Run Through","Rupture"],"picked":"Feel No Pain","floor":3},{"not_picked":["Carnage","Body Slam"],"picked":"Iron Wave","floor":4},{"not_picked":["Warcry","Bloodletting"],"picked":"Juggernaut","floor":7},{"not_picked":["Run Through","Clothesline"],"picked":"Armaments","floor":12},{"not_picked":["Wild Strike","Thunderclap"],"picked":"Uppercut","floor":14},{"not_picked":["Exhume","Hemogenesis"],"picked":"Fiend Fire","floor":16},{"not_picked":["Run Through","Heavy Blade"],"picked":"Intimidate","floor":18},{"not_picked":["ReplayTheSpireMod:Strike From Hell","Replay:Undeath\u0027s Touch"],"picked":"Ghostly Armor+1","floor":19},{"not_picked":["hubris:CleavingFinish+1","Cleave","ReplayTheSpireMod:Corrosion Curse"],"picked":"SKIP","floor":21}],"player_experience":635027,"relics_obtained":[{"floor":7,"key":"hubris:BundleOfHerbs"},{"floor":9,"key":"Quantum Egg"},{"floor":12,"key":"Simple Rune"}],"event_choices":[{"damage_healed":0,"gold_gain":0,"player_choice":"Bought 1 Potion","damage_taken":0,"max_hp_gain":0,"max_hp_loss":0,"event_name":"The Woman in Blue","floor":2,"gold_loss":0},{"damage_healed":0,"gold_gain":0,"player_choice":"Upgraded","damage_taken":0,"max_hp_gain":0,"max_hp_loss":0,"event_name":"Upgrade Shrine","floor":5,"gold_loss":0,"cards_upgraded":["Iron Wave"]},{"damage_healed":0,"gold_gain":0,"player_choice":"Joined the Cult","damage_taken":6,"max_hp_gain":0,"max_hp_loss":0,"event_name":"Nest","floor":23,"gold_loss":0,"cards_obtained":["RitualDagger"]}],"is_beta":true,"boss_relics":[{"not_picked":["Snecko Eye","Sozu"],"picked":"Mark of Pain"}],"items_purged_floors":[],"is_endless":false,"potions_floor_spawned":[4,12,14,18],"killed_by":"Book of Stabbing","ascension_level":19}}