{"host":"91blwi3hgehj6ch9","time":1610599987,"event":{"mods":["2.2 Compatiblity","AchievementEnabler","BaseMod","Colored Map","DeckTracker","Googly Eyes","Keyboard Shortcuts","Minty Spire (QoL Compilation)","Permanent Neow","Quick Restart","StSLib","SuperFastMode","everything is the same but u backflip on backflip"],"gold_per_floor":[114,42,42,58,58,86,97,97,97,113,140,157,174,189,189,189,189],"floor_reached":16,"language":"KOR","playtime":401,"items_purged":[],"score":177,"play_id":"9f3e91c7-4cb3-4682-a17c-471d985d9971","local_time":"20210114135307","is_ascension_mode":true,"campfire_choices":[{"floor":15.0,"key":"REST"}],"circlet_count":0,"master_deck":["AscendersBane","Strike_P","Strike_P","Strike_P","Strike_P","Defend_P","Defend_P+1","Defend_P","Defend_P","Eruption+1","Vigilance","MentalFortress","CrushJoints","FearNoEvil","Tantrum"],"relics":["Fusion Hammer","TeardropLocket","Gremlin Horn","Bag of Preparation"],"acts_visited":["Exordium"],"potions_floor_usage":[16,16],"damage_taken":[{"damage":0.0,"enemies":"Small Slimes","floor":1.0,"turns":3.0},{"damage":7.0,"enemies":"Jaw Worm","floor":4.0,"turns":4.0},{"damage":37.0,"enemies":"Gremlin Nob","floor":6.0,"turns":5.0},{"damage":0.0,"enemies":"Cultist","floor":7.0,"turns":3.0},{"damage":0.0,"enemies":"Blue Slaver","floor":10.0,"turns":2.0},{"damage":0.0,"enemies":"Exordium Thugs","floor":12.0,"turns":3.0},{"damage":0.0,"enemies":"3 Louse","floor":13.0,"turns":1.0},{"damage":0.0,"enemies":"Looter","floor":14.0,"turns":2.0},{"damage":33,"enemies":"The Guardian","floor":16,"turns":10}],"seed_played":"-158592643060676178","potions_obtained":[{"floor":4.0,"key":"FearPotion"},{"floor":10.0,"key":"DuplicationPotion"},{"floor":14.0,"key":"SteroidPotion"}],"is_trial":false,"path_per_floor":["M","$","?","M","$","E","M","?","T","M","T","M","M","M","R","B"],"character_chosen":"WATCHER","items_purchased":["MentalFortress"],"campfire_rested":1,"item_purchase_floors":[2],"current_hp_per_floor":[61,61,47,40,40,3,3,3,3,3,3,3,3,3,23,0,0],"gold":189,"neow_bonus":"BOSS_RELIC","is_daily":false,"chose_seed":false,"campfire_upgraded":0,"win_rate":0.0,"timestamp":1610599987,"path_taken":["M","$","?","M","$","E","M","?","T","M","?","?","M","M","R","BOSS"],"items_purchased_type":["Card"],"build_version":"2020-12-22","purchased_purges":0,"victory":false,"max_hp_per_floor":[68,68,68,68,68,68,68,68,68,68,68,68,68,68,68,68,68],"card_choices":[{"not_picked":["BowlingBash","ReachHeaven","WindmillStrike"],"picked":"SKIP","floor":1.0},{"not_picked":["Swivel","Consecrate"],"picked":"CrushJoints","floor":4.0},{"not_picked":["ForeignInfluence","PathToVictory","WreathOfFlame"],"picked":"SKIP","floor":6.0},{"not_picked":["ClearTheMind","WreathOfFlame"],"picked":"FearNoEvil","floor":7.0},{"not_picked":["Conclude","Nirvana"],"picked":"Tantrum","floor":10.0},{"not_picked":["Crescendo","BowlingBash","CrushJoints"],"picked":"SKIP","floor":12.0},{"not_picked":["JustLucky","CarveReality","Tantrum"],"picked":"SKIP","floor":13.0},{"not_picked":["Crescendo","ClearTheMind","CrushJoints"],"picked":"SKIP","floor":14.0}],"player_experience":178467,"relics_obtained":[{"floor":6.0,"key":"TeardropLocket"},{"floor":9.0,"key":"Gremlin Horn"},{"floor":11.0,"key":"Bag of Preparation"}],"event_choices":[{"damage_healed":0.0,"max_hp_gain":0.0,"max_hp_loss":0.0,"gold_gain":0.0,"event_name":"Shining Light","player_choice":"Entered Light","floor":3.0,"gold_loss":0.0,"damage_taken":14.0,"cards_upgraded":["Eruption","Defend_P"]},{"damage_healed":0.0,"max_hp_gain":0.0,"max_hp_loss":0.0,"gold_gain":0.0,"event_name":"Scrap Ooze","player_choice":"Fled","floor":8.0,"gold_loss":0.0,"damage_taken":0.0}],"is_beta":false,"boss_relics":[],"items_purged_floors":[],"is_endless":false,"potions_floor_spawned":[4,10,12,14],"killed_by":"The Guardian","ascension_level":14}}