{"host":"qrt7o4dq2qslzw13","time":1610606058,"event":{"mods":["AchievementEnabler","BaseMod","Colored Map","Colored Powertips","Minty Spire (QoL Compilation)","Quick Restart","StSLib","SuperFastMode"],"gold_per_floor":[116,191,207,207,222,222,0,0,0,0,0,30,44,60,60,162,162,175,185,200,213,227,227,227,237,237,271,271,271],"floor_reached":28,"language":"ENG","playtime":903,"items_purged":[],"score":232,"play_id":"77144e9f-438b-4f4b-a3ec-05f3d16c4aa0","local_time":"20210114013418","is_ascension_mode":false,"campfire_choices":[{"data":"Eruption","floor":6.0,"key":"SMITH"},{"data":"MasterReality","floor":8.0,"key":"SMITH"},{"data":"FlyingSleeves","floor":10.0,"key":"SMITH"},{"data":"CrushJoints","floor":15.0,"key":"SMITH"},{"floor":23.0,"key":"REST"}],"circlet_count":0,"master_deck":["Strike_P+1","Strike_P+1","Strike_P+1","Strike_P+1","Defend_P+1","Defend_P+1","Defend_P+1","Defend_P+1","Eruption+1","Vigilance","Master of Strategy","BattleHymn","Crescendo","Worship","MasterReality+1","FollowUp","FlyingSleeves+1","Wish","CrushJoints+1","DeusExMachina","Protect","Wireheading","Study+1","ReachHeaven+1","DeceiveReality+1","Pray","SignatureMove"],"relics":["PureWater","Anchor","Pear","Shuriken","Pantograph","Pen Nib"],"acts_visited":["Exordium","TheCity"],"potions_floor_usage":[],"damage_taken":[{"damage":0.0,"enemies":"Small Slimes","floor":1.0,"turns":2.0},{"damage":3.0,"enemies":"Jaw Worm","floor":3.0,"turns":3.0},{"damage":0.0,"enemies":"2 Louse","floor":5.0,"turns":2.0},{"damage":2.0,"enemies":"Looter","floor":13.0,"turns":4.0},{"damage":0.0,"enemies":"Exordium Wildlife","floor":14.0,"turns":3.0},{"damage":29.0,"enemies":"The Guardian","floor":16.0,"turns":5.0},{"damage":20.0,"enemies":"2 Thieves","floor":18.0,"turns":3.0},{"damage":0.0,"enemies":"Shell Parasite","floor":19.0,"turns":2.0},{"damage":0.0,"enemies":"Cultist and Chosen","floor":20.0,"turns":4.0},{"damage":20.0,"enemies":"Snake Plant","floor":21.0,"turns":4.0},{"damage":6.0,"enemies":"Centurion and Healer","floor":22.0,"turns":4.0},{"damage":5.0,"enemies":"Chosen and Byrds","floor":25.0,"turns":5.0},{"damage":20.0,"enemies":"Gremlin Leader","floor":27.0,"turns":5.0},{"damage":0,"enemies":"Cultist and Chosen","floor":28,"turns":1}],"seed_played":"-2943571437066288535","potions_obtained":[{"floor":3.0,"key":"Swift Potion"},{"floor":13.0,"key":"GamblersBrew"},{"floor":16.0,"key":"Weak Potion"},{"floor":18.0,"key":"Fire Potion"},{"floor":25.0,"key":"Energy Potion"}],"is_trial":false,"path_per_floor":["M","?","M","?","M","R","$","R","T","R","T","?","M","M","R","B",null,"M","M","M","M","M","R","?","M","T","E","M"],"character_chosen":"WATCHER","items_purchased":["MasterReality","FollowUp","FlyingSleeves"],"campfire_rested":1,"item_purchase_floors":[7,7,7],"current_hp_per_floor":[51,40,37,61,61,61,61,61,61,61,71,71,69,69,69,40,82,62,62,62,42,36,60,60,55,55,35,35,35],"gold":271,"neow_bonus":"RANDOM_COLORLESS_2","is_daily":false,"chose_seed":false,"campfire_upgraded":4,"win_rate":0.0,"timestamp":1610606058,"path_taken":["M","?","M","?","M","R","$","R","T","R","?","?","M","?","R","BOSS","M","M","M","M","M","R","?","M","T","E","M"],"items_purchased_type":["Card","Card","Card"],"build_version":"2020-12-22","purchased_purges":0,"victory":false,"max_hp_per_floor":[72,72,72,72,72,72,72,72,72,72,82,82,82,82,82,82,82,82,82,82,82,82,82,82,82,82,82,82,82],"card_choices":[{"not_picked":["The Bomb","Transmutation"],"picked":"Master of Strategy","floor":0.0},{"not_picked":["FlurryOfBlows","EmptyBody"],"picked":"BattleHymn","floor":1.0},{"not_picked":["Vengeance","JustLucky"],"picked":"Crescendo","floor":3.0},{"not_picked":["Crescendo","CutThroughFate"],"picked":"Worship","floor":5.0},{"not_picked":["FlurryOfBlows","Protect"],"picked":"Wish","floor":13.0},{"not_picked":["PathToVictory","SashWhip"],"picked":"CrushJoints","floor":14.0},{"not_picked":["Judgement","Scrawl"],"picked":"DeusExMachina","floor":16.0},{"not_picked":["Nirvana","EmptyFist"],"picked":"Protect","floor":18.0},{"not_picked":["FlurryOfBlows","Crescendo","Wireheading"],"picked":"SKIP","floor":19.0},{"not_picked":["FlurryOfBlows","Crescendo"],"picked":"Wireheading","floor":19.0},{"not_picked":["CutThroughFate+1","SashWhip"],"picked":"Study+1","floor":20.0},{"not_picked":["ThirdEye+1","WreathOfFlame+1"],"picked":"ReachHeaven+1","floor":21.0},{"not_picked":["Tantrum","FlurryOfBlows+1"],"picked":"DeceiveReality+1","floor":22.0},{"not_picked":["ClearTheMind","Crescendo"],"picked":"Pray","floor":25.0},{"not_picked":["BowlingBash","Blasphemy"],"picked":"SignatureMove","floor":27.0}],"player_experience":565804,"relics_obtained":[{"floor":9.0,"key":"Anchor"},{"floor":11.0,"key":"Pear"},{"floor":26.0,"key":"Pantograph"},{"floor":27.0,"key":"Pen Nib"}],"event_choices":[{"damage_healed":0.0,"max_hp_gain":0.0,"max_hp_loss":0.0,"gold_gain":75.0,"event_name":"World of Goop","player_choice":"Gather Gold","floor":2.0,"gold_loss":0.0,"damage_taken":11.0},{"damage_healed":24.0,"max_hp_gain":0.0,"max_hp_loss":0.0,"gold_gain":0.0,"event_name":"Big Fish","player_choice":"Banana","floor":4.0,"gold_loss":0.0,"damage_taken":0.0},{"damage_healed":0.0,"max_hp_gain":0.0,"max_hp_loss":0.0,"gold_gain":30.0,"event_name":"Dead Adventurer","player_choice":"Searched \u00273\u0027 times","floor":12.0,"gold_loss":0.0,"damage_taken":0.0,"relics_obtained":["Shuriken"]},{"damage_healed":0.0,"max_hp_gain":0.0,"max_hp_loss":0.0,"gold_gain":0.0,"event_name":"Back to Basics","player_choice":"Simplicity","floor":24.0,"gold_loss":0.0,"damage_taken":0.0,"cards_upgraded":["Strike_P","Strike_P","Strike_P","Strike_P","Defend_P","Defend_P","Defend_P","Defend_P"]}],"is_beta":false,"boss_relics":[{"not_picked":["Fusion Hammer","Snecko Eye","Runic Pyramid"]}],"items_purged_floors":[],"is_endless":false,"potions_floor_spawned":[3,13,16,18,25],"killed_by":"Cultist and Chosen","ascension_level":0}}