{"host":"fc97bmrl7qvj4ruk","time":1610644231,"event":{"mods":["BaseMod","Colored Map","Hubris","Minty Spire (QoL Compilation)","Replay The Spire","StSLib","The Construct"],"gold_per_floor":[111,111,111,111,121,147,147,166,243,243,261,294,294,308,308,403,403,415,38,38,55,84,117,32,64,64,64,40,40,40,91,91,210,210,236,11,11,11,11,40,93,112,161,161,177,177],"floor_reached":45,"language":"ZHS","playtime":3586,"items_purged":[],"score":705,"play_id":"0f3ed444-0e74-4f34-b61b-8b34ea1b9e59","local_time":"20210114131031","is_ascension_mode":false,"campfire_choices":[{"data":"construct:AttackMode","floor":7,"key":"SMITH"},{"data":"construct:DefenseMode","floor":10,"key":"SMITH"},{"data":"construct:FlameCore","floor":15,"key":"SMITH"},{"data":"Magnetism","floor":27,"key":"SMITH"},{"data":"construct:ShiftStrike","floor":30,"key":"SMITH"},{"data":"construct:BatteryCore","floor":32,"key":"SMITH"}],"circlet_count":0,"master_deck":["construct:Strike_Gold+1","construct:Strike_Gold+1","construct:Strike_Gold+1","construct:Strike_Gold+1","construct:Strike_Gold+1","construct:Defend_Gold+1","construct:Defend_Gold+1","construct:Defend_Gold+1","construct:Defend_Gold+1","construct:AttackMode+1","construct:DefenseMode+1","construct:Boost","construct:Autoturret+1","construct:ClusterMines","construct:FlameCore+1","construct:SweepLaser","construct:SweepLaser","construct:ShiftStrike+1","construct:Boost","construct:BatteryCore+1","construct:CriticalHit","Magnetism+1","construct:ReactiveShield+1","construct:Boost","construct:Versatility","construct:Autoturret","construct:Autoturret","construct:QuickAttack+1","construct:Boost","construct:Autoturret","construct:SpinDrive","construct:GuardCore+1","construct:AttackMode+1","construct:OmegaCannon","construct:CripplingShot+1","construct:Forcefield+1","construct:Zapper"],"relics":["construct:Cogwheel","hubris:Towel","Happy Flower","Pantograph","Ornamental Fan","hubris:CuriousFeather","SacredBark","Membership Card","Boot","Red Mask","Chameleon Ring","Lee\u0027s Waffle","Replay:Bandana","InkBottle","Gremlin Horn","SlaversCollar","construct:PurpleEmber","DollysMirror","hubris:Icosahedron","hubris:SphereOfDissonance","hubris:ToyBattleship"],"acts_visited":["Exordium","TheCity","TheBeyond"],"potions_floor_usage":[21,23,33,41],"damage_taken":[{"damage":0,"enemies":"2 Louse","floor":1,"turns":3},{"damage":5,"enemies":"Small Slimes","floor":5,"turns":4},{"damage":29,"enemies":"Replay:BlueRogue","floor":6,"turns":12},{"damage":7,"enemies":"Cultist","floor":8,"turns":3},{"damage":6,"enemies":"Red Slaver","floor":11,"turns":3},{"damage":20,"enemies":"Gremlin Nob","floor":12,"turns":4},{"damage":6,"enemies":"Looter","floor":14,"turns":3},{"damage":0,"enemies":"Slime Boss","floor":16,"turns":6},{"damage":0,"enemies":"3 Byrds","floor":18,"turns":4},{"damage":3,"enemies":"Chosen","floor":21,"turns":4},{"damage":45,"enemies":"Masked Bandits","floor":22,"turns":5},{"damage":9,"enemies":"Gremlin Leader","floor":23,"turns":6},{"damage":17,"enemies":"Replay:Snechameleon","floor":25,"turns":4},{"damage":5,"enemies":"Book of Stabbing","floor":31,"turns":5},{"damage":42,"enemies":"Collector","floor":33,"turns":8},{"damage":0,"enemies":"Orb Walker","floor":35,"turns":3},{"damage":12,"enemies":"3 Shapes","floor":40,"turns":3},{"damage":29,"enemies":"R_Hoarder","floor":41,"turns":4},{"damage":42,"enemies":"Jaw Worm Horde","floor":42,"turns":4},{"damage":22,"enemies":"3 Darklings","floor":45,"turns":3}],"seed_played":"-3449591928736101946","potions_obtained":[{"floor":1,"key":"ColorlessPotion"},{"floor":5,"key":"LiquidMemories"},{"floor":12,"key":"BlessingOfTheForge"},{"floor":22,"key":"Dexterity Potion"},{"floor":25,"key":"CultistPotion"},{"floor":31,"key":"Death Potion"}],"is_trial":false,"path_per_floor":["M","?","?","?","M","E","R","M","T","R","M","E","?","M","R","B",null,"M","$","?","M","?","E","$","E","T","R","$","?","R","E","R","B",null,"M","$","?","$","?","M","E","M","T","?","M"],"character_chosen":"THE_CONSTRUCT_MOD","items_purchased":["Membership Card","Magnetism","Boot","construct:ReactiveShield","construct:Boost","construct:Autoturret","Lee\u0027s Waffle","construct:Boost","construct:PurpleEmber","DollysMirror"],"campfire_rested":0,"item_purchase_floors":[19,19,19,19,19,24,24,28,36,36],"current_hp_per_floor":[93,93,93,93,88,59,59,52,52,52,46,26,26,20,20,45,93,93,93,93,90,45,36,100,83,83,83,83,83,83,78,78,58,100,100,100,100,100,100,88,59,17,17,17,0,0],"gold":177,"neow_bonus":"TEN_PERCENT_HP_BONUS","is_daily":false,"chose_seed":false,"campfire_upgraded":6,"win_rate":0.0,"timestamp":1610644231,"path_taken":["M","?","?","?","M","E","R","M","T","R","M","E","?","M","R","BOSS","M","?","?","?","?","E","$","E","T","R","?","?","R","E","R","BOSS","M","$","?","?","?","M","E","M","T","?","?"],"items_purchased_type":["Relic","Card","Relic","Card","Card","Card","Relic","Card","Relic","Relic"],"build_version":"2020-12-22","purchased_purges":0,"victory":false,"max_hp_per_floor":[93,93,93,93,93,93,93,93,93,93,93,93,93,93,93,93,93,93,93,93,93,93,93,100,100,100,100,100,100,100,100,100,100,100,100,100,100,100,100,100,100,100,100,100,100,100],"card_choices":[{"not_picked":["construct:VentSteam","construct:SweepLaser"],"picked":"construct:Boost","floor":1},{"not_picked":["construct:SuppressiveFire","construct:VentSteam"],"picked":"construct:ClusterMines","floor":5},{"not_picked":["construct:SweepLaser","construct:ClusterMines"],"picked":"construct:FlameCore","floor":6},{"not_picked":["construct:ClusterMines","construct:UnbalancingBlast"],"picked":"construct:SweepLaser","floor":8},{"not_picked":["construct:Hazardproof","construct:Backfire"],"picked":"construct:SweepLaser","floor":11},{"not_picked":["construct:SweepLaser","construct:SyphonStrike"],"picked":"construct:ShiftStrike","floor":12},{"not_picked":["construct:OmegaCannon","construct:SaveState"],"picked":"construct:Boost","floor":14},{"not_picked":["construct:GoldenBullet","construct:HastyRepair"],"picked":"construct:BatteryCore","floor":16},{"not_picked":["construct:HeavyBolt+1","construct:Analyze"],"picked":"construct:CriticalHit","floor":18},{"not_picked":["construct:ScrapCannon+1","construct:Backfire"],"picked":"construct:Versatility","floor":21},{"not_picked":["construct:GuardCore","construct:Missile"],"picked":"construct:Autoturret","floor":22},{"not_picked":["construct:Stasis","construct:FocusedBeam"],"picked":"construct:Autoturret","floor":23},{"not_picked":["construct:HyperBeam","construct:Failsafe"],"picked":"construct:QuickAttack+1","floor":25},{"not_picked":["construct:Hazardproof","construct:ScrapCannon"],"picked":"construct:Autoturret","floor":31},{"not_picked":["construct:ClockworkEgg","construct:LongRangeLance"],"picked":"construct:SpinDrive","floor":33},{"not_picked":["construct:Chainstrike+1","construct:Autoturret"],"picked":"construct:GuardCore+1","floor":35},{"not_picked":["construct:SyphonStrike","construct:Backfire"],"picked":"construct:OmegaCannon","floor":40},{"not_picked":["construct:SuppressiveFire","construct:Stasis+1"],"picked":"construct:CripplingShot+1","floor":41},{"not_picked":["construct:Analyze","construct:Reinforce"],"picked":"construct:Forcefield+1","floor":42}],"player_experience":135025,"relics_obtained":[{"floor":6,"key":"Pantograph"},{"floor":9,"key":"Ornamental Fan"},{"floor":12,"key":"hubris:CuriousFeather"},{"floor":22,"key":"Red Mask"},{"floor":23,"key":"Chameleon Ring"},{"floor":25,"key":"Replay:Bandana"},{"floor":26,"key":"InkBottle"},{"floor":31,"key":"Gremlin Horn"},{"floor":41,"key":"hubris:SphereOfDissonance"},{"floor":43,"key":"hubris:ToyBattleship"}],"event_choices":[{"damage_healed":0,"gold_gain":0,"player_choice":"Box","damage_taken":0,"relics_obtained":["Happy Flower"],"max_hp_gain":0,"max_hp_loss":0,"event_name":"Big Fish","floor":3,"gold_loss":0,"cards_obtained":["Regret"]},{"cards_removed":["Regret"],"damage_healed":0,"gold_gain":0,"player_choice":"Took Card","damage_taken":0,"max_hp_gain":0,"max_hp_loss":0,"event_name":"NoteForYourself","floor":13,"gold_loss":0,"cards_obtained":["Iron Wave"]},{"damage_healed":0,"gold_gain":0,"player_choice":"Upgraded","damage_taken":0,"max_hp_gain":0,"max_hp_loss":0,"event_name":"Upgrade Shrine","floor":20,"gold_loss":0,"cards_upgraded":["construct:ReactiveShield"]},{"damage_healed":0,"gold_gain":0,"player_choice":"Fought Bandits","damage_taken":0,"max_hp_gain":0,"max_hp_loss":0,"event_name":"Masked Bandits","floor":22,"gold_loss":0},{"damage_healed":0,"gold_gain":0,"player_choice":"Simplicity","damage_taken":0,"max_hp_gain":0,"max_hp_loss":0,"event_name":"Back to Basics","floor":29,"gold_loss":0,"cards_upgraded":["construct:Strike_Gold","construct:Strike_Gold","construct:Strike_Gold","construct:Strike_Gold","construct:Strike_Gold","construct:Defend_Gold","construct:Defend_Gold","construct:Defend_Gold","construct:Defend_Gold"]},{"cards_removed":["Iron Wave"],"damage_healed":0,"gold_gain":0,"player_choice":"Card Removal","damage_taken":0,"max_hp_gain":0,"max_hp_loss":0,"event_name":"Wheel of Change","floor":37,"gold_loss":0},{"damage_healed":0,"gold_gain":0,"cards_transformed":["construct:Autoturret"],"player_choice":"Transformed","damage_taken":0,"max_hp_gain":0,"max_hp_loss":0,"event_name":"Transmorgrifier","floor":44,"gold_loss":0,"cards_obtained":["construct:Zapper"]}],"is_beta":false,"boss_relics":[{"not_picked":["Abe\u0027s Treasure","Kintsugi"],"picked":"SacredBark"},{"not_picked":["Coffee Dripper","ReplayTheSpireMod:DimensionalGlitch"],"picked":"SlaversCollar"}],"items_purged_floors":[],"is_endless":false,"potions_floor_spawned":[1,5,12,16,18,22,25,31],"killed_by":"3 Darklings","ascension_level":0}}