{"host":"r5cycnjhcbwgkpkf","time":1610655450,"event":{"mods":["2.2 Compatiblity","AchievementEnabler","BaseMod","Bestiary","Better Match","Better Note","Better Skull","Better Third Choice","BetterRewards","Colored Map","Colored Powertips","Downfall","Infinite Spire","Minty Spire (QoL Compilation)","Replay The Spire","Spicy Shops","StSLib"],"gold_per_floor":[110,125,141,153,153,153,153,153,153,163,177,188,188,206,206,308,308,323,422,437,437,111,111,145,145,168,193,211,3,19,19,19,120,120,145,145,145,145,172,172,172,172],"floor_reached":41,"language":"ENG","playtime":2588,"items_purged":["Strike_B","Strike_B"],"score":1160,"play_id":"e3bfa92b-7e92-4bdc-8f28-3982791eb4c5","local_time":"20210114121730","is_ascension_mode":true,"campfire_choices":[{"floor":6.0,"key":"REST"},{"data":"Chill","floor":8.0,"key":"SMITH"},{"data":"White Noise","floor":13.0,"key":"SMITH"},{"data":"Creative AI","floor":15.0,"key":"SMITH"},{"floor":23.0,"key":"REST"},{"floor":25.0,"key":"REST"},{"floor":40,"key":"REST"}],"circlet_count":0,"master_deck":["AscendersBane","Strike_B","Strike_B","Defend_B","Defend_B","Defend_B","Defend_B","Zap","Dualcast","Static Discharge","White Noise+1","Conserve Battery","Chill+1","Creative AI+1","Self Repair","Madness","Consume","Redo","BootSequence+1","Core Surge","Melter","Loop","Amplify+1","Defragment+1","Reboot+1"],"relics":["Cracked Core","Emotion Chip","Runic Capacitor","OrangePellets","ReplayTheSpireMod:Ring of Collecting","Ring of Hypnosis","Question Card","Kunai","MawBank","Tiny Chest","Toxic Egg 2","DataDisk","Calipers","infinitespire:EvilPickle","Sozu","infinitespire:Broken Mirror"],"acts_visited":["Exordium","TheCity","TheBeyond"],"potions_floor_usage":[],"damage_taken":[{"damage":1.0,"enemies":"infinitespire:Voidling","floor":1.0,"turns":3.0},{"damage":4.0,"enemies":"Jaw Worm","floor":2.0,"turns":4.0},{"damage":1.0,"enemies":"Cultist","floor":3.0,"turns":4.0},{"damage":5.0,"enemies":"3 Louse","floor":4.0,"turns":4.0},{"damage":1.0,"enemies":"Exordium Wildlife","floor":10.0,"turns":4.0},{"damage":9.0,"enemies":"Red Slaver","floor":11.0,"turns":4.0},{"damage":3.0,"enemies":"Blue Slaver","floor":12.0,"turns":4.0},{"damage":1.0,"enemies":"Lots of Slimes","floor":14.0,"turns":4.0},{"damage":55.0,"enemies":"Slime Boss","floor":16.0,"turns":9.0},{"damage":10.0,"enemies":"3 Byrds","floor":18.0,"turns":5.0},{"damage":17.0,"enemies":"Shell Parasite","floor":20.0,"turns":6.0},{"damage":50.0,"enemies":"Book of Stabbing","floor":24.0,"turns":8.0},{"damage":54.0,"enemies":"Gremlin Leader","floor":27.0,"turns":9.0},{"damage":12.0,"enemies":"Centurion and Healer","floor":28.0,"turns":11.0},{"damage":8.0,"enemies":"Snake Plant","floor":30.0,"turns":5.0},{"damage":18.0,"enemies":"Pondfish","floor":33.0,"turns":6.0},{"damage":20,"enemies":"3 Shapes","floor":35,"turns":4},{"damage":17,"enemies":"3 Darklings","floor":39,"turns":6},{"damage":74,"enemies":"Giant Head","floor":41,"turns":6}],"seed_played":"5684024457171167059","potions_obtained":[{"floor":1.0,"key":"Block Potion"},{"floor":2.0,"key":"Regen Potion"},{"floor":12.0,"key":"DuplicationPotion"},{"floor":14.0,"key":"AttackPotion"},{"floor":27.0,"key":"LiquidBronze"},{"floor":28.0,"key":"BlessingOfTheForge"}],"is_trial":false,"path_per_floor":["M","M","M","M","?","R","T","R","T","M","M","M","R","M","R","B",null,"M","?","M","T","$","R","E","R","T","E","M","$","M","?","R_BF","B",null,"M","$","?","T","M","R","E"],"character_chosen":"DEFECT","items_purchased":["Emotion Chip","Runic Capacitor","Static Discharge","White Noise","OrangePellets","Loop","Tiny Chest","Defragment"],"campfire_rested":4,"item_purchase_floors":[0,0,0,0,0,22,22,29],"current_hp_per_floor":[43,39,38,33,33,55,55,55,55,61,59,56,56,62,62,14,60,57,57,47,47,47,69,41,63,63,16,11,11,10,10,32,21,62,49,49,53,53,43,65,0,0],"gold":172,"neow_bonus":"","is_daily":false,"chose_seed":false,"campfire_upgraded":3,"win_rate":0.0,"timestamp":1610655450,"path_taken":["M","?","M","M","?","R","?","R","T","M","M","M","R","?","R","BOSS","M","?","M","?","$","R","E","R","T","E","M","$","?","?","R_BF","BOSS","M","$","?","?","M","R","E"],"items_purchased_type":["Relic","Relic","Card","Card","Relic","Card","Relic","Card"],"build_version":"2020-12-22","purchased_purges":2,"victory":false,"max_hp_per_floor":[75,75,75,75,75,75,75,75,75,75,75,75,75,75,75,75,75,75,75,75,75,75,75,75,75,75,75,75,75,75,75,75,75,75,75,75,75,75,75,75,75,75],"card_choices":[{"not_picked":["White Noise","Redo"],"picked":"Conserve Battery","floor":1.0},{"not_picked":["Conserve Battery","Rip and Tear"],"picked":"Chill","floor":2.0},{"not_picked":["Tempest","Steam"],"picked":"Creative AI","floor":3.0},{"not_picked":["Genetic Algorithm","Stack"],"picked":"Self Repair","floor":4.0},{"not_picked":["Glacier","Conserve Battery","Biased Cognition"],"picked":"Consume","floor":10.0},{"not_picked":["Steam","Glacier","Coolheaded"],"picked":"Redo","floor":11.0},{"not_picked":["Undo","Go for the Eyes","Beam Cell"],"picked":"BootSequence","floor":12.0},{"not_picked":["Streamline","Rebound","Compile Driver","Redo"],"picked":"SKIP","floor":14.0},{"not_picked":["Multi-Cast","Fission","Reboot"],"picked":"Core Surge","floor":16.0},{"not_picked":["Gash","Auto Shields+1","Aggregate+1"],"picked":"Melter","floor":18.0},{"not_picked":["Hologram+1","Hello World","Gash","Fusion"],"picked":"SKIP","floor":20.0},{"not_picked":["Redo+1","Ball Lightning+1","Lockon+1"],"picked":"Amplify+1","floor":24.0},{"not_picked":["Undo+1","Ball Lightning","Capacitor","Sweeping Beam"],"picked":"SKIP","floor":27.0},{"not_picked":["Skim+1","Auto Shields+1","Redo+1","Sweeping Beam"],"picked":"SKIP","floor":28.0},{"not_picked":["Beam Cell","Heatsinks","Creative AI","Steam Power+1"],"picked":"SKIP","floor":30.0},{"not_picked":["Machine Learning","Creative AI","All For One"],"picked":"Reboot+1","floor":33.0},{"not_picked":["Compile Driver","Cold Snap","Ball Lightning","Leap+1"],"picked":"SKIP","floor":35},{"not_picked":["Rebound+1","Steam+1","Ball Lightning+1","Force Field+1"],"picked":"SKIP","floor":39}],"player_experience":425071,"relics_obtained":[{"floor":5.0,"key":"ReplayTheSpireMod:Ring of Collecting"},{"floor":7.0,"key":"Ring of Hypnosis"},{"floor":7.0,"key":"Question Card"},{"floor":9.0,"key":"Kunai"},{"floor":21.0,"key":"MawBank"},{"floor":24.0,"key":"Toxic Egg 2"},{"floor":26.0,"key":"DataDisk"},{"floor":27.0,"key":"Calipers"},{"floor":38,"key":"infinitespire:Broken Mirror"}],"event_choices":[{"damage_healed":0.0,"max_hp_gain":0.0,"max_hp_loss":0.0,"gold_gain":99.0,"event_name":"betterThird:BetterNest","player_choice":"Steal","floor":19.0,"gold_loss":0.0,"damage_taken":0.0},{"damage_healed":0.0,"max_hp_gain":0.0,"max_hp_loss":0.0,"gold_gain":0.0,"event_name":"Accursed Blacksmith","player_choice":"Forge","floor":31.0,"gold_loss":0.0,"damage_taken":0.0,"cards_upgraded":["Defragment"]},{"damage_healed":4,"gold_gain":0,"player_choice":"LEAVE ","damage_taken":0,"relics_obtained":[],"max_hp_gain":0,"max_hp_loss":0,"event_name":"betterSkull:BetterSkull","floor":37,"gold_loss":0,"cards_upgraded":[]}],"is_beta":false,"boss_relics":[{"not_picked":["Honey Jar","Ectoplasm","Inserter"]},{"not_picked":["SacredBark","Replay:Wanted Poster"],"picked":"Sozu"}],"items_purged_floors":[22,29],"is_endless":false,"potions_floor_spawned":[1,2,12,14,16,18,27,28,35],"killed_by":"Giant Head","ascension_level":10}}