{"host":"wonp23fsqqcu31ie","time":1610601151,"event":{"mods":["2.2 Compatiblity","AchievementEnabler","Aspiration","BaseMod","Bestiary","Better Altar","Better Match","Better Sensory Stone","Better Skull","Better Third Choice","BetterRewards","Block Reminder","Colored Map","Colored Powertips","Conspire","Curses Come First","DeckTracker","Displayed Cursed Tome","Downfall","Energized Spire","Evolution","Hermit","Highlight Path","Hubris","Infinite Spire","Marisa????????","Minty Spire (QoL Compilation)","Permanent Neow","Prisma Mod","Quick Restart","Rare Cards Sparkle","Relic Stats","Replay The Spire","Robot Space Explorer","Shade Mod","Shop Mod","StSLib","SuperFastMode","The Animator","The Bug Knight","The Construct","The Cursed","The Disciple","The Dragon Tamer","The Gatherer","The Hierophant","The Marked","The Mystic","The Necromancer","The Poker Player","The Runesmith","The Saiyan","The Servant 0.9.4","TheBandit"],"gold_per_floor":[114,130,140,140,153,180,180,89,161,161,186,196,225,225,225,225,225],"floor_reached":16,"language":"ENG","playtime":1027,"items_purged":["Overencumbered"],"score":120,"play_id":"3103fafc-bc1f-4aba-ac39-53aae80d35c3","local_time":"20210114161231","is_ascension_mode":false,"campfire_choices":[{"floor":7,"key":"REST"}],"circlet_count":0,"master_deck":["mysticmod:Strike_Mystic","mysticmod:Strike_Mystic","mysticmod:Strike_Mystic","mysticmod:Strike_Mystic","mysticmod:Defend_Mystic","mysticmod:Defend_Mystic","mysticmod:Defend_Mystic","mysticmod:Defend_Mystic","mysticmod:ArcaneDodge","mysticmod:ShockingGrasp","mysticmod:Snowball","mysticmod:Fly+1","mysticmod:Probe","mysticmod:LightningBolt","mysticmod:Alacrity+1","mysticmod:Daze+1","mysticmod:Disintegrate","Bandage Up+1","mysticmod:LightningBolt","mysticmod:Sideswipe+1","mysticmod:EnergizedRift+1"],"relics":["EVO:Axolotl","ReplayTheSpireMod:CursedCoin","Bronze Scales","Toxic Egg 2","MerchantsRug","Peace Pipe","conspire:Boomerang","Sundial","Chameleon Ring","Toy Ornithopter","Replay:Ringing Soul","m_BookOfShivs"],"acts_visited":["Exordium"],"potions_floor_usage":[6,11,13,16],"damage_taken":[{"damage":4,"enemies":"infinitespire:Voidling","floor":1,"turns":3},{"damage":0,"enemies":"2 Louse","floor":2,"turns":2},{"damage":0,"enemies":"Jaw Worm","floor":3,"turns":3},{"damage":0,"enemies":"Gremlin Gang","floor":5,"turns":4},{"damage":1,"enemies":"3 Sentries","floor":6,"turns":5},{"damage":10,"enemies":"HollowMod:MossKnight","floor":11,"turns":6},{"damage":2,"enemies":"Looter","floor":12,"turns":3},{"damage":31,"enemies":"Lagavulin","floor":13,"turns":5},{"damage":43,"enemies":"The Guardian","floor":16,"turns":7}],"seed_played":"235970790588545810","potions_obtained":[{"floor":1,"key":"Dexterity Potion"},{"floor":10,"key":"champ:CounterPotion"},{"floor":10,"key":"LiquidBronze"},{"floor":12,"key":"AttackPotion"}],"is_trial":false,"path_per_floor":["M","M","M","?","M","E","R","$","T","R","E","M","E","?","R_BF","B"],"character_chosen":"MYSTIC_CLASS","items_purchased":["ReplayTheSpireMod:CursedCoin","Bronze Scales","Toxic Egg 2","MerchantsRug","mysticmod:Snowball","Bandage Up+1"],"campfire_rested":1,"item_purchase_floors":[0,0,0,0,0,8],"current_hp_per_floor":[41,41,41,3,3,2,25,25,25,25,21,25,8,8,32,0,0],"gold":225,"neow_bonus":"","is_daily":false,"chose_seed":false,"campfire_upgraded":0,"win_rate":0.0,"timestamp":1610601151,"path_taken":["M","M","?","?","M","E","R","$","T","R","E","M","E","?","R_BF","BOSS"],"items_purchased_type":["Relic","Relic","Relic","Relic","Card","Card"],"build_version":"2020-12-22","purchased_purges":1,"victory":false,"max_hp_per_floor":[77,77,77,77,77,77,77,77,77,77,77,77,80,80,80,80,80],"relic_stats":{"Peace Pipe":0,"counters":[87,386],"Sundial":[2],"Bronze Scales":[912],"obtain_stats":[{"hubris:BallOfYels":23,"hubris:VirtuousBlindfold":34,"Whetstone":10,"EVO:Axolotl":36,"FrozenCore":17,"Replay:Ringing Soul":13,"Lizard Tail":40,"aspiration:EnhancedActuators":22,"m_BookOfShivs":14,"Sundial":6,"Strawberry":26,"Prayer Wheel":11,"aspiration:ArtOfWarUpgrade":32,"MealTicket":48,"Iron Hammer":26,"Replay:Bottled Flurry":54,"Kunai":39,"HollowMod:PaleOreRelic":27,"Replay:Wax Seal":9,"Toxic Egg 2":0,"MerchantsRug":21,"Girya":12,"Ring of Hypnosis":36,"hubris:DuctTape":40,"ReplayTheSpireMod:CursedCoin":0,"ReplayTheSpireMod:Ring of Addiction":38,"Oddly Smooth Stone":23,"Pen Nib":36,"Ring of Chaos":38,"conspire:SlowCooker":17,"conspire:Boomerang":4,"Letter Opener":21,"Akabeko":7,"aspiration:FrozenJewel":53,"SlaversCollar":34,"Bottled Flame":54,"Replay:Baseball":47,"hubris:BottledHeart":20,"infinitespire:Broken Mirror":36,"Bronze Scales":53,"ReplayTheSpireMod:TigerMarble":9,"CatCart":48,"Meat on the Bone":0,"infinitespire:Cupcake":34,"Lantern":37,"Replay:PocketPolymizer":0,"aspiration:TomeofQuesting":30,"hubris:EmptyBottle":38,"Ancient Tea Set":44,"Nunchaku":12,"hubris:Icosahedron":27,"Chameleon Ring":9,"Pantograph":21,"aspiration:AnachronicSnailShell":0,"hubris:Stopwatch":17,"Tiny Chest":9,"Cracked Core":0,"aspiration:ChemicalBlood":25,"Guide Book":53,"Circlet":38,"hubris:MedicalManual":0,"hubris:Towel":45,"MawBank":27,"Mercury Hourglass":10,"Peace Pipe":0,"Anchor":29,"Busted Crown":47,"Ornamental Fan":6,"Art of War":14,"Runesmith:AutoHammer":19,"Membership Card":38,"ReplayTheSpireMod:Ring of Challenge":36,"Toy Ornithopter":11,"ReplayTheSpireMod:ShopPack":22},{"hubris:BallOfYels":36,"hubris:VirtuousBlindfold":39,"Whetstone":5,"EVO:Axolotl":67,"FrozenCore":9,"Replay:Ringing Soul":86,"Lizard Tail":70,"aspiration:EnhancedActuators":35,"m_BookOfShivs":86,"Sundial":83,"Strawberry":13,"Prayer Wheel":6,"aspiration:ArtOfWarUpgrade":15,"MealTicket":21,"Iron Hammer":37,"Replay:Bottled Flurry":77,"Kunai":17,"HollowMod:PaleOreRelic":61,"Replay:Wax Seal":50,"Toxic Egg 2":78,"MerchantsRug":11,"Girya":30,"Ring of Hypnosis":40,"hubris:DuctTape":43,"ReplayTheSpireMod:CursedCoin":78,"ReplayTheSpireMod:Ring of Addiction":17,"Oddly Smooth Stone":12,"Pen Nib":17,"Ring of Chaos":17,"conspire:SlowCooker":55,"conspire:Boomerang":81,"Letter Opener":11,"Akabeko":4,"aspiration:FrozenJewel":76,"SlaversCollar":16,"Bottled Flame":23,"Replay:Baseball":74,"hubris:BottledHeart":34,"infinitespire:Broken Mirror":67,"Bronze Scales":22,"ReplayTheSpireMod:TigerMarble":27,"CatCart":75,"Meat on the Bone":45,"infinitespire:Cupcake":66,"Lantern":17,"Replay:PocketPolymizer":24,"aspiration:TomeofQuesting":64,"hubris:EmptyBottle":17,"Ancient Tea Set":19,"Nunchaku":7,"hubris:Icosahedron":37,"Chameleon Ring":83,"Pantograph":11,"aspiration:AnachronicSnailShell":24,"hubris:Stopwatch":32,"Tiny Chest":4,"Cracked Core":0,"aspiration:ChemicalBlood":60,"Guide Book":76,"Circlet":17,"hubris:MedicalManual":45,"hubris:Towel":19,"MawBank":14,"Mercury Hourglass":28,"Peace Pipe":78,"Anchor":14,"Busted Crown":74,"Ornamental Fan":50,"Art of War":8,"Runesmith:AutoHammer":34,"Membership Card":41,"ReplayTheSpireMod:Ring of Challenge":40,"Toy Ornithopter":84,"ReplayTheSpireMod:ShopPack":35},{"hubris:BallOfYels":177,"hubris:VirtuousBlindfold":194,"Whetstone":18,"EVO:Axolotl":292,"FrozenCore":38,"Replay:Ringing Soul":379,"Lizard Tail":307,"aspiration:EnhancedActuators":173,"m_BookOfShivs":379,"Sundial":365,"Strawberry":61,"Prayer Wheel":20,"aspiration:ArtOfWarUpgrade":74,"MealTicket":114,"Iron Hammer":181,"Replay:Bottled Flurry":340,"Kunai":87,"HollowMod:PaleOreRelic":266,"Replay:Wax Seal":231,"Toxic Egg 2":348,"MerchantsRug":49,"Girya":150,"Ring of Hypnosis":197,"hubris:DuctTape":211,"ReplayTheSpireMod:CursedCoin":348,"ReplayTheSpireMod:Ring of Addiction":87,"Oddly Smooth Stone":56,"Pen Nib":87,"Ring of Chaos":87,"conspire:SlowCooker":246,"conspire:Boomerang":356,"Letter Opener":49,"Akabeko":13,"aspiration:FrozenJewel":336,"SlaversCollar":85,"Bottled Flame":129,"Replay:Baseball":321,"hubris:BottledHeart":170,"infinitespire:Broken Mirror":292,"Bronze Scales":123,"ReplayTheSpireMod:TigerMarble":141,"CatCart":327,"Meat on the Bone":214,"infinitespire:Cupcake":289,"Lantern":87,"Replay:PocketPolymizer":132,"aspiration:TomeofQuesting":279,"hubris:EmptyBottle":87,"Ancient Tea Set":101,"Nunchaku":26,"hubris:Icosahedron":181,"Chameleon Ring":365,"Pantograph":49,"aspiration:AnachronicSnailShell":132,"hubris:Stopwatch":160,"Tiny Chest":13,"Cracked Core":0,"aspiration:ChemicalBlood":262,"Guide Book":336,"Circlet":87,"hubris:MedicalManual":214,"hubris:Towel":101,"MawBank":67,"Mercury Hourglass":144,"Peace Pipe":348,"Anchor":67,"Busted Crown":321,"Ornamental Fan":231,"Art of War":28,"Runesmith:AutoHammer":170,"Membership Card":201,"ReplayTheSpireMod:Ring of Challenge":197,"Toy Ornithopter":371,"ReplayTheSpireMod:ShopPack":173}],"Toy Ornithopter":10},"card_choices":[{"not_picked":["mysticmod:BladeMaster+1","mysticmod:PowerAttack+1"],"picked":"mysticmod:Probe","floor":1},{"not_picked":["mysticmod:ComponentsPouch","mysticmod:ComboCaster"],"picked":"mysticmod:LightningBolt","floor":2},{"not_picked":["mysticmod:PowerAttack+1","mysticmod:Riposte"],"picked":"mysticmod:Alacrity+1","floor":3},{"not_picked":["mysticmod:Sideswipe","mysticmod:Alacrity+1"],"picked":"mysticmod:Daze+1","floor":5},{"not_picked":["mysticmod:LightningBolt","mysticmod:Flourish"],"picked":"mysticmod:Disintegrate","floor":6},{"not_picked":["mysticmod:Alacrity+1","mysticmod:EbbAndFlow"],"picked":"mysticmod:LightningBolt","floor":11},{"not_picked":["mysticmod:DiviningBlow","mysticmod:Alacrity+1"],"picked":"mysticmod:Sideswipe","floor":12},{"not_picked":["mysticmod:Alacrity+1","mysticmod:SuddenClarity+1"],"picked":"mysticmod:EnergizedRift+1","floor":13}],"player_experience":516704,"relics_obtained":[{"floor":6,"key":"Sundial"},{"floor":9,"key":"Chameleon Ring"},{"floor":11,"key":"Toy Ornithopter"},{"floor":13,"key":"Replay:Ringing Soul"}],"event_choices":[{"damage_healed":0,"gold_gain":0,"player_choice":"Relic ","damage_taken":38,"max_hp_gain":0,"max_hp_loss":0,"event_name":"betterThird:BetterScrap","floor":4,"gold_loss":0,"cards_obtained":["Mirror Shield"]}],"is_beta":false,"boss_relics":[],"items_purged_floors":[0],"is_endless":false,"potions_floor_spawned":[1,12],"killed_by":"The Guardian","ascension_level":0}}