{"host":"f5n4tidiz2n5sooh","time":1610610525,"event":{"mods":["BaseMod","Colored Map","Minty Spire (QoL Compilation)","Relic Stats","Slay the Relics Exporter","StSLib"],"gold_per_floor":[118,128,128,203,34,34,67,67,116,150,167,14,14,33,33,105,105,116,136,151,151,151,151,151],"floor_reached":23,"language":"ENG","playtime":786,"items_purged":["Strike_R"],"score":398,"play_id":"2a997793-2f77-4f88-a5e3-857c68bfdad9","local_time":"20210114014845","is_ascension_mode":true,"campfire_choices":[{"data":"Inflame","floor":6,"key":"SMITH"},{"floor":8,"key":"REST"},{"data":"Bash","floor":13,"key":"SMITH"},{"data":"Immolate","floor":15,"key":"SMITH"}],"circlet_count":0,"master_deck":["AscendersBane","Strike_R+1","Strike_R+1","Strike_R+1","Defend_R+1","Defend_R+1","Defend_R+1","Defend_R+1","Bash+1","Inflame+1","Twin Strike","Pommel Strike","Spot Weakness","Spot Weakness","Reaper","Immolate+1","Corruption","Second Wind+1","Intimidate+1"],"relics":["Burning Blood","PreservedInsect","Paper Frog","Blood Vial","Bag of Marbles","Philosopher\u0027s Stone"],"acts_visited":["Exordium","TheCity"],"potions_floor_usage":[16,23],"damage_taken":[{"damage":14,"enemies":"Jaw Worm","floor":1,"turns":3},{"damage":10,"enemies":"Small Slimes","floor":2,"turns":3},{"damage":40,"enemies":"3 Sentries","floor":7,"turns":7},{"damage":25,"enemies":"Lagavulin","floor":10,"turns":4},{"damage":0,"enemies":"Cultist","floor":11,"turns":2},{"damage":0,"enemies":"2 Fungi Beasts","floor":14,"turns":2},{"damage":25,"enemies":"Slime Boss","floor":16,"turns":6},{"damage":36,"enemies":"2 Thieves","floor":18,"turns":3},{"damage":35,"enemies":"Shell Parasite","floor":19,"turns":4},{"damage":33,"enemies":"Snake Plant","floor":20,"turns":4},{"damage":37,"enemies":"Slavers","floor":23,"turns":1}],"seed_played":"7941546759053969908","potions_obtained":[{"floor":7,"key":"SpeedPotion"},{"floor":14,"key":"Regen Potion"},{"floor":16,"key":"Fire Potion"},{"floor":19,"key":"Regen Potion"}],"is_trial":false,"path_per_floor":["M","M","?","?","$","R","E","R","T","E","M","$","R","M","R","B",null,"M","M","M","?","?","E"],"character_chosen":"IRONCLAD","items_purchased":["PreservedInsect","Reaper"],"campfire_rested":1,"item_purchase_floors":[5,12],"current_hp_per_floor":[67,63,56,45,45,45,11,35,35,18,26,26,26,34,34,44,73,58,44,26,26,26,0,0],"gold":151,"neow_bonus":"TEN_PERCENT_HP_BONUS","is_daily":false,"chose_seed":false,"campfire_upgraded":3,"win_rate":0.0,"timestamp":1610610525,"path_taken":["M","M","?","?","$","R","E","R","T","E","M","?","R","M","R","BOSS","M","M","M","?","?","E"],"items_purchased_type":["Relic","Card"],"build_version":"2020-12-22","purchased_purges":1,"victory":false,"max_hp_per_floor":[82,82,82,82,82,82,82,82,82,82,82,82,82,82,82,82,82,82,82,82,82,82,82,82],"relic_stats":{"Blood Vial":16,"counters":[11,39],"PreservedInsect":103,"obtain_stats":[{"Blood Vial":9,"Philosopher\u0027s Stone":17,"PreservedInsect":5,"Bag of Marbles":10,"Burning Blood":0,"Paper Frog":7},{"Blood Vial":3,"Philosopher\u0027s Stone":7,"PreservedInsect":2,"Bag of Marbles":4,"Burning Blood":0,"Paper Frog":3},{"Blood Vial":13,"Philosopher\u0027s Stone":27,"PreservedInsect":6,"Bag of Marbles":17,"Burning Blood":0,"Paper Frog":13}],"Burning Blood":60},"card_choices":[{"not_picked":["True Grit","Sever Soul"],"picked":"Inflame","floor":1},{"not_picked":["Dual Wield","Body Slam"],"picked":"Twin Strike","floor":2},{"not_picked":["Seeing Red","Warcry"],"picked":"Pommel Strike","floor":7},{"not_picked":["Armaments","Disarm"],"picked":"Spot Weakness","floor":10},{"not_picked":["Armaments","Shrug It Off"],"picked":"Spot Weakness","floor":11},{"not_picked":["Blood for Blood","Disarm"],"picked":"Immolate","floor":14},{"not_picked":["Impervious","Fiend Fire"],"picked":"Corruption","floor":16},{"not_picked":["Havoc","Entrench"],"picked":"Second Wind+1","floor":18},{"not_picked":["Perfected Strike","Burning Pact","Dual Wield"],"picked":"SKIP","floor":19},{"not_picked":["Heavy Blade","Havoc"],"picked":"Intimidate+1","floor":20}],"player_experience":2006571,"relics_obtained":[{"floor":7,"key":"Paper Frog"},{"floor":9,"key":"Blood Vial"},{"floor":10,"key":"Bag of Marbles"}],"event_choices":[{"cards_removed":["Strike_R"],"damage_healed":0,"gold_gain":0,"player_choice":"Card Removal","damage_taken":7,"max_hp_gain":0,"max_hp_loss":0,"event_name":"Golden Wing","floor":3,"gold_loss":0},{"damage_healed":0,"gold_gain":75,"player_choice":"Gather Gold","damage_taken":11,"max_hp_gain":0,"max_hp_loss":0,"event_name":"World of Goop","floor":4,"gold_loss":0},{"damage_healed":0,"gold_gain":0,"player_choice":"Simplicity","damage_taken":0,"max_hp_gain":0,"max_hp_loss":0,"event_name":"Back to Basics","floor":21,"gold_loss":0,"cards_upgraded":["Strike_R","Strike_R","Strike_R","Defend_R","Defend_R","Defend_R","Defend_R"]},{"damage_healed":0,"gold_gain":0,"player_choice":"Ignored","damage_taken":0,"max_hp_gain":0,"max_hp_loss":0,"event_name":"The Mausoleum","floor":22,"gold_loss":0}],"is_beta":false,"boss_relics":[{"not_picked":["SacredBark","Ectoplasm"],"picked":"Philosopher\u0027s Stone"}],"items_purged_floors":[12],"is_endless":false,"potions_floor_spawned":[7,14,16,19],"killed_by":"Slavers","ascension_level":20}}