{"host":"01gbg40krdpein5y","time":1610611355,"event":{"mods":["BaseMod","BetterRewards","Minty Spire (QoL Compilation)","SuperFastMode","Transform Curses"],"gold_per_floor":[111,126,126,141,106,106,120,120,120,120,45,62,82,94,94,189,189,203,173,189,204,204,204,216,216,293,312,331,34,34,46,46,143,143,163,163,178,191,208,208,208,208,208,258,258,272,299,28,28,28],"floor_reached":51,"language":"ENG","playtime":2304,"items_purged":["Regret","Doubt"],"score":923,"play_id":"60702c42-a1b2-4096-9a77-d946ec15771a","local_time":"20210114000235","is_ascension_mode":false,"campfire_choices":[{"floor":6,"key":"REST"},{"data":"Storm","floor":8,"key":"SMITH"},{"data":"Defragment","floor":15,"key":"SMITH"},{"data":"Double Energy","floor":23,"key":"SMITH"},{"data":"Turbo","floor":25,"key":"SMITH"},{"floor":32,"key":"REST"},{"data":"Capacitor","floor":40,"key":"SMITH"},{"data":"White Noise","floor":42,"key":"SMITH"},{"floor":49,"key":"REST"}],"circlet_count":0,"master_deck":["Strike_B","Strike_B+1","Strike_B","Strike_B","Defend_B","Defend_B","Defend_B","Defend_B","Zap+1","Dualcast","Defragment+1","Turbo+1","Streamline","Storm+1","Double Energy+1","Electrodynamics","Electrodynamics","White Noise+1","Capacitor+1","Turbo+1","Storm+1","Storm+1","Creative AI+1","BootSequence+1","Parasite","Static Discharge","BootSequence+1","Apotheosis+1"],"relics":["Cracked Core","Lizard Tail","Pear","Meat on the Bone","Runic Pyramid","Question Card","DollysMirror","Cursed Key","Kunai","Turnip","Shuriken","Toxic Egg 2"],"acts_visited":["Exordium","TheCity","TheBeyond"],"potions_floor_usage":[13,16,16,21,21,28,33,33,39,50,50,50],"damage_taken":[{"damage":5,"enemies":"Small Slimes","floor":1,"turns":3},{"damage":6,"enemies":"Jaw Worm","floor":2,"turns":4},{"damage":1,"enemies":"Cultist","floor":4,"turns":3},{"damage":0,"enemies":"Gremlin Gang","floor":7,"turns":4},{"damage":9,"enemies":"Blue Slaver","floor":12,"turns":3},{"damage":8,"enemies":"Red Slaver","floor":13,"turns":3},{"damage":10,"enemies":"3 Louse","floor":14,"turns":3},{"damage":0,"enemies":"Slime Boss","floor":16,"turns":6},{"damage":10,"enemies":"Chosen","floor":18,"turns":3},{"damage":5,"enemies":"Spheric Guardian","floor":20,"turns":3},{"damage":18,"enemies":"Snake Plant","floor":21,"turns":3},{"damage":10,"enemies":"Snecko","floor":24,"turns":4},{"damage":12,"enemies":"3 Cultists","floor":27,"turns":3},{"damage":5,"enemies":"Cultist and Chosen","floor":28,"turns":3},{"damage":3,"enemies":"Snecko","floor":31,"turns":3},{"damage":45,"enemies":"Champ","floor":33,"turns":5},{"damage":20,"enemies":"3 Shapes","floor":35,"turns":4},{"damage":0,"enemies":"3 Darklings","floor":37,"turns":2},{"damage":3,"enemies":"4 Shapes","floor":38,"turns":3},{"damage":0,"enemies":"Transient","floor":39,"turns":5},{"damage":18,"enemies":"Mind Bloom Boss Battle","floor":44,"turns":3},{"damage":10,"enemies":"Maw","floor":46,"turns":5},{"damage":33,"enemies":"Reptomancer","floor":47,"turns":3},{"damage":71,"enemies":"Time Eater","floor":50,"turns":5}],"seed_played":"-8134566063462489779","potions_obtained":[{"floor":7,"key":"LiquidMemories"},{"floor":12,"key":"DuplicationPotion"},{"floor":13,"key":"Strength Potion"},{"floor":18,"key":"ColorlessPotion"},{"floor":19,"key":"Energy Potion"},{"floor":19,"key":"Regen Potion"},{"floor":27,"key":"DistilledChaos"},{"floor":28,"key":"SteroidPotion"},{"floor":38,"key":"Swift Potion"},{"floor":39,"key":"FearPotion"},{"floor":47,"key":"SteroidPotion"}],"is_trial":false,"path_per_floor":["M","M","?","M","?","R","M","R","T","?","$","M","M","M","R","B",null,"M","?","M","M","?","R","M","R","T","M","M","$","?","M","R","B",null,"M","?","M","M","M","R","?","R","T","?","T","M","E","$","R","B",null],"character_chosen":"DEFECT","items_purchased":["Defragment","Lizard Tail","DollysMirror","Storm","DuplicationPotion","Apotheosis+1"],"campfire_rested":3,"item_purchase_floors":[0,0,29,29,29,48],"current_hp_per_floor":[54,48,33,32,50,72,72,72,82,82,82,73,65,55,55,55,85,75,75,70,57,57,57,47,47,47,47,54,54,54,51,76,43,85,65,65,65,62,62,62,62,62,62,44,44,46,25,25,50,36],"gold":28,"neow_bonus":"","is_daily":false,"chose_seed":false,"campfire_upgraded":6,"win_rate":0.0,"timestamp":1610611355,"path_taken":["M","M","?","M","?","R","M","R","T","?","$","M","M","?","R","BOSS","M","?","?","M","?","R","M","R","T","M","M","$","?","M","R","BOSS","M","?","M","M","?","R","?","R","T","?","?","M","E","$","R","BOSS"],"items_purchased_type":["Card","Relic","Relic","Card","Potion","Card"],"build_version":"2020-12-22","purchased_purges":2,"victory":true,"max_hp_per_floor":[75,75,75,75,75,75,75,75,85,85,85,85,85,85,85,85,85,85,85,85,85,85,85,85,85,85,85,85,85,85,85,85,85,85,85,85,85,85,85,85,85,85,85,85,85,85,85,85,85,85],"card_choices":[{"not_picked":["Steam","Scrape"],"picked":"Turbo","floor":1},{"not_picked":["Ball Lightning","Cold Snap"],"picked":"Streamline","floor":2},{"not_picked":["White Noise","Rebound"],"picked":"Storm","floor":4},{"not_picked":["Sweeping Beam","White Noise"],"picked":"Double Energy","floor":7},{"not_picked":["Reinforced Body","Doom and Gloom","Steam Power"],"picked":"SKIP","floor":12},{"not_picked":["Hologram","Darkness","Barrage"],"picked":"SKIP","floor":13},{"not_picked":["Turbo","Cold Snap"],"picked":"Electrodynamics","floor":14},{"not_picked":["Biased Cognition","Hyperbeam"],"picked":"Electrodynamics","floor":16},{"not_picked":["Steam","Gash"],"picked":"White Noise","floor":18},{"not_picked":["Streamline","Cold Snap","Steam Power"],"picked":"SKIP","floor":20},{"not_picked":["Hologram","Compile Driver","Gash+1"],"picked":"SKIP","floor":21},{"not_picked":["Glacier","Ball Lightning"],"picked":"Capacitor","floor":24},{"not_picked":["Force Field","Stack","Conserve Battery"],"picked":"Turbo+1","floor":27},{"not_picked":["Hologram","Redo","Beam Cell","Steam Power+1"],"picked":"SKIP","floor":28},{"not_picked":["Sweeping Beam","Barrage+1","Streamline+1"],"picked":"Creative AI","floor":31},{"not_picked":["Multi-Cast","Hyperbeam","Rainbow"],"picked":"Creative AI","floor":33},{"not_picked":["Steam Power+1","Ball Lightning+1","Redo","Conserve Battery"],"picked":"SKIP","floor":35},{"not_picked":["Gash+1","Force Field","Conserve Battery"],"picked":"BootSequence+1","floor":37},{"not_picked":["Recycle","Fusion+1","Scrape","Gash+1"],"picked":"SKIP","floor":38},{"not_picked":["Redo","Leap+1","Barrage","Coolheaded+1"],"picked":"SKIP","floor":39},{"not_picked":["Streamline+1","Rebound","Beam Cell"],"picked":"Static Discharge","floor":46},{"not_picked":["Consume+1","Go for the Eyes","Auto Shields+1"],"picked":"BootSequence+1","floor":47}],"player_experience":316079,"relics_obtained":[{"floor":9,"key":"Pear"},{"floor":26,"key":"Question Card"},{"floor":43,"key":"Kunai"},{"floor":44,"key":"Turnip"},{"floor":45,"key":"Shuriken"},{"floor":47,"key":"Toxic Egg 2"}],"event_choices":[{"damage_healed":0,"gold_gain":0,"player_choice":"Entered Light","damage_taken":15,"max_hp_gain":0,"max_hp_loss":0,"event_name":"Shining Light","floor":3,"gold_loss":0,"cards_upgraded":["Strike_B","Zap"]},{"damage_healed":18,"gold_gain":0,"player_choice":"Healed","damage_taken":0,"max_hp_gain":0,"max_hp_loss":0,"event_name":"The Cleric","floor":5,"gold_loss":35},{"damage_healed":0,"gold_gain":0,"player_choice":"Box","damage_taken":0,"relics_obtained":["Meat on the Bone"],"max_hp_gain":0,"max_hp_loss":0,"event_name":"Big Fish","floor":10,"gold_loss":0,"cards_obtained":["Regret"]},{"damage_healed":0,"gold_gain":0,"player_choice":"Bought 2 Potions","damage_taken":0,"max_hp_gain":0,"max_hp_loss":0,"event_name":"The Woman in Blue","floor":19,"gold_loss":0},{"damage_healed":0,"gold_gain":0,"player_choice":"Ignored","damage_taken":0,"max_hp_gain":0,"max_hp_loss":0,"event_name":"Beggar","floor":22,"gold_loss":0},{"damage_healed":0,"gold_gain":0,"player_choice":"Upgraded","damage_taken":0,"max_hp_gain":0,"max_hp_loss":0,"event_name":"Upgrade Shrine","floor":30,"gold_loss":0,"cards_upgraded":["Storm"]},{"damage_healed":0,"gold_gain":0,"player_choice":"Forge","damage_taken":0,"max_hp_gain":0,"max_hp_loss":0,"event_name":"Accursed Blacksmith","floor":36,"gold_loss":0,"cards_upgraded":["Creative AI"]},{"cards_removed":["Creative AI"],"damage_healed":0,"gold_gain":0,"player_choice":"Removed Power","damage_taken":0,"max_hp_gain":0,"max_hp_loss":0,"event_name":"Falling","floor":41,"gold_loss":0},{"damage_healed":0,"gold_gain":0,"player_choice":"Fight","damage_taken":0,"max_hp_gain":0,"max_hp_loss":0,"event_name":"MindBloom","floor":44,"gold_loss":0}],"is_beta":false,"boss_relics":[{"not_picked":["Fusion Hammer","Velvet Choker"],"picked":"Runic Pyramid"},{"not_picked":["Coffee Dripper","Runic Dome"],"picked":"Cursed Key"}],"items_purged_floors":[11,48],"is_endless":false,"potions_floor_spawned":[7,12,13,18,27,28,38,39,47],"ascension_level":0}}