{"host":"vm3f1ccwgbs4oygt","time":1610655566,"event":{"mods":["BaseMod","BetterRewards","Colored Powertips","Minty Spire (QoL Compilation)","Permanent Neow","Replay The Spire","Shop Mod","StSLib"],"gold_per_floor":[110,110,66,82,99,128,128,128,128,154,154,154,154,172,172,273,273,293,293,68,78,78,78,113,124,148,168,168,11,29,62,62,158,158,169,79,4,14,34,34,62,62,62,62,62,76,91,111,111,111],"floor_reached":51,"language":"ENG","playtime":27231,"items_purged":["Writhe"],"score":739,"play_id":"e5f7cdc8-84f9-46bd-976b-063519735ca8","local_time":"20210114211926","is_ascension_mode":true,"campfire_choices":[{"data":"Choke","floor":7,"key":"SMITH"},{"data":"Venomology","floor":11,"key":"SMITH"},{"data":"Tactician","floor":13,"key":"SMITH"},{"data":"Blade Dance","floor":15,"key":"SMITH"},{"data":"Infinite Blades","floor":23,"key":"SMITH"},{"floor":28,"key":"REST"},{"data":"Blade Dance","floor":40,"key":"SMITH"}],"circlet_count":0,"master_deck":["Strike_G","Strike_G","Defend_G","Defend_G","Defend_G","Defend_G","Defend_G","Survivor","Neutralize","Leg Sweep","Tactician+1","Poisoned Stab","Choke+1","Venomology+1","Parasite","Blade Dance+1","Poison Darts","After Image+1","Predator+1","Bouncing Flask+1","Slice+1","Outmaneuver","Infinite Blades+1","Dash+1","Poisoned Stab+1","Endless Agony","Flying Knee","Footwork","Deflect","Underhanded Strike","Flying Knee","Acrobatics+1","Fluid Movement","Blade Dance+1","Adrenaline","Clumsy","Cloak And Dagger+1","Backflip+1","Infinite Blades+1","Slice+1","ReplayTheSpireMod:Brewmster","Enlightenment","Writhe","Infinite Blades+1","Deflect+1","Glass Knife"],"relics":["Ring of the Snake","NeowsBlessing","Tough Bandages","Shuriken","Byrd Skull","Astrolabe","Orrery","Red Mask","Nunchaku","Vajra","Replay:Multitool","Replay:Ancient Bell","Regal Pillow","Ornamental Fan","Calipers","Strawberry","Sundial"],"acts_visited":["Exordium","TheCity","TheBeyond"],"potions_floor_usage":[6,16,16,16,18,24,24,24,27,33,33,33,33,35,39,41,46,47,50,50,50,50,50,50,50,50,50,50,50,50],"damage_taken":[{"damage":0,"enemies":"2 Louse","floor":1,"turns":1},{"damage":0,"enemies":"Small Slimes","floor":4,"turns":1},{"damage":0,"enemies":"Jaw Worm","floor":5,"turns":1},{"damage":31,"enemies":"Lagavulin","floor":6,"turns":11},{"damage":24,"enemies":"3 Sentries","floor":10,"turns":13},{"damage":0,"enemies":"Red Slaver","floor":14,"turns":4},{"damage":12,"enemies":"Slime Boss","floor":16,"turns":9},{"damage":2,"enemies":"Spheric Guardian","floor":18,"turns":4},{"damage":0,"enemies":"3 Byrds","floor":21,"turns":4},{"damage":1,"enemies":"Masked Bandits","floor":24,"turns":5},{"damage":22,"enemies":"Cultist and Chosen","floor":25,"turns":6},{"damage":8,"enemies":"Sentry and Sphere","floor":27,"turns":4},{"damage":0,"enemies":"3 Cultists","floor":30,"turns":4},{"damage":2,"enemies":"Replay:Snechameleon","floor":31,"turns":3},{"damage":10,"enemies":"Pondfish","floor":33,"turns":7},{"damage":6,"enemies":"3 Darklings","floor":35,"turns":4},{"damage":9,"enemies":"3 Shapes","floor":38,"turns":4},{"damage":0,"enemies":"Transient","floor":39,"turns":5},{"damage":0,"enemies":"Giant Head","floor":41,"turns":6},{"damage":13,"enemies":"Sphere and 2 Shapes","floor":46,"turns":4},{"damage":5,"enemies":"Spire Growth","floor":47,"turns":5},{"damage":0,"enemies":"4 Shapes","floor":48,"turns":3},{"damage":48,"enemies":"Time Eater","floor":50,"turns":11}],"seed_played":"4404993986079931359","potions_obtained":[{"floor":1,"key":"LiquidBronze"},{"floor":10,"key":"Adrenaline Potion"},{"floor":14,"key":"Adrenaline Potion"},{"floor":16,"key":"PowerPotion"},{"floor":30,"key":"Languid Potion"},{"floor":33,"key":"BlessingOfTheForge"},{"floor":35,"key":"Swift Potion"},{"floor":48,"key":"Strength Potion"}],"is_trial":false,"path_per_floor":["M","?","?","M","M","E","R","?","T","E","R","?","R","M","R","B",null,"M","?","$","M","?","R","?","M","T","M","R","$","M","E","R","B",null,"M","?","$","M","M","R","E","?","T","?","?","M","M","M","R","B",null],"character_chosen":"THE_SILENT","items_purchased":["Infinite Blades","Orrery","Vajra"],"campfire_rested":1,"item_purchase_floors":[20,20,29],"current_hp_per_floor":[70,70,70,70,70,39,39,62,62,38,38,55,55,55,55,43,70,68,68,68,68,68,68,67,45,45,37,58,58,58,56,70,60,70,64,64,64,55,55,55,62,57,57,76,76,63,58,58,77,29],"gold":111,"neow_bonus":"THREE_ENEMY_KILL","is_daily":false,"chose_seed":false,"campfire_upgraded":6,"win_rate":0.0,"timestamp":1610655566,"path_taken":["M","?","?","M","M","E","R","?","T","E","R","?","R","M","R","BOSS","M","?","$","M","?","R","?","M","T","?","R","$","M","E","R","BOSS","M","?","$","M","?","R","E","?","T","?","?","M","M","M","R","BOSS"],"items_purchased_type":["Card","Relic","Relic"],"build_version":"2020-12-22","purchased_purges":1,"victory":true,"max_hp_per_floor":[70,70,70,70,70,70,70,70,70,70,70,70,70,70,70,70,70,70,70,70,70,70,70,70,70,70,70,70,70,70,70,70,70,70,70,70,70,70,70,70,77,77,77,77,77,77,77,77,77,77],"card_choices":[{"not_picked":["Hidden Blade","Backstab"],"picked":"Leg Sweep","floor":1},{"not_picked":["Poisoned Stab","Reflex"],"picked":"Tactician","floor":4},{"not_picked":["Masterful Stab","Flechettes"],"picked":"Poisoned Stab","floor":5},{"not_picked":["Hidden Blade","Backflip"],"picked":"Choke","floor":6},{"not_picked":["Flying Knee","Bane"],"picked":"Venomology","floor":10},{"not_picked":["Poisoned Stab","Flying Knee"],"picked":"Blade Dance","floor":14},{"not_picked":["Venomology","After Image"],"picked":"Poison Darts","floor":16},{"not_picked":["Noxious Fumes","Hidden Blade+1"],"picked":"Slice","floor":18},{"not_picked":["Toxin Wave","Sneak Up"],"picked":"Dash+1","floor":20},{"not_picked":["Flying Knee","Backflip"],"picked":"Poisoned Stab+1","floor":20},{"not_picked":["All Out Attack","Quick Slash"],"picked":"Endless Agony","floor":20},{"not_picked":["Quick Slash","Phantasmal Killer"],"picked":"Flying Knee","floor":20},{"not_picked":["Slice","Eviscerate"],"picked":"Footwork","floor":20},{"not_picked":["Bane+1","Flying Knee"],"picked":"Deflect","floor":21},{"not_picked":["ReplayTheSpireMod:Exploit Weakness","Sneak Up"],"picked":"Underhanded Strike","floor":24},{"not_picked":["Quick Slash+1","Slice"],"picked":"Flying Knee","floor":25},{"not_picked":["Flying Knee","Eviscerate"],"picked":"Acrobatics","floor":27},{"not_picked":["Hidden Blade","ReplayTheSpireMod:Speed Training"],"picked":"Fluid Movement","floor":30},{"not_picked":["ReplayTheSpireMod:Speed Training+1","Calculated Gamble"],"picked":"Blade Dance","floor":31},{"not_picked":["Doppelganger","Die Die Die"],"picked":"Adrenaline","floor":33},{"not_picked":["Hallucinations","ReplayTheSpireMod:Splinters"],"picked":"Voices","floor":34},{"not_picked":["CurseOfTheBell","Normality"],"picked":"Writhe","floor":34},{"not_picked":["Amnesia","ReplayTheSpireMod:Doomed"],"picked":"Clumsy","floor":34},{"not_picked":["Acrobatics","Dagger Spray+1"],"picked":"Cloak And Dagger","floor":35},{"not_picked":["Underhanded Strike","Predator+1"],"picked":"Backflip+1","floor":38},{"not_picked":["Blur+1","Hidden Blade+1"],"picked":"Infinite Blades+1","floor":39},{"not_picked":["Fluid Movement+1","Prepared+1"],"picked":"Slice+1","floor":41},{"not_picked":["Jack Of All Trades","Good Instincts"],"picked":"ReplayTheSpireMod:Brewmster","floor":42},{"not_picked":["Specialist","Secret Technique"],"picked":"Enlightenment","floor":42},{"not_picked":["All Out Attack","Bane+1"],"picked":"Deflect+1","floor":46},{"not_picked":["Dagger Spray","Poisoned Stab","Acrobatics"],"picked":"SKIP","floor":47},{"not_picked":["Dash","Backflip"],"picked":"Glass Knife","floor":48}],"player_experience":404545,"relics_obtained":[{"floor":6,"key":"Tough Bandages"},{"floor":9,"key":"Shuriken"},{"floor":10,"key":"Byrd Skull"},{"floor":24,"key":"Red Mask"},{"floor":26,"key":"Nunchaku"},{"floor":31,"key":"Replay:Multitool"},{"floor":41,"key":"Strawberry"},{"floor":43,"key":"Sundial"}],"event_choices":[{"damage_healed":0,"gold_gain":0,"player_choice":"Leave","damage_taken":0,"max_hp_gain":0,"max_hp_loss":0,"event_name":"The Cleric","floor":2,"gold_loss":0},{"damage_healed":0,"gold_gain":0,"player_choice":"Left Gold","damage_taken":0,"max_hp_gain":0,"max_hp_loss":0,"event_name":"World of Goop","floor":3,"gold_loss":44},{"damage_healed":23,"gold_gain":0,"player_choice":"Banana","damage_taken":0,"max_hp_gain":0,"max_hp_loss":0,"event_name":"Big Fish","floor":8,"gold_loss":0},{"damage_healed":17,"gold_gain":0,"player_choice":"Healed and dodged fight","damage_taken":0,"max_hp_gain":0,"max_hp_loss":0,"event_name":"Mushrooms","floor":12,"gold_loss":0,"cards_obtained":["Parasite"]},{"damage_healed":0,"gold_gain":0,"player_choice":"Read","damage_taken":0,"max_hp_gain":0,"max_hp_loss":0,"event_name":"The Library","floor":19,"gold_loss":0,"cards_obtained":["Outmaneuver"]},{"damage_healed":0,"gold_gain":0,"player_choice":"Ignored","damage_taken":0,"max_hp_gain":0,"max_hp_loss":0,"event_name":"Ghosts","floor":22,"gold_loss":0},{"damage_healed":0,"gold_gain":0,"player_choice":"Fought Bandits","damage_taken":0,"max_hp_gain":0,"max_hp_loss":0,"event_name":"Masked Bandits","floor":24,"gold_loss":0},{"cards_removed":["Voices"],"damage_healed":0,"gold_gain":0,"player_choice":"Upgrade and Remove","damage_taken":0,"max_hp_gain":0,"max_hp_loss":0,"event_name":"Designer","floor":36,"gold_loss":90,"cards_upgraded":["Acrobatics"]},{"damage_healed":0,"gold_gain":0,"player_choice":"Memory 2","damage_taken":5,"max_hp_gain":0,"max_hp_loss":0,"event_name":"SensoryStone","floor":42,"gold_loss":0},{"damage_healed":19,"gold_gain":0,"player_choice":"Writhe","damage_taken":0,"max_hp_gain":0,"max_hp_loss":0,"event_name":"Winding Halls","floor":44,"gold_loss":0,"cards_obtained":["Writhe"]},{"damage_healed":0,"gold_gain":0,"player_choice":"Copied","damage_taken":0,"max_hp_gain":0,"max_hp_loss":0,"event_name":"Duplicator","floor":45,"gold_loss":0,"cards_obtained":["Infinite Blades"]}],"is_beta":false,"boss_relics":[{"not_picked":["Fusion Hammer","ReplayTheSpireMod:DimensionalGlitch"],"picked":"Astrolabe"},{"not_picked":["Philosopher\u0027s Stone","Kintsugi"],"picked":"Replay:Ancient Bell"},{"not_picked":["Anchor","Orichalcum"],"picked":"Regal Pillow"},{"not_picked":["Iron Hammer","Meat on the Bone"],"picked":"Ornamental Fan"},{"not_picked":["TungstenRod","CaptainsWheel"],"picked":"Calipers"}],"items_purged_floors":[37],"is_endless":false,"potions_floor_spawned":[1,10,14,16,21,30,33,35,38,48],"ascension_level":1}}