{"host":"FirstDane","time":1610592219,"event":{"mods":["BaseMod","Bestiary","Highlight Path","Minty Spire (QoL Compilation)","Relic Stats","Slay the Relics Exporter"],"gold_per_floor":[117,117,10,10,30,55,55,80,80,80,111,125,151,166,166,166,166],"floor_reached":16,"language":"ENG","playtime":1459,"items_purged":[],"score":256,"play_id":"619f773e-1418-425b-bbcd-b710b048e47b","local_time":"20210113204339","is_ascension_mode":true,"campfire_choices":[{"floor":7,"key":"REST"},{"data":"Sweeping Beam","floor":10,"key":"SMITH"},{"data":"Ball Lightning","floor":15,"key":"SMITH"}],"circlet_count":0,"master_deck":["AscendersBane","Strike_B","Strike_B","Strike_B","Defend_B","Defend_B","Defend_B","Defend_B","Zap","Dualcast","Ball Lightning+1","Sweeping Beam+1","Conserve Battery","Rebound","Electrodynamics","Undo"],"relics":["SacredBark","Dead Branch","Turnip","Sundial","Singing Bowl","Boot"],"acts_visited":["Exordium"],"potions_floor_usage":[6,8,12,16],"damage_taken":[{"damage":11,"enemies":"Jaw Worm","floor":1,"turns":5},{"damage":1,"enemies":"2 Louse","floor":5,"turns":3},{"damage":25,"enemies":"3 Sentries","floor":6,"turns":6},{"damage":6,"enemies":"Gremlin Nob","floor":8,"turns":3},{"damage":13,"enemies":"3 Sentries","floor":11,"turns":6},{"damage":14,"enemies":"Small Slimes","floor":12,"turns":8},{"damage":16,"enemies":"Lagavulin","floor":13,"turns":7},{"damage":0,"enemies":"3 Louse","floor":14,"turns":3},{"damage":51,"enemies":"Hexaghost","floor":16,"turns":9}],"seed_played":"-3850610653140427715","potions_obtained":[{"floor":5,"key":"PowerPotion"},{"floor":11,"key":"Regen Potion"},{"floor":12,"key":"Explosive Potion"},{"floor":14,"key":"Energy Potion"}],"is_trial":false,"path_per_floor":["M","?","$","?","M","E","R","E","T","R","E","M","E","M","R","B"],"character_chosen":"DEFECT","items_purchased":["DistilledChaos","Sweeping Beam"],"campfire_rested":1,"item_purchase_floors":[3,3],"current_hp_per_floor":[53,58,58,51,50,25,47,41,41,41,28,65,49,51,51,0,0],"gold":166,"neow_bonus":"BOSS_RELIC","is_daily":false,"chose_seed":false,"campfire_upgraded":2,"win_rate":0.0,"timestamp":1610592219,"path_taken":["M","?","$","?","M","E","R","E","T","R","E","M","E","M","R","BOSS"],"items_purchased_type":["Potion","Card"],"build_version":"2020-12-18","purchased_purges":0,"victory":false,"max_hp_per_floor":[71,76,76,76,76,76,76,76,76,76,76,78,78,80,80,80,80],"relic_stats":{"Singing Bowl":4,"counters":[9,50],"Sundial":[6],"Dead Branch":[11],"Turnip":[0],"Boot":[0],"obtain_stats":[{"Singing Bowl":11,"Sundial":9,"SacredBark":0,"Dead Branch":6,"Turnip":8,"Cracked Core":0,"Boot":13},{"Singing Bowl":5,"Sundial":4,"SacredBark":0,"Dead Branch":3,"Turnip":4,"Cracked Core":0,"Boot":7},{"Singing Bowl":23,"Sundial":17,"SacredBark":0,"Dead Branch":14,"Turnip":17,"Cracked Core":0,"Boot":38}]},"card_choices":[{"not_picked":["Coolheaded","Double Energy"],"picked":"Ball Lightning","floor":1},{"not_picked":["Streamline","Sweeping Beam","Turbo"],"picked":"SKIP","floor":5},{"not_picked":["Blizzard","Force Field"],"picked":"Conserve Battery","floor":6},{"not_picked":["Conserve Battery","Sweeping Beam"],"picked":"Rebound","floor":8},{"not_picked":["Glacier","Gash"],"picked":"Electrodynamics","floor":11},{"not_picked":["Sweeping Beam","Streamline","FTL"],"picked":"Singing Bowl","floor":12},{"not_picked":["Reprogram","Barrage"],"picked":"Undo","floor":13},{"not_picked":["Conserve Battery","Rebound","Steam"],"picked":"Singing Bowl","floor":14}],"player_experience":3908468,"relics_obtained":[{"floor":6,"key":"Dead Branch"},{"floor":8,"key":"Turnip"},{"floor":9,"key":"Sundial"},{"floor":11,"key":"Singing Bowl"},{"floor":13,"key":"Boot"}],"event_choices":[{"damage_healed":0,"gold_gain":0,"player_choice":"Donut","damage_taken":0,"max_hp_gain":5,"max_hp_loss":0,"event_name":"Big Fish","floor":2,"gold_loss":0},{"cards_removed":["Strike_B"],"damage_healed":0,"gold_gain":0,"player_choice":"Card Removal","damage_taken":7,"max_hp_gain":0,"max_hp_loss":0,"event_name":"Golden Wing","floor":4,"gold_loss":0}],"is_beta":true,"boss_relics":[],"items_purged_floors":[],"is_endless":false,"potions_floor_spawned":[5,11,12,14],"killed_by":"Hexaghost","ascension_level":20}}