{"host":"tom9euzqew4po1rs","time":1610638459,"event":{"mods":["BaseMod","Curses Come First","Downfall","Minty Spire (QoL Compilation)","Quick Restart","Rare Cards Sparkle","Replay The Spire","StSLib","The Cursed"],"gold_per_floor":[163,16,16,16,32,32,46,46,46,123,136,147,157,185,185,185,185],"floor_reached":16,"language":"ENG","playtime":1574,"items_purged":[],"score":107,"play_id":"7ce29353-b8f7-43ba-b2d3-af07309046c7","local_time":"20210114103419","is_ascension_mode":true,"campfire_choices":[{"floor":6,"key":"RECALL"},{"data":"TheCursedMod:SpitefulPlan","floor":8,"key":"SMITH"},{"floor":15,"key":"REST"}],"circlet_count":0,"master_deck":["TheCursedMod:Strike_TheCursed","TheCursedMod:Strike_TheCursed","TheCursedMod:Strike_TheCursed+1","TheCursedMod:Strike_TheCursed","TheCursedMod:Defend_TheCursed","TheCursedMod:Defend_TheCursed","TheCursedMod:Defend_TheCursed","TheCursedMod:Defend_TheCursed","TheCursedMod:CursedWand","TheCursedMod:CleanUpWorkshop","TheCursedMod:Dregs","TheCursedMod:SurpriseAttack","TheCursedMod:CircleOfAbyss+1","TheCursedMod:SpitefulPlan+1","TheCursedMod:Hemoplague","TheCursedMod:FleshFromBone","TheCursedMod:SpitefulPlan","TheCursedMod:CircleOfCorruption"],"relics":["Tiny House","Anchor","Quantum Egg","Unceasing Top"],"acts_visited":["Exordium"],"potions_floor_usage":[11,13,13,16],"damage_taken":[{"damage":2,"enemies":"2 Louse","floor":1,"turns":2},{"damage":0,"enemies":"Small Slimes","floor":5,"turns":3},{"damage":0,"enemies":"Jaw Worm","floor":7,"turns":4},{"damage":7,"enemies":"Large Slime","floor":11,"turns":9},{"damage":0,"enemies":"Red Slaver","floor":12,"turns":5},{"damage":0,"enemies":"Gremlin Gang","floor":13,"turns":4},{"damage":46,"enemies":"Gremlin Nob","floor":14,"turns":8},{"damage":67,"enemies":"Fading Forest","floor":16,"turns":9}],"seed_played":"1783697776021478446","potions_obtained":[{"floor":0,"key":"Strength Potion"},{"floor":7,"key":"EssenceOfSteel"},{"floor":11,"key":"Milkshake"},{"floor":12,"key":"Adrenaline Potion"}],"is_trial":false,"path_per_floor":["M","$","?","?","M","R","M","R","T","T","M","M","M","E","R","B"],"character_chosen":"THE_CURSED","items_purchased":["Anchor"],"campfire_rested":1,"item_purchase_floors":[2],"current_hp_per_floor":[78,78,78,83,83,83,83,83,83,83,76,76,76,30,55,0,0],"gold":185,"neow_bonus":"BOSS_RELIC","is_daily":false,"chose_seed":false,"campfire_upgraded":1,"win_rate":0.0,"timestamp":1610638459,"path_taken":["M","$","?","?","M","R","M","R","T","?","M","M","M","E","R","BOSS"],"items_purchased_type":["Relic"],"build_version":"2020-12-22","purchased_purges":0,"victory":false,"max_hp_per_floor":[80,80,80,85,85,85,85,85,85,85,85,85,85,85,85,85,85],"card_choices":[{"not_picked":["TheCursedMod:CursedShiv","TheCursedMod:RapidMovement"],"picked":"TheCursedMod:SurpriseAttack","floor":0},{"not_picked":["TheCursedMod:Obscuration","TheCursedMod:ManaBullet"],"picked":"TheCursedMod:CircleOfAbyss","floor":1},{"not_picked":["TheCursedMod:CursedStaff","TheCursedMod:CircleOfFocus"],"picked":"TheCursedMod:SpitefulPlan","floor":5},{"not_picked":["TheCursedMod:Torture","TheCursedMod:CursedMace","TheCursedMod:HellsGateOpen"],"picked":"SKIP","floor":7},{"not_picked":["TheCursedMod:CursedBlade","TheCursedMod:Stigma"],"picked":"TheCursedMod:Hemoplague","floor":11},{"not_picked":["TheCursedMod:ManaBullet","TheCursedMod:HellsGateOpen"],"picked":"TheCursedMod:FleshFromBone","floor":12},{"not_picked":["TheCursedMod:TacticalStrike","TheCursedMod:DoubleShield"],"picked":"TheCursedMod:SpitefulPlan","floor":13},{"not_picked":["TheCursedMod:BlessingInDisguise","TheCursedMod:FleshFromBone"],"picked":"TheCursedMod:CircleOfCorruption","floor":14}],"player_experience":134881,"relics_obtained":[{"floor":9,"key":"Quantum Egg"},{"floor":14,"key":"Unceasing Top"}],"event_choices":[{"damage_healed":0,"gold_gain":0,"player_choice":"Grow","damage_taken":0,"max_hp_gain":0,"max_hp_loss":0,"event_name":"Living Wall","floor":3,"gold_loss":0,"cards_upgraded":["TheCursedMod:CircleOfAbyss"]},{"damage_healed":0,"gold_gain":0,"player_choice":"Donut","damage_taken":0,"max_hp_gain":5,"max_hp_loss":0,"event_name":"Big Fish","floor":4,"gold_loss":0}],"is_beta":false,"boss_relics":[],"items_purged_floors":[],"is_endless":false,"potions_floor_spawned":[7,11,12],"killed_by":"Fading Forest","ascension_level":1}}