{"host":"gmh2c2g66mxmprnw","time":1610651292,"event":{"mods":["BaseMod","Better Match","Colored Powertips","Displayed Cursed Tome","Friendly Minions","Highlight Path","Infinite Spire","Minty Spire (QoL Compilation)","Quick Restart","Relic Sorter","Replay The Spire","Shop Mod","StSLib"],"gold_per_floor":[116,66,66,66,78,78,103,73,97,117,127,140,65,81,81,180,180,198,198,198,216,216,249,264,264,287,287,303,303,42,58,58,161,161,177,196,196,196,196,196,218,218,218,232,251,251,251],"floor_reached":46,"language":"ENG","playtime":2070,"items_purged":["Strike_R","ReplayTheSpireMod:Strike From Hell","Pain"],"score":592,"play_id":"d2ce9967-bfae-41da-961d-08aa010f2dd9","local_time":"20210114100812","is_ascension_mode":true,"campfire_choices":[{"data":"True Grit","floor":6.0,"key":"SMITH"},{"data":"True Grit","floor":15.0,"key":"SMITH"},{"floor":27.0,"key":"REST"},{"floor":32.0,"key":"REST"},{"data":"Whirlwind","floor":40,"key":"SMITH"},{"data":"Dark Embrace","floor":42,"key":"SMITH"}],"circlet_count":0,"master_deck":["Strike_R","Strike_R","Strike_R","Strike_R+1","Defend_R","Defend_R","Defend_R+1","Defend_R","Bash","True Grit+1","Flex","True Grit+1","ReplayTheSpireMod:Strike From Hell","Whirlwind+1","ReplayTheSpireMod:Strike From Hell","Power Through","ReplayTheSpireMod:Strike From Hell","Body Slam","Combust","Feed","ReplayTheSpireMod:Corrosion Curse+1","Headbutt+1","Dark Embrace+1","Perfected Strike","Feel No Pain","Spot Weakness","Necronomicurse","Wild Strike","Replay:Many Hands","Clumsy","ReplayTheSpireMod:Doomed","ReplayTheSpireMod:Brewmster","Inflame","Cleave+1"],"relics":["Burning Blood","NeowsBlessing","Prayer Wheel","Electric Blood","ReplayTheSpireMod:Shallot","WarpedTongs","ReplayTheSpireMod:Shallot","Necronomicon","Bag of Marbles","FaceOfCleric","MerchantsRug","King of Hearts","Boot","Quantum Egg","Ice Cream","Mummified Hand"],"acts_visited":["Exordium","TheCity","TheBeyond"],"potions_floor_usage":[36,46],"damage_taken":[{"damage":0.0,"enemies":"2 Louse","floor":1.0,"turns":1.0},{"damage":0.0,"enemies":"Cultist","floor":5.0,"turns":1.0},{"damage":0.0,"enemies":"Lagavulin","floor":7.0,"turns":1.0},{"damage":3.0,"enemies":"Small Slimes","floor":10.0,"turns":3.0},{"damage":9.0,"enemies":"Blue Slaver","floor":11.0,"turns":3.0},{"damage":23.0,"enemies":"Exordium Thugs","floor":12.0,"turns":5.0},{"damage":0.0,"enemies":"3 Louse","floor":14.0,"turns":2.0},{"damage":5.0,"enemies":"Slime Boss","floor":16.0,"turns":7.0},{"damage":23.0,"enemies":"3 Byrds","floor":18.0,"turns":5.0},{"damage":9.0,"enemies":"2 Thieves","floor":21.0,"turns":4.0},{"damage":0.0,"enemies":"Gremlin Leader","floor":23.0,"turns":1.0},{"damage":30.0,"enemies":"Snake Plant","floor":24.0,"turns":4.0},{"damage":15.0,"enemies":"Snecko","floor":28.0,"turns":4.0},{"damage":9.0,"enemies":"Shelled Parasite and Fungi","floor":31.0,"turns":3.0},{"damage":56.0,"enemies":"Automaton","floor":33.0,"turns":9.0},{"damage":21.0,"enemies":"3 Shapes","floor":35.0,"turns":5.0},{"damage":6,"enemies":"3 Darklings","floor":36,"turns":2},{"damage":22,"enemies":"Maw","floor":44,"turns":5},{"damage":14,"enemies":"Sphere and 2 Shapes","floor":45,"turns":6},{"damage":73,"enemies":"Nightmare","floor":46,"turns":7}],"seed_played":"-7904644273897275232","potions_obtained":[{"floor":7.0,"key":"FearPotion"},{"floor":8.0,"key":"LiquidMemories"},{"floor":8.0,"key":"Explosive Potion"},{"floor":12.0,"key":"Adrenaline Potion"},{"floor":16.0,"key":"Toxic Potion"},{"floor":18.0,"key":"Swift Potion"},{"floor":24.0,"key":"Elixir"},{"floor":31.0,"key":"Reflective Coating"}],"is_trial":false,"path_per_floor":["M","$","?","$","M","R","E","?","T","M","M","M","$","M","R","B",null,"M","AVR","?","M","?","E","M","?","T","R","M","?","$","M","R","B",null,"M","M","?","?","?","R","$","R","T","M","M","NM"],"character_chosen":"IRONCLAD","items_purchased":["True Grit","MerchantsRug","King of Hearts"],"campfire_rested":2,"item_purchase_floors":[2,30,30],"current_hp_per_floor":[80,80,64,64,70,70,76,76,83,86,83,66,66,72,72,73,87,70,70,70,70,70,76,52,36,36,63,54,54,54,55,83,34,95,84,85,85,85,85,85,85,85,85,70,66,0,0],"gold":251,"neow_bonus":"THREE_ENEMY_KILL","is_daily":false,"chose_seed":false,"campfire_upgraded":4,"win_rate":0.0,"timestamp":1610651292,"path_taken":["M","$","?","$","M","R","E","?","T","M","M","?","$","M","R","BOSS","M","AVR","?","M","?","E","?","?","T","R","M","?","$","M","R","BOSS","M","M","?","?","?","R","$","R","T","?","?","NM"],"items_purchased_type":["Card","Relic","Relic"],"build_version":"2020-12-22","purchased_purges":3,"victory":false,"max_hp_per_floor":[80,80,80,80,80,80,80,80,87,87,87,87,87,87,87,87,87,87,87,87,90,90,90,90,90,90,90,90,90,90,94,94,95,95,99,100,100,100,100,100,100,100,100,101,105,105,105],"card_choices":[{"not_picked":["Warcry","Heavy Blade"],"picked":"ReplayTheSpireMod:Strike From Hell","floor":1.0},{"not_picked":["Run Through","Ghostly Armor"],"picked":"Flex","floor":5.0},{"not_picked":["Perfected Strike","Abandon"],"picked":"True Grit","floor":7.0},{"not_picked":["Clash","Double Tap"],"picked":"ReplayTheSpireMod:Strike From Hell","floor":10.0},{"not_picked":["Fire Breathing","Hemokinesis"],"picked":"Whirlwind","floor":10.0},{"not_picked":["Intimidate","Battle Trance"],"picked":"ReplayTheSpireMod:Strike From Hell","floor":11.0},{"not_picked":["Metallicize","Pommel Strike","ReplayReversal"],"picked":"SKIP","floor":11.0},{"not_picked":["Wild Strike","Rage"],"picked":"Power Through","floor":12.0},{"not_picked":["Blood for Blood","Shrug It Off"],"picked":"ReplayTheSpireMod:Strike From Hell","floor":12.0},{"not_picked":["Twin Strike","Flex"],"picked":"Body Slam","floor":14.0},{"not_picked":["ReplayReversal","Flex"],"picked":"Combust","floor":14.0},{"not_picked":["Bludgeon","Reaper"],"picked":"Feed","floor":16.0},{"not_picked":["Rage","ReplayTheSpireMod:Stacked+1"],"picked":"ReplayTheSpireMod:Corrosion Curse+1","floor":18.0},{"not_picked":["ReplayTheSpireMod:Strike From Hell","Clash"],"picked":"Headbutt+1","floor":18.0},{"not_picked":["Abandon+1","Flex"],"picked":"Perfected Strike","floor":21.0},{"not_picked":["Sword Boomerang","Clothesline"],"picked":"Feel No Pain","floor":21.0},{"not_picked":["Warcry","Run Through+1"],"picked":"Spot Weakness","floor":23.0},{"not_picked":["Rage","Sword Boomerang","Thunderclap+1"],"picked":"SKIP","floor":24.0},{"not_picked":["infinitespire:OneForAll","Iron Wave","Feed"],"picked":"SKIP","floor":24.0},{"not_picked":["Body Slam","ReplayTheSpireMod:Corrosion Curse"],"picked":"Wild Strike","floor":28.0},{"not_picked":["Twin Strike","Thunderclap","ReplayTheSpireMod:Limb From Limb"],"picked":"SKIP","floor":28.0},{"not_picked":["Perfected Strike","Whirlwind","Headbutt"],"picked":"SKIP","floor":31.0},{"not_picked":["Flex","Armaments","ReplayTheSpireMod:LeadingStrike"],"picked":"SKIP","floor":31.0},{"not_picked":["Brutality","Double Tap"],"picked":"Replay:Many Hands","floor":33.0},{"not_picked":["ReplayTheSpireMod:Splinters","Looming Evil"],"picked":"Clumsy","floor":34.0},{"not_picked":["Writhe","ReplayTheSpireMod:Faulty Equipment"],"picked":"ReplayTheSpireMod:Doomed","floor":34.0},{"not_picked":["betterMatch:CurseCard","Parasite"],"picked":"Sickly","floor":34.0},{"not_picked":["Uppercut","ReplayReversal","Perfected Strike"],"picked":"SKIP","floor":35.0},{"not_picked":["Clash+1","Body Slam","Entrench+1"],"picked":"SKIP","floor":35.0},{"not_picked":["Havoc+1","Thunderclap+1","Headbutt"],"picked":"SKIP","floor":36},{"not_picked":["Uppercut+1","Havoc+1","Body Slam"],"picked":"SKIP","floor":36},{"not_picked":["Dark Shackles","Forethought"],"picked":"ReplayTheSpireMod:Brewmster","floor":38},{"not_picked":["Flex","Burning Pact+1"],"picked":"Inflame","floor":44},{"not_picked":["Warcry","Run Through+1"],"picked":"Cleave+1","floor":44},{"not_picked":["Perfected Strike+1","Clothesline","Sword Boomerang"],"picked":"SKIP","floor":45},{"not_picked":["True Grit","Sword Boomerang+1","Inflame"],"picked":"SKIP","floor":45}],"player_experience":2144259,"relics_obtained":[{"floor":7.0,"key":"Prayer Wheel"},{"floor":9.0,"key":"Strawberry"},{"floor":23.0,"key":"ReplayTheSpireMod:Shallot"},{"floor":26.0,"key":"Bag of Marbles"},{"floor":43,"key":"Mummified Hand"}],"event_choices":[{"damage_healed":0.0,"max_hp_gain":0.0,"max_hp_loss":0.0,"gold_gain":0.0,"event_name":"Shining Light","player_choice":"Entered Light","floor":3.0,"gold_loss":0.0,"damage_taken":16.0,"cards_upgraded":["Defend_R","Strike_R"]},{"damage_healed":0.0,"max_hp_gain":0.0,"max_hp_loss":0.0,"gold_gain":0.0,"event_name":"The Woman in Blue","player_choice":"Bought 2 Potions","floor":8.0,"gold_loss":0.0,"damage_taken":0.0},{"damage_healed":0.0,"max_hp_gain":0.0,"max_hp_loss":0.0,"gold_gain":0.0,"event_name":"The Library","player_choice":"Read","floor":20.0,"gold_loss":0.0,"damage_taken":0.0,"cards_obtained":["Dark Embrace"]},{"damage_healed":0.0,"max_hp_gain":0.0,"max_hp_loss":0.0,"gold_gain":0.0,"event_name":"Accursed Blacksmith","player_choice":"Rummage","floor":22.0,"gold_loss":0.0,"damage_taken":0.0,"relics_obtained":["WarpedTongs"],"cards_obtained":["Pain"]},{"damage_healed":0.0,"max_hp_gain":0.0,"max_hp_loss":0.0,"gold_gain":0.0,"event_name":"Cursed Tome","player_choice":"Obtained Book","floor":25.0,"gold_loss":0.0,"damage_taken":16.0},{"damage_healed":0.0,"max_hp_gain":0.0,"max_hp_loss":0.0,"gold_gain":0.0,"event_name":"FaceTrader","player_choice":"Trade","floor":29.0,"gold_loss":0.0,"damage_taken":0.0,"relics_obtained":["FaceOfCleric"]},{"damage_healed":0,"gold_gain":0,"player_choice":"Ignored","damage_taken":0,"max_hp_gain":0,"max_hp_loss":0,"event_name":"Tomb of Lord Red Mask","floor":37,"gold_loss":0},{"damage_healed":0,"gold_gain":0,"player_choice":"Memory 1","damage_taken":0,"max_hp_gain":0,"max_hp_loss":0,"event_name":"SensoryStone","floor":38,"gold_loss":0},{"cards_removed":["Sickly"],"damage_healed":0,"gold_gain":0,"player_choice":"Purged","damage_taken":0,"max_hp_gain":0,"max_hp_loss":0,"event_name":"Purifier","floor":39,"gold_loss":0}],"is_beta":false,"boss_relics":[{"not_picked":["ReplayTheSpireMod:SealedPack","Runic Dome"],"picked":"Electric Blood"},{"not_picked":["Snecko Eye","Busted Crown"],"picked":"Replay:Ancient Bell"},{"not_picked":["Art of War","Regal Pillow"],"picked":"Boot"},{"not_picked":["infinitespire:Bottled Soul","infinitespire:EmpoweringShard"],"picked":"Quantum Egg"},{"not_picked":["Pondfish Scales","Magic Flower"],"picked":"Ice Cream"}],"items_purged_floors":[13,19,41],"is_endless":false,"potions_floor_spawned":[7,10,11,12,16,18,24,31,45],"killed_by":"Nightmare","ascension_level":1}}