{"host":"7k2a2omxz3voj5ax","time":1610640726,"event":{"mods":["BaseMod","Marisa£¨ìFÓê¡¡Ä§ÀíÉ³£©","Minty Spire (QoL Compilation)","Quick Restart","Spicy Shops","StSLib","Starting Relic: Pandora\u0027s Box","óô»ðÖ¸ÄÏ"],"gold_per_floor":[117,137,151,151,165,1975,2005,1708,1708,1783,1720,1755,1755,1789,1474,1572,1572,1592,1617,1617,1414,1414,1471,1489,1522,1522,1584,1705,1747,1759,1823,1661,1744,1756,1812,1877,1889,1901,1982,1562,1667,1723,1735,1799,1799],"floor_reached":44,"language":"ZHS","playtime":1576,"items_purged":["PropBag","MysteriousBeam","LuminesStrike","UpSweep","ManaConvection+1","GrandCross+1"],"score":1445,"play_id":"eec0c548-abd3-47f4-9552-ec29852bf147","local_time":"20210115011206","is_ascension_mode":true,"campfire_choices":[],"circlet_count":0,"master_deck":["AscendersBane","WitchLeyline","WitchLeyline","MeteoricShower","MachineGunSpark","6A","GasGiant","Singularity","GasGiant","PowerUp+1","EarthLightRay+1","UltimateShortwave+1","Robbery+1","SuperNova+1","Madness+1","Madness+1"],"relics":["MiniHakkero","NeowsBlessing","MagicBroom","Tiny Chest","Membership Card","Ancient Tea Set","Pear","Bloody Idol","MealTicket","Medical Kit","Toxic Egg 2","ExperimentalFamiliar","Ice Cream","Turnip","Pocketwatch","Anchor","MawBank","Sundial","Vajra","Blood Vial","Smiling Mask","Lantern","Astrolabe","Unceasing Top","Kunai","Bag of Preparation","AmplifyWand","SimpleLauncher","Bird Faced Urn","Question Card"],"acts_visited":["Exordium","TheCity","TheBeyond"],"potions_floor_usage":[],"damage_taken":[{"damage":0.0,"enemies":"Small Slimes","floor":1.0,"turns":1.0},{"damage":0.0,"enemies":"Jaw Worm","floor":2.0,"turns":1.0},{"damage":0.0,"enemies":"2 Louse","floor":3.0,"turns":1.0},{"damage":0.0,"enemies":"Large Slime","floor":5.0,"turns":3.0},{"damage":29.0,"enemies":"3 Sentries","floor":7.0,"turns":7.0},{"damage":0.0,"enemies":"Lagavulin","floor":12.0,"turns":4.0},{"damage":0.0,"enemies":"Gremlin Nob","floor":14.0,"turns":3.0},{"damage":0.0,"enemies":"Slime Boss","floor":16.0,"turns":3.0},{"damage":11.0,"enemies":"2 Thieves","floor":18.0,"turns":2.0},{"damage":0.0,"enemies":"3 Byrds","floor":19.0,"turns":3.0},{"damage":24,"enemies":"Gremlin Leader","floor":23,"turns":5},{"damage":0,"enemies":"Cultist and Chosen","floor":24,"turns":2},{"damage":7,"enemies":"Book of Stabbing","floor":25,"turns":4},{"damage":17,"enemies":"Slavers","floor":28,"turns":4},{"damage":0,"enemies":"Snake Plant","floor":29,"turns":3},{"damage":0,"enemies":"Collector","floor":33,"turns":3},{"damage":29,"enemies":"3 Darklings","floor":35,"turns":3},{"damage":28,"enemies":"2 Orb Walkers","floor":36,"turns":4},{"damage":0,"enemies":"Giant Head","floor":41,"turns":3},{"damage":20,"enemies":"3 Shapes","floor":42,"turns":3},{"damage":76,"enemies":"Reptomancer","floor":44,"turns":2}],"seed_played":"7142261016621498514","potions_obtained":[{"floor":3.0,"key":"SkillPotion"},{"floor":12.0,"key":"CultistPotion"},{"floor":16.0,"key":"BlessingOfTheForge"},{"floor":23,"key":"SkillPotion"}],"is_trial":false,"path_per_floor":["M","M","M","?","M","R","E","R","T","?","$","E","?","E","R","B",null,"M","M","?","$","T","E","M","E","T","?","E","M","T","T","R","B",null,"M","?","?","?","T","R","E","M","T","E"],"character_chosen":"MARISA","items_purchased":["MagicBroom","Membership Card","Ancient Tea Set","Medical Kit","Toxic Egg 2","PowerUp+1","Ice Cream","EarthLightRay+1","Smiling Mask","Lantern","Bag of Preparation","AmplifyWand","SimpleLauncher"],"campfire_rested":0,"item_purchase_floors":[6,8,8,15,15,15,21,21,32,32,40,40,40],"current_hp_per_floor":[63,63,63,63,63,63,34,34,34,23,23,33,33,33,33,33,62,51,51,51,66,66,58,69,70,70,72,72,72,72,72,72,72,72,54,49,41,46,56,61,72,64,69,0,0],"gold":1799,"neow_bonus":"THREE_ENEMY_KILL","is_daily":false,"chose_seed":false,"campfire_upgraded":0,"win_rate":0.0,"timestamp":1610640726,"path_taken":["M","M","M","?","M","R","E","R","T","?","$","E","?","E","R","BOSS","M","M","?","$","?","E","M","E","T","?","E","?","?","?","R","BOSS","M","?","?","?","?","R","E","M","T","E"],"items_purchased_type":["Relic","Relic","Relic","Relic","Relic","Card","Relic","Card","Relic","Relic","Relic","Relic","Relic"],"build_version":"2020-12-22","purchased_purges":6,"victory":false,"max_hp_per_floor":[70,70,70,70,70,70,70,70,70,70,70,80,72,72,72,72,72,72,72,72,72,72,72,72,72,72,72,72,72,72,72,72,72,72,72,72,72,72,72,72,72,72,72,72,72],"card_choices":[{"not_picked":["GalacticHalo","WitchOfGreed","MilkyWay"],"picked":"SKIP","floor":1.0},{"not_picked":["EnergyFlow","Orbital","IllusionStar"],"picked":"SKIP","floor":2.0},{"not_picked":["FairyDestructionRay","MysteriousBeam"],"picked":"6A","floor":3.0},{"not_picked":["SatelliteIllusion","EventHorizon"],"picked":"Singularity","floor":5.0},{"not_picked":["ChargeUpSpray","Acceleration"],"picked":"GasGiant","floor":7.0},{"not_picked":["6A","NonDirectionalLaser","Robbery"],"picked":"SKIP","floor":12.0},{"not_picked":["DC","SporeBomb","GrandCross"],"picked":"SKIP","floor":14.0},{"not_picked":["OpenUniverse+1","MilkyWay+1"],"picked":"Robbery","floor":18.0},{"not_picked":["GravityBeat","ShootTheMoon"],"picked":"ManaConvection+1","floor":19.0},{"not_picked":["MaximisePower+1","UnstableBomb+1"],"picked":"BlazeAway+1","floor":23},{"not_picked":["MilkyWay+1","6A","WitchOfGreed"],"picked":"SKIP","floor":24},{"not_picked":["DoubleSpark","GrandCross","Occultation+1"],"picked":"SKIP","floor":25},{"not_picked":["WitchLeyline+1","GravityBeat","GalacticHalo+1"],"picked":"SKIP","floor":28},{"not_picked":["DeepEcoloBomb","NonDirectionalLaser+1","DoubleSpark"],"picked":"SKIP","floor":29},{"not_picked":["ManaRampage+1","MillisecondPulsars"],"picked":"UltimateShortwave+1","floor":33},{"not_picked":["ShootingEcho","Occultation+1","NonDirectionalLaser+1"],"picked":"SKIP","floor":35},{"not_picked":["BigCrunch+1","SuperPerseids+1","IllusionStar+1"],"picked":"SKIP","floor":41},{"not_picked":["PowerUp+1","WitchLeyline","Robbery"],"picked":"SKIP","floor":42}],"player_experience":443623,"relics_obtained":[{"floor":7.0,"key":"Tiny Chest"},{"floor":12.0,"key":"Pear"},{"floor":14.0,"key":"MealTicket"},{"floor":22,"key":"Turnip"},{"floor":23,"key":"Pocketwatch"},{"floor":25,"key":"Anchor"},{"floor":26,"key":"MawBank"},{"floor":28,"key":"Sundial"},{"floor":30,"key":"Vajra"},{"floor":31,"key":"Blood Vial"},{"floor":36,"key":"Unceasing Top"},{"floor":39,"key":"Kunai"},{"floor":41,"key":"Bird Faced Urn"},{"floor":43,"key":"Question Card"}],"event_choices":[{"damage_healed":0.0,"max_hp_gain":0.0,"max_hp_loss":0.0,"gold_gain":0.0,"cards_transformed":["MasterSpark"],"event_name":"Living Wall","player_choice":"Change","floor":4.0,"gold_loss":0.0,"damage_taken":0.0,"cards_obtained":["GasGiant"]},{"damage_healed":0.0,"max_hp_gain":0.0,"max_hp_loss":0.0,"gold_gain":75.0,"event_name":"World of Goop","player_choice":"Gather Gold","floor":10.0,"gold_loss":0.0,"damage_taken":11.0},{"damage_healed":0.0,"max_hp_gain":0.0,"max_hp_loss":8.0,"gold_gain":0.0,"event_name":"Golden Idol","player_choice":"Lose Max HP","floor":13.0,"gold_loss":0.0,"damage_taken":0.0,"relics_obtained":["Golden Idol"]},{"damage_healed":0.0,"max_hp_gain":0.0,"max_hp_loss":0.0,"gold_gain":0.0,"event_name":"Forgotten Altar","player_choice":"Gave Idol","floor":20.0,"relics_lost":["Golden Idol"],"gold_loss":0.0,"damage_taken":0.0,"relics_obtained":["Bloody Idol"]},{"damage_healed":0,"gold_gain":50,"player_choice":"Pray","damage_taken":0,"max_hp_gain":0,"max_hp_loss":0,"event_name":"Golden Shrine","floor":27,"gold_loss":0},{"damage_healed":0,"gold_gain":0,"player_choice":"Fight","damage_taken":0,"max_hp_gain":0,"max_hp_loss":0,"event_name":"Mysterious Sphere","floor":36,"gold_loss":0},{"damage_healed":0,"gold_gain":0,"player_choice":"Embrace Madness","damage_taken":13,"max_hp_gain":0,"max_hp_loss":0,"event_name":"Winding Halls","floor":37,"gold_loss":0,"cards_obtained":["Madness","Madness"]},{"damage_healed":0,"gold_gain":0,"player_choice":"Ignored","damage_taken":0,"max_hp_gain":0,"max_hp_loss":0,"event_name":"SecretPortal","floor":38,"gold_loss":0}],"is_beta":false,"boss_relics":[{"not_picked":["SacredBark","Busted Crown"],"picked":"ExperimentalFamiliar"},{"not_picked":["Runic Pyramid","Sozu"],"picked":"Astrolabe"}],"items_purged_floors":[6,8,11,15,32,40],"is_endless":false,"potions_floor_spawned":[3,12,16,23,28,33,36,42],"killed_by":"Reptomancer","ascension_level":20}}