{"host":"qa029bqsloh3rj2z","time":1610646629,"event":{"mods":["AchievementEnabler","BaseMod","Colored Powertips","DeckTracker","Minty Spire (QoL Compilation)","Permanent Neow","Waifu the Spire"],"gold_per_floor":[18,30,30,30,46,81,81,101,126,144,144,161,188,205,205,304,354,369,369,468,468,248,274,291,191,191,208,208,228,228,228],"floor_reached":30,"language":"ENG","playtime":1890,"items_purged":["Strike_R","Defend_R"],"score":277,"play_id":"60287901-7ea2-4536-8ef6-aaecbfcae57c","local_time":"20210114125029","is_ascension_mode":false,"campfire_choices":[{"data":"Bash","floor":7,"key":"SMITH"},{"floor":15,"key":"REST"}],"circlet_count":0,"master_deck":["Strike_R+1","Strike_R+1","Defend_R+1","Defend_R","Bash+1","Shrug It Off","Clash"],"relics":["Burning Blood","Pen Nib","Dream Catcher","Bronze Scales","Tiny House","Bag of Marbles","MealTicket","Pantograph"],"acts_visited":["Exordium","TheCity"],"potions_floor_usage":[6,6,16,16,16,16,16,23,23,23,27,29],"damage_taken":[{"damage":5,"enemies":"Cultist","floor":1,"turns":4},{"damage":11,"enemies":"Jaw Worm","floor":2,"turns":3},{"damage":6,"enemies":"2 Louse","floor":5,"turns":3},{"damage":53,"enemies":"Lagavulin","floor":6,"turns":8},{"damage":10,"enemies":"Looter","floor":8,"turns":4},{"damage":11,"enemies":"Exordium Wildlife","floor":10,"turns":6},{"damage":0,"enemies":"2 Fungi Beasts","floor":12,"turns":5},{"damage":2,"enemies":"Looter","floor":14,"turns":3},{"damage":4,"enemies":"Hexaghost","floor":16,"turns":7},{"damage":8,"enemies":"Spheric Guardian","floor":18,"turns":4},{"damage":45,"enemies":"Slavers","floor":23,"turns":5},{"damage":18,"enemies":"Shell Parasite","floor":24,"turns":7},{"damage":27,"enemies":"Sentry and Sphere","floor":27,"turns":8},{"damage":11,"enemies":"Cultist and Chosen","floor":29,"turns":6},{"damage":14,"enemies":"Snecko","floor":30,"turns":4}],"seed_played":"-6731710481001913354","potions_obtained":[{"floor":2,"key":"Weak Potion"},{"floor":5,"key":"SkillPotion"},{"floor":6,"key":"ElixirPotion"},{"floor":10,"key":"EntropicBrew"},{"floor":12,"key":"Fire Potion"},{"floor":17,"key":"SteroidPotion"},{"floor":21,"key":"LiquidMemories"},{"floor":23,"key":"Explosive Potion"},{"floor":24,"key":"DistilledChaos"}],"is_trial":false,"path_per_floor":["M","M","?","?","M","E","R","M","T","M","?","M","T","M","R","B",null,"M","?","?","?","$","E","M","$","T","M","?","M","M"],"character_chosen":"IRONCLAD","items_purchased":["Bag of Marbles"],"campfire_rested":1,"item_purchase_floors":[22],"current_hp_per_floor":[80,75,75,80,80,33,33,29,29,24,7,13,13,17,42,44,90,88,70,70,70,70,31,19,34,34,13,13,8,0,0],"gold":228,"neow_bonus":"REMOVE_TWO","is_daily":false,"chose_seed":false,"campfire_upgraded":1,"win_rate":0.0,"timestamp":1610646629,"path_taken":["M","?","?","?","M","E","R","M","T","M","?","?","?","M","R","BOSS","M","?","?","?","$","E","?","$","T","M","?","M","?"],"items_purchased_type":["Relic"],"build_version":"2020-12-22","purchased_purges":2,"victory":false,"max_hp_per_floor":[80,80,80,85,85,85,85,85,85,85,85,85,85,85,85,85,90,90,95,95,95,95,95,95,95,95,95,95,95,95,95],"card_choices":[{"not_picked":["Flex","Body Slam","Blood for Blood"],"picked":"SKIP","floor":1},{"not_picked":["Perfected Strike","Pommel Strike","Wild Strike"],"picked":"SKIP","floor":2},{"not_picked":["Cleave","Warcry","Whirlwind"],"picked":"SKIP","floor":5},{"not_picked":["Barricade","Body Slam","Seeing Red"],"picked":"SKIP","floor":6},{"not_picked":["Body Slam","Inflame","Cleave"],"picked":"SKIP","floor":8},{"not_picked":["Dark Embrace","Rage"],"picked":"Shrug It Off","floor":10},{"not_picked":["Evolve","Body Slam","Rage"],"picked":"SKIP","floor":12},{"not_picked":["Iron Wave","Warcry"],"picked":"Clash","floor":14},{"not_picked":["Warcry","Headbutt","Flex"],"picked":"SKIP","floor":18},{"not_picked":["Warcry+1","Dual Wield","Fire Breathing"],"picked":"SKIP","floor":23},{"not_picked":["Iron Wave+1","Perfected Strike+1","Heavy Blade"],"picked":"SKIP","floor":24},{"not_picked":["Sword Boomerang","Shockwave","Whirlwind"],"picked":"SKIP","floor":27},{"not_picked":["Offering","Armaments+1","Dark Embrace"],"picked":"SKIP","floor":29}],"player_experience":38296,"relics_obtained":[{"floor":6,"key":"Pen Nib"},{"floor":9,"key":"Dream Catcher"},{"floor":13,"key":"Bronze Scales"},{"floor":23,"key":"MealTicket"},{"floor":26,"key":"Pantograph"}],"event_choices":[{"cards_removed":["Strike_R"],"damage_healed":0,"gold_gain":0,"player_choice":"Forget","damage_taken":0,"max_hp_gain":0,"max_hp_loss":0,"event_name":"Living Wall","floor":3,"gold_loss":0},{"damage_healed":0,"gold_gain":0,"player_choice":"Donut","damage_taken":0,"max_hp_gain":5,"max_hp_loss":0,"event_name":"Big Fish","floor":4,"gold_loss":0},{"damage_healed":0,"gold_gain":0,"player_choice":"Entered Light","damage_taken":17,"max_hp_gain":0,"max_hp_loss":0,"event_name":"Shining Light","floor":11,"gold_loss":0,"cards_upgraded":["Defend_R","Strike_R"]},{"damage_healed":0,"gold_gain":0,"player_choice":"Shed Blood","damage_taken":23,"max_hp_gain":5,"max_hp_loss":0,"event_name":"Forgotten Altar","floor":19,"gold_loss":0},{"damage_healed":0,"gold_gain":99,"player_choice":"Stole From Cult","damage_taken":0,"max_hp_gain":0,"max_hp_loss":0,"event_name":"Nest","floor":20,"gold_loss":0},{"damage_healed":0,"gold_gain":0,"player_choice":"Got Potions","damage_taken":0,"max_hp_gain":0,"max_hp_loss":0,"event_name":"Lab","floor":21,"gold_loss":0},{"damage_healed":0,"gold_gain":0,"player_choice":"Leave","damage_taken":0,"max_hp_gain":0,"max_hp_loss":0,"event_name":"FaceTrader","floor":28,"gold_loss":0}],"is_beta":false,"boss_relics":[{"not_picked":["Philosopher\u0027s Stone","Runic Dome"],"picked":"Tiny House"}],"items_purged_floors":[22,25],"is_endless":false,"potions_floor_spawned":[2,5,6,10,12,23,24],"killed_by":"Snecko","ascension_level":0}}