{"host":"vumwfieg2b2mnrfl","time":1610603721,"event":{"mods":["AchievementEnabler","BaseMod","Minty Spire (QoL Compilation)","Rare Cards Sparkle","Relic Stats"],"gold_per_floor":[119,119,119,119,119,119,154,154,179,179,191,29,55,75,75,154,154,154,154,154,154,154,154,154],"floor_reached":23,"language":"ENG","playtime":617,"items_purged":[],"score":422,"play_id":"42e65bb2-6dc2-4d43-8d7c-eee27031cdd3","local_time":"20210113235521","is_ascension_mode":true,"campfire_choices":[{"data":"Neutralize","floor":6,"key":"SMITH"},{"data":"Survivor","floor":8,"key":"SMITH"},{"data":"PiercingWail","floor":10,"key":"SMITH"},{"floor":15,"key":"REST"}],"circlet_count":0,"master_deck":["AscendersBane","Strike_G","Strike_G","Strike_G","Strike_G","Defend_G","Defend_G","Defend_G","Defend_G","Survivor+1","Neutralize+1","PiercingWail+1","Dagger Spray+1","Riddle With Holes+1","Dagger Spray+1","Backflip","Malaise","RitualDagger+1","Dagger Throw+1","Noxious Fumes"],"relics":["Ring of the Snake","NeowsBlessing","Molten Egg 2","Nunchaku","Regal Pillow","Art of War","Thread and Needle","Ectoplasm"],"acts_visited":["Exordium","TheCity"],"potions_floor_usage":[13,16,21,22],"damage_taken":[{"damage":0.0,"enemies":"Cultist","floor":1.0,"turns":1.0},{"damage":0,"enemies":"3 Sentries","floor":7,"turns":2},{"damage":0,"enemies":"2 Louse","floor":11,"turns":1},{"damage":50,"enemies":"Lagavulin","floor":13,"turns":10},{"damage":0,"enemies":"Jaw Worm","floor":14,"turns":2},{"damage":24,"enemies":"The Guardian","floor":16,"turns":15},{"damage":12,"enemies":"Spheric Guardian","floor":18,"turns":5},{"damage":6,"enemies":"Chosen","floor":21,"turns":7},{"damage":6,"enemies":"Shelled Parasite and Fungi","floor":22,"turns":4},{"damage":26,"enemies":"Slavers","floor":23,"turns":4}],"seed_played":"-2928677463728079704","potions_obtained":[{"floor":11,"key":"LiquidMemories"},{"floor":13,"key":"PowerPotion"},{"floor":16,"key":"Poison Potion"},{"floor":21,"key":"EssenceOfSteel"}],"is_trial":false,"path_per_floor":["M","T","$","?","?","R","E","R","T","R","M","$","E","M","R","B",null,"M","?","?","M","M","E"],"character_chosen":"THE_SILENT","items_purchased":["Art of War"],"campfire_rested":1,"item_purchase_floors":[12],"current_hp_per_floor":[59,59,59,59,52,52,52,52,52,52,52,52,2,2,36,12,53,41,35,35,29,23,0,0],"gold":154,"neow_bonus":"THREE_ENEMY_KILL","is_daily":false,"chose_seed":false,"campfire_upgraded":3,"win_rate":0.0,"timestamp":1610603721,"path_taken":["M","?","$","?","?","R","E","R","T","R","M","$","E","M","R","BOSS","M","?","?","M","?","E"],"items_purchased_type":["Relic"],"build_version":"2020-12-22","purchased_purges":0,"victory":false,"max_hp_per_floor":[66,66,66,66,66,66,66,66,66,66,66,66,66,66,66,66,66,66,66,66,66,66,66,66],"relic_stats":{"Nunchaku":[8],"Regal Pillow":15,"counters":[10,51],"Ectoplasm":40,"Art of War":[6],"obtain_stats":[{"Nunchaku":7,"Regal Pillow":9,"NeowsBlessing":0,"Molten Egg 2":2,"Thread and Needle":13,"Ectoplasm":17,"Art of War":12,"Ring of the Snake":0},{"Nunchaku":2,"Regal Pillow":2,"NeowsBlessing":0,"Molten Egg 2":1,"Thread and Needle":4,"Ectoplasm":6,"Art of War":3,"Ring of the Snake":0},{"Nunchaku":3,"Regal Pillow":3,"NeowsBlessing":0,"Molten Egg 2":1,"Thread and Needle":14,"Ectoplasm":31,"Art of War":4,"Ring of the Snake":0}],"Ring of the Snake":[20]},"card_choices":[{"not_picked":["Quick Slash","Backstab"],"picked":"PiercingWail","floor":1.0},{"not_picked":["After Image","Bane+1"],"picked":"Dagger Spray+1","floor":7},{"not_picked":["Blade Dance","Finisher+1"],"picked":"Riddle With Holes+1","floor":11},{"not_picked":["Bane+1","Heel Hook+1"],"picked":"Dagger Spray+1","floor":13},{"not_picked":["Heel Hook+1","Sucker Punch+1"],"picked":"Backflip","floor":14},{"not_picked":["Venomology","After Image"],"picked":"Malaise","floor":16},{"not_picked":["Cloak And Dagger","Blade Dance","Outmaneuver"],"picked":"SKIP","floor":18},{"not_picked":["Tactician+1","PiercingWail"],"picked":"Dagger Throw+1","floor":21},{"not_picked":["Acrobatics","Flying Knee+1"],"picked":"Noxious Fumes","floor":22}],"player_experience":418464,"relics_obtained":[{"floor":2.0,"key":"Molten Egg 2"},{"floor":7,"key":"Nunchaku"},{"floor":9,"key":"Regal Pillow"},{"floor":13,"key":"Thread and Needle"}],"event_choices":[{"damage_healed":0,"gold_gain":0,"player_choice":"Fled","damage_taken":0,"max_hp_gain":0,"max_hp_loss":0,"event_name":"Scrap Ooze","floor":4,"gold_loss":0},{"cards_removed":["Strike_G"],"damage_healed":0,"gold_gain":0,"player_choice":"Card Removal","damage_taken":7,"max_hp_gain":0,"max_hp_loss":0,"event_name":"Golden Wing","floor":5,"gold_loss":0},{"damage_healed":0,"gold_gain":0,"player_choice":"Joined the Cult","damage_taken":6,"max_hp_gain":0,"max_hp_loss":0,"event_name":"Nest","floor":19,"gold_loss":0,"cards_obtained":["RitualDagger"]},{"cards_removed":["Defend_G"],"damage_healed":0,"gold_gain":0,"player_choice":"Purged","damage_taken":0,"max_hp_gain":0,"max_hp_loss":0,"event_name":"Purifier","floor":20,"gold_loss":0}],"is_beta":false,"boss_relics":[{"not_picked":["Busted Crown","Philosopher\u0027s Stone"],"picked":"Ectoplasm"}],"items_purged_floors":[],"is_endless":false,"potions_floor_spawned":[11,13,16,21],"killed_by":"Slavers","ascension_level":18}}