{"host":"75t5dw8c2tyw3fa7","time":1610603411,"event":{"mods":["BaseMod","Minty Spire (QoL Compilation)","Replay The Spire","StSLib"],"gold_per_floor":[117,117,127,145,145,172,172,199,199,199,219,32,52,82,82,182,182,194,213,226,244,256,256,289,307,331,348,361,361,390,330,330,435,435,454,469,237,253,265,265,265],"floor_reached":40,"language":"ENG","playtime":3285,"items_purged":["Strike_G"],"score":867,"play_id":"dc0160c6-956d-433e-a172-19c0095c59a4","local_time":"20210113215011","is_ascension_mode":true,"campfire_choices":[{"floor":7,"key":"REST"},{"data":"Distraction","floor":10,"key":"SMITH"},{"data":"Mayhem","floor":15,"key":"SMITH"},{"floor":23,"key":"REST"},{"floor":29,"key":"REST"},{"floor":32,"key":"RECALL"}],"circlet_count":0,"master_deck":["Strike_G","Strike_G","Strike_G","Strike_G","Defend_G","Defend_G","Defend_G","Defend_G","Defend_G","Survivor","Neutralize","Discovery+1","Blade Dance","Crippling Poison","Backflip+1","Distraction+1","Blade Dance","Blade Dance","Mayhem+1","A Thousand Cuts","Corpse Explosion","PiercingWail+1","Flying Knee+1","Backstab+1","Sucker Punch+1","Bouncing Flask","A Thousand Cuts","Venomology","Terror+1","Deadly Poison+1","Burst","Catalyst","Cloak And Dagger+1","Cloak And Dagger+1"],"relics":["Ring of the Snake","HornCleat","Replay:Accelerometer","Eternal Feather","Replay:Bottled Steam","Fusion Hammer","Boot","Snake Skull","Matryoshka","Cursed Key","Orrery"],"acts_visited":["Exordium","TheCity","TheBeyond"],"potions_floor_usage":[3,8,13,33,35,38,40,40,40],"damage_taken":[{"damage":1,"enemies":"Small Slimes","floor":1,"turns":7},{"damage":1,"enemies":"Cultist","floor":3,"turns":3},{"damage":0,"enemies":"Jaw Worm","floor":4,"turns":3},{"damage":18,"enemies":"3 Sentries","floor":6,"turns":10},{"damage":15,"enemies":"Lagavulin","floor":8,"turns":4},{"damage":0,"enemies":"Blue Slaver","floor":11,"turns":4},{"damage":8,"enemies":"Exordium Wildlife","floor":13,"turns":5},{"damage":34,"enemies":"Hexaghost","floor":16,"turns":10},{"damage":8,"enemies":"2 Thieves","floor":18,"turns":4},{"damage":0,"enemies":"3 Byrds","floor":19,"turns":3},{"damage":8,"enemies":"Shelled Parasite and Fungi","floor":20,"turns":4},{"damage":2,"enemies":"3 Cultists","floor":21,"turns":4},{"damage":12,"enemies":"Snake Plant","floor":22,"turns":4},{"damage":22,"enemies":"Book of Stabbing","floor":24,"turns":6},{"damage":4,"enemies":"Snecko","floor":25,"turns":3},{"damage":1,"enemies":"Centurion and Healer","floor":27,"turns":4},{"damage":0,"enemies":"Snake Plant","floor":28,"turns":3},{"damage":24,"enemies":"Slavers","floor":30,"turns":3},{"damage":29,"enemies":"Pondfish","floor":33,"turns":9},{"damage":0,"enemies":"Orb Walker","floor":35,"turns":2},{"damage":0,"enemies":"3 Shapes","floor":36,"turns":3},{"damage":0,"enemies":"Transient","floor":38,"turns":5},{"damage":23,"enemies":"Jaw Worm Horde","floor":39,"turns":3},{"damage":47,"enemies":"Giant Head","floor":40,"turns":6}],"seed_played":"9049365893991131531","potions_obtained":[{"floor":1,"key":"EntropicBrew"},{"floor":16,"key":"FairyPotion"},{"floor":19,"key":"LiquidMemories"},{"floor":24,"key":"CunningPotion"},{"floor":33,"key":"Explosive Potion"}],"is_trial":false,"path_per_floor":["M","?","M","M","?","E","R","E","T","R","M","$","M","?","R","B",null,"M","M","M","M","M","R","E","M","T","M","M","R","E","?","R","B",null,"M","M","$","M","M","E"],"character_chosen":"THE_SILENT","items_purchased":["Mayhem","Orrery"],"campfire_rested":3,"item_purchase_floors":[12,37],"current_hp_per_floor":[62,62,61,61,47,29,50,35,35,44,44,44,36,36,48,14,56,48,48,40,38,26,62,40,36,36,35,35,70,46,46,61,32,61,61,61,61,61,38,0,0],"gold":265,"neow_bonus":"RANDOM_COLORLESS","is_daily":false,"chose_seed":false,"campfire_upgraded":2,"win_rate":0.0,"timestamp":1610603411,"path_taken":["M","?","M","?","?","E","R","E","T","R","M","?","M","?","R","BOSS","M","M","M","M","M","R","E","M","T","M","M","R","E","?","R","BOSS","M","M","$","M","M","E"],"items_purchased_type":["Card","Relic"],"build_version":"2020-12-22","purchased_purges":1,"victory":false,"max_hp_per_floor":[70,70,70,70,70,70,70,70,70,70,70,70,70,70,70,70,70,70,70,70,70,70,70,70,70,70,70,70,70,70,70,70,70,70,70,70,70,70,70,70,70],"card_choices":[{"not_picked":["Dramatic Entrance","ReplayTheSpireMod:Private Reserves"],"picked":"Discovery","floor":0},{"not_picked":["Sneak Up","Slice"],"picked":"Blade Dance","floor":1},{"not_picked":["Sneak Up","Reflex"],"picked":"Crippling Poison","floor":3},{"not_picked":["Acrobatics","Deflect"],"picked":"Backflip","floor":4},{"not_picked":["Predator","Prepared"],"picked":"Distraction","floor":6},{"not_picked":["Riddle With Holes","Deadly Poison"],"picked":"Blade Dance","floor":8},{"not_picked":["Concentrate","Skewer","Blade Dance"],"picked":"SKIP","floor":11},{"not_picked":["Concentrate","Skewer"],"picked":"Blade Dance","floor":11},{"not_picked":["ReplayTheSpireMod:Exploit Weakness","PiercingWail"],"picked":"A Thousand Cuts","floor":13},{"not_picked":["ReplayTheSpireMod:Necrosis","Doppelganger"],"picked":"Corpse Explosion","floor":16},{"not_picked":["Blade Dance","Endless Agony+1"],"picked":"PiercingWail+1","floor":18},{"not_picked":["Backflip","Blade Dance","Quick Slash+1"],"picked":"SKIP","floor":19},{"not_picked":["Outmaneuver","Underhanded Strike"],"picked":"Flying Knee+1","floor":20},{"not_picked":["All Out Attack+1","Dagger Throw+1"],"picked":"Backstab+1","floor":21},{"not_picked":["Backflip","Deflect+1","Cloak And Dagger"],"picked":"SKIP","floor":22},{"not_picked":["ReplayTheSpireMod:Exploit Weakness","Masterful Stab"],"picked":"Sucker Punch+1","floor":24},{"not_picked":["Cloak And Dagger","Caltrops","Sucker Punch"],"picked":"SKIP","floor":25},{"not_picked":["Deadly Poison","Bane"],"picked":"Bouncing Flask","floor":27},{"not_picked":["Outmaneuver","Crippling Poison","Hidden Blade"],"picked":"SKIP","floor":28},{"not_picked":["A Thousand Cuts","Predator","Sucker Punch"],"picked":"SKIP","floor":30},{"not_picked":["Predator","Sucker Punch"],"picked":"A Thousand Cuts","floor":30},{"not_picked":["Envenom","Storm of Steel"],"picked":"Venomology","floor":33},{"not_picked":["Poisoned Stab","Flying Knee+1","Outmaneuver"],"picked":"SKIP","floor":35},{"not_picked":["Underhanded Strike+1","Deadly Poison"],"picked":"Terror+1","floor":36},{"not_picked":["ReplayTheSpireMod:The Works+1","Poisoned Stab"],"picked":"Deadly Poison+1","floor":37},{"not_picked":["Blade Dance","Predator+1"],"picked":"Burst","floor":37},{"not_picked":["Expertise","Skewer+1"],"picked":"Catalyst","floor":37},{"not_picked":["Deflect","Infinite Blades+1"],"picked":"Cloak And Dagger+1","floor":37},{"not_picked":["Quick Slash","Caltrops+1"],"picked":"Cloak And Dagger+1","floor":37},{"not_picked":["Draining Mist","Eviscerate","Slice"],"picked":"SKIP","floor":38},{"not_picked":["Prepared","Quick Slash","Distraction"],"picked":"SKIP","floor":39}],"player_experience":438363,"relics_obtained":[{"floor":6,"key":"HornCleat"},{"floor":8,"key":"Replay:Accelerometer"},{"floor":9,"key":"Eternal Feather"},{"floor":24,"key":"Boot"},{"floor":26,"key":"Snake Skull"},{"floor":30,"key":"Matryoshka"}],"event_choices":[{"damage_healed":0,"gold_gain":0,"player_choice":"Bought 0 Potions","damage_taken":0,"max_hp_gain":0,"max_hp_loss":0,"event_name":"The Woman in Blue","floor":2,"gold_loss":0},{"damage_healed":0,"gold_gain":0,"player_choice":"Entered Light","damage_taken":14,"max_hp_gain":0,"max_hp_loss":0,"event_name":"Shining Light","floor":5,"gold_loss":0,"cards_upgraded":["Discovery","Backflip"]},{"damage_healed":0,"gold_gain":30,"player_choice":"Searched \u00273\u0027 times","damage_taken":0,"relics_obtained":["Replay:Bottled Steam"],"max_hp_gain":0,"max_hp_loss":0,"event_name":"Dead Adventurer","floor":14,"gold_loss":0}],"is_beta":false,"boss_relics":[{"not_picked":["Busted Crown","Empty Cage"],"picked":"Fusion Hammer"},{"not_picked":["Snecko Scales","Replay:Wanted Poster"],"picked":"Cursed Key"}],"items_purged_floors":[37],"is_endless":false,"potions_floor_spawned":[1,6,16,19,20,21,24,33,35,38],"killed_by":"Giant Head","ascension_level":8}}