{"host":"bm1qfstn98p1odmu","time":1610663866,"event":{"mods":["AchievementEnabler","BaseMod","Bestiary","Block Reminder","Colored Map","Colored Powertips","DeckTracker","Highlight Path","Minty Spire (QoL Compilation)","Relic Stats","Replay The Spire","StSLib"],"gold_per_floor":[113,130,130,150,163,193,193,223,223,239,251,267,267,281,281,382,382,400,340,357,357,282,282,7,7,7,21,1,17,34,50,50,50,50],"floor_reached":33,"language":"ENG","playtime":1877,"items_purged":["Strike_B"],"score":263,"play_id":"7406c78e-cc49-4dfc-a4ef-62de1b254048","local_time":"20210115003746","is_ascension_mode":false,"campfire_choices":[{"floor":15,"key":"REST"},{"data":"Creative AI","floor":23,"key":"SMITH"},{"data":"Dualcast","floor":25,"key":"SMITH"},{"floor":32,"key":"REST"}],"circlet_count":0,"master_deck":["Strike_B","Strike_B","Defend_B","Defend_B","Defend_B","Zap","Dualcast+1","BootSequence","Gash","Go for the Eyes","Creative AI+1","Rainbow","Double Energy","Beam Cell","Thunder Strike","Streamline+1","White Noise+1","Redo","Redo","Genetic Algorithm","Redo+1","Coolheaded","Beam Cell+1"],"relics":["FrozenCore","Letter Opener","Bronze Scales","Carrot","Membership Card","Bag of Preparation","Mirror"],"acts_visited":["Exordium","TheCity"],"potions_floor_usage":[8,20,33,33],"damage_taken":[{"damage":1,"enemies":"Cultist","floor":1,"turns":4},{"damage":0,"enemies":"2 Louse","floor":2,"turns":2},{"damage":0,"enemies":"Jaw Worm","floor":4,"turns":2},{"damage":2,"enemies":"Blue Slaver","floor":5,"turns":3},{"damage":42,"enemies":"3 Sentries","floor":6,"turns":7},{"damage":14,"enemies":"Replay:BlueRogue","floor":8,"turns":8},{"damage":0,"enemies":"3 Louse","floor":10,"turns":2},{"damage":3,"enemies":"Exordium Wildlife","floor":11,"turns":4},{"damage":7,"enemies":"Large Slime","floor":12,"turns":6},{"damage":0,"enemies":"Blue Slaver","floor":14,"turns":3},{"damage":11,"enemies":"The Guardian","floor":16,"turns":8},{"damage":6,"enemies":"Shell Parasite","floor":18,"turns":7},{"damage":11,"enemies":"Spheric Guardian","floor":20,"turns":5},{"damage":13,"enemies":"Snake Plant","floor":27,"turns":4},{"damage":4,"enemies":"Centurion and Healer","floor":29,"turns":9},{"damage":14,"enemies":"3 Cultists","floor":30,"turns":6},{"damage":0,"enemies":"Cultist and Chosen","floor":31,"turns":6},{"damage":67,"enemies":"Automaton","floor":33,"turns":6}],"seed_played":"-2346956813596306522","potions_obtained":[{"floor":1,"key":"Flashbang"},{"floor":5,"key":"Milkshake"},{"floor":7,"key":"Ancient Potion"},{"floor":8,"key":"EssenceOfDarkness"},{"floor":27,"key":"AttackPotion"},{"floor":31,"key":"Strength Potion"}],"is_trial":false,"path_per_floor":["M","M","?","M","M","E","?","E","T","M","M","M","?","M","R","B",null,"M","?","M","?","?","R","$","R","T","M","$","M","M","M","R_BF","B"],"character_chosen":"DEFECT","items_purchased":["Membership Card","Bag of Preparation","Redo","Genetic Algorithm"],"campfire_rested":2,"item_purchase_floors":[24,24,24,28],"current_hp_per_floor":[74,74,74,74,72,30,30,16,16,16,13,6,6,6,28,17,75,69,69,58,58,58,58,58,58,58,45,45,41,27,27,49,0,0],"gold":50,"neow_bonus":"THREE_CARDS","is_daily":false,"chose_seed":false,"campfire_upgraded":2,"win_rate":0.0,"timestamp":1610663866,"path_taken":["M","M","?","M","M","E","?","E","T","?","M","M","?","M","R","BOSS","M","?","M","?","?","R","$","R","T","?","$","M","M","M","R_BF","BOSS"],"items_purchased_type":["Relic","Relic","Card","Card"],"build_version":"2020-12-22","purchased_purges":1,"victory":false,"max_hp_per_floor":[75,75,75,75,75,75,75,75,75,75,75,75,75,75,75,75,75,75,75,75,75,75,75,75,75,75,75,75,75,75,75,75,75,75],"relic_stats":{"counters":[18,92],"Bronze Scales":[177],"Bag of Preparation":[10],"Letter Opener":[100],"obtain_stats":[{"Carrot":9,"Bronze Scales":8,"Bag of Preparation":24,"Letter Opener":6,"Membership Card":24,"Cracked Core":0,"Mirror":26,"FrozenCore":17},{"Carrot":6,"Bronze Scales":6,"Bag of Preparation":13,"Letter Opener":5,"Membership Card":13,"Cracked Core":0,"Mirror":13,"FrozenCore":11},{"Carrot":26,"Bronze Scales":26,"Bag of Preparation":61,"Letter Opener":18,"Membership Card":61,"Cracked Core":0,"Mirror":61,"FrozenCore":49}],"FrozenCore":[22]},"card_choices":[{"not_picked":["Sweeping Beam","Redo"],"picked":"BootSequence","floor":0},{"not_picked":["Consume","Panic Button"],"picked":"Gash","floor":1},{"not_picked":["Redo","ReplaySort"],"picked":"Go for the Eyes","floor":2},{"not_picked":["Go for the Eyes","Leap","Steam Power"],"picked":"SKIP","floor":4},{"not_picked":["Sweeping Beam","Ball Lightning"],"picked":"Creative AI","floor":5},{"not_picked":["Undo","Leap","Steam Power"],"picked":"SKIP","floor":6},{"not_picked":["Hologram","Recycle"],"picked":"Rainbow","floor":8},{"not_picked":["Hologram","Go for the Eyes","Rebound"],"picked":"SKIP","floor":10},{"not_picked":["Melter","Ball Lightning"],"picked":"Double Energy","floor":11},{"not_picked":["Steam Power","ReplayTheSpireMod:Reroute Power"],"picked":"Beam Cell","floor":12},{"not_picked":["Hologram","Stack","Barrage"],"picked":"SKIP","floor":14},{"not_picked":["Meteor Strike","Rainbow"],"picked":"Thunder Strike","floor":16},{"not_picked":["Gash","Rebound"],"picked":"Streamline+1","floor":18},{"not_picked":["Double Energy","Gash"],"picked":"White Noise+1","floor":20},{"not_picked":["Rip and Tear","Machine Learning","Sweeping Beam"],"picked":"SKIP","floor":27},{"not_picked":["Steam","Streamline+1"],"picked":"Redo+1","floor":29},{"not_picked":["Genetic Algorithm+1","Streamline"],"picked":"Coolheaded","floor":30},{"not_picked":["Leap","Auto Shields+1"],"picked":"Beam Cell+1","floor":31}],"player_experience":53070,"relics_obtained":[{"floor":6,"key":"Letter Opener"},{"floor":8,"key":"Bronze Scales"},{"floor":9,"key":"Carrot"},{"floor":26,"key":"Mirror"}],"event_choices":[{"damage_healed":0,"gold_gain":0,"player_choice":"Got Potions","damage_taken":0,"max_hp_gain":0,"max_hp_loss":0,"event_name":"Lab","floor":7,"gold_loss":0},{"cards_removed":["Strike_B"],"damage_healed":0,"gold_gain":0,"player_choice":"Forget","damage_taken":0,"max_hp_gain":0,"max_hp_loss":0,"event_name":"Living Wall","floor":13,"gold_loss":0},{"damage_healed":0,"gold_gain":0,"player_choice":"Ignored","damage_taken":0,"max_hp_gain":0,"max_hp_loss":0,"event_name":"Vampires","floor":21,"gold_loss":0},{"cards_removed":["Defend_B"],"damage_healed":0,"gold_gain":0,"player_choice":"Gave Gold","damage_taken":0,"max_hp_gain":0,"max_hp_loss":0,"event_name":"Beggar","floor":22,"gold_loss":75}],"is_beta":false,"boss_relics":[{"not_picked":["Philosopher\u0027s Stone","Inserter"],"picked":"FrozenCore"}],"items_purged_floors":[24],"is_endless":false,"potions_floor_spawned":[1,5,8,14,18,27,29,31],"killed_by":"Automaton","ascension_level":0}}