{"host":"j0tja808rg8hkg8v","time":1610668204,"event":{"mods":["Aspiration","BaseMod","Colored Powertips","Downfall","Energized Spire","Hermit","Infinite Spire","Ironclad Rager","Magitek Elite","Minty Spire (QoL Compilation)","Relic Stats","Replay The Spire","StSLib","The Bladedancer","The Cursed","The Disciple","The Runesmith"],"gold_per_floor":[113,130,80,80,80,90,90,105,105,121,121,156,431,449,449,548,548,563,440,459,476,492,492,492],"floor_reached":23,"language":"ENG","playtime":1531,"items_purged":[],"score":195,"play_id":"84620b7e-05ac-47a8-9b74-3ee66af9d2f3","local_time":"20210114235004","is_ascension_mode":false,"campfire_choices":[{"data":"TheCursedMod:CircleOfFlame","floor":7.0,"key":"SMITH"},{"data":"TheCursedMod:TacticalStrike","floor":11.0,"key":"SMITH"},{"floor":15.0,"key":"REST"}],"circlet_count":0,"master_deck":["TheCursedMod:Strike_TheCursed","TheCursedMod:Strike_TheCursed","TheCursedMod:Strike_TheCursed","TheCursedMod:Strike_TheCursed","TheCursedMod:Defend_TheCursed","TheCursedMod:Defend_TheCursed","TheCursedMod:Defend_TheCursed","TheCursedMod:CursedWand","TheCursedMod:CleanUpWorkshop","TheCursedMod:Dregs","TheCursedMod:CircleOfFlame+1","TheCursedMod:TacticalStrike+1","Looming Evil","TheCursedMod:CircleOfCorruption","TheCursedMod:FleshFromBone","TheCursedMod:CircleOfCorruption","TheCursedMod:CursedBlade","Regret","TheCursedMod:SpitefulStrike","TheCursedMod:ReleasedStrength","TheCursedMod:WearCloak","TheCursedMod:CircleOfCorruption+1","TheCursedMod:CircleOfAbyss"],"relics":["TheCursedMod:BlackMagic101","ReplayTheSpireMod:Ring of Exchange","Shuriken","Lantern"],"acts_visited":["Exordium","TheCity"],"potions_floor_usage":[23],"damage_taken":[{"damage":0.0,"enemies":"Small Slimes","floor":1.0,"turns":3.0},{"damage":2.0,"enemies":"2 Louse","floor":2.0,"turns":2.0},{"damage":0.0,"enemies":"Cultist","floor":6.0,"turns":3.0},{"damage":5.0,"enemies":"Red Slaver","floor":8.0,"turns":3.0},{"damage":1.0,"enemies":"Gremlin Gang","floor":10.0,"turns":3.0},{"damage":20.0,"enemies":"Gremlin Nob","floor":12.0,"turns":4.0},{"damage":10.0,"enemies":"Large Slime","floor":14.0,"turns":5.0},{"damage":50.0,"enemies":"The Guardian","floor":16.0,"turns":11.0},{"damage":18.0,"enemies":"Chosen","floor":18.0,"turns":6.0},{"damage":7.0,"enemies":"Spheric Guardian","floor":20.0,"turns":3.0},{"damage":9.0,"enemies":"Snecko","floor":21.0,"turns":4.0},{"damage":21.0,"enemies":"Cultist and Chosen","floor":22.0,"turns":5.0},{"damage":21,"enemies":"Nightmare","floor":23,"turns":6}],"seed_played":"3664024024751344937","potions_obtained":[{"floor":0.0,"key":"Venom Potion"},{"floor":0.0,"key":"Energy Potion"},{"floor":0.0,"key":"hexamod:EctoCoolerPotion"},{"floor":6.0,"key":"AttackPotion"},{"floor":12.0,"key":"SteroidPotion"},{"floor":14.0,"key":"Strength Potion"},{"floor":21.0,"key":"hexamod:EctoCoolerPotion"}],"is_trial":false,"path_per_floor":["M","M","?","$","?","M","R","M","T","M","R","E","?","M","R","B",null,"M","$","M","M","M","NM"],"character_chosen":"THE_CURSED","items_purchased":["TheCursedMod:ReleasedStrength","TheCursedMod:WearCloak"],"campfire_rested":1,"item_purchase_floors":[19,19],"current_hp_per_floor":[75,73,73,73,73,73,73,68,68,67,67,47,47,37,59,9,75,57,57,50,41,20,0,0],"gold":492,"neow_bonus":"THREE_SMALL_POTIONS","is_daily":false,"chose_seed":false,"campfire_upgraded":2,"win_rate":0.0,"timestamp":1610668204,"path_taken":["M","M","?","$","?","M","R","M","T","M","R","E","?","M","R","BOSS","M","$","M","M","?","NM"],"items_purchased_type":["Card","Card"],"build_version":"2020-12-22","purchased_purges":0,"victory":false,"max_hp_per_floor":[75,75,75,75,75,75,75,75,75,75,75,75,75,75,75,75,75,75,75,75,75,75,75,75],"relic_stats":{"counters":[13,58],"Shuriken":[13],"obtain_stats":[{"TheCursedMod:BlackMagic101":0,"ReplayTheSpireMod:Ring of Exchange":5,"Lantern":12,"Shuriken":9},{"TheCursedMod:BlackMagic101":0,"ReplayTheSpireMod:Ring of Exchange":2,"Lantern":6,"Shuriken":4},{"TheCursedMod:BlackMagic101":0,"ReplayTheSpireMod:Ring of Exchange":5,"Lantern":18,"Shuriken":11}]},"card_choices":[{"not_picked":["TheCursedMod:CursedStaff","TheCursedMod:SurpriseAttack"],"picked":"TheCursedMod:CircleOfFlame","floor":1.0},{"not_picked":["TheCursedMod:SmokeScreen","TheCursedMod:FleshFromBone"],"picked":"TheCursedMod:TacticalStrike","floor":2.0},{"not_picked":["TheCursedMod:AshesToAshes","TheCursedMod:OutForBlood"],"picked":"TheCursedMod:CircleOfCorruption","floor":6.0},{"not_picked":["TheCursedMod:Evocation","TheCursedMod:CursedMace"],"picked":"TheCursedMod:FleshFromBone","floor":8.0},{"not_picked":["TheCursedMod:FleshFromBone","TheCursedMod:CursedMace"],"picked":"TheCursedMod:CircleOfCorruption","floor":10.0},{"not_picked":["TheCursedMod:Torture","TheCursedMod:DoubleShield"],"picked":"TheCursedMod:CursedBlade","floor":12.0},{"not_picked":["TheCursedMod:Evocation","TheCursedMod:RavingStaff","TheCursedMod:ManaCirculation"],"picked":"SKIP","floor":14.0},{"not_picked":["TheCursedMod:SurpriseAttack","TheCursedMod:SoulCrush"],"picked":"TheCursedMod:SpitefulStrike","floor":18.0},{"not_picked":["TheCursedMod:CursedMace+1","TheCursedMod:Torture"],"picked":"TheCursedMod:CircleOfCorruption+1","floor":20.0},{"not_picked":["TheCursedMod:BlessingInDisguise","TheCursedMod:ManaBullet","TheCursedMod:Torture+1"],"picked":"SKIP","floor":21.0},{"not_picked":["TheCursedMod:AshesToAshes","TheCursedMod:VitalStrike"],"picked":"TheCursedMod:CircleOfAbyss","floor":22.0}],"player_experience":52351,"relics_obtained":[{"floor":5.0,"key":"ReplayTheSpireMod:Ring of Exchange"},{"floor":9.0,"key":"Shuriken"},{"floor":12.0,"key":"Lantern"}],"event_choices":[{"cards_removed":["TheCursedMod:Defend_TheCursed"],"damage_healed":0.0,"max_hp_gain":0.0,"max_hp_loss":0.0,"gold_gain":0.0,"event_name":"The Cleric","player_choice":"Card Removal","floor":3.0,"gold_loss":50.0,"damage_taken":0.0},{"damage_healed":0.0,"max_hp_gain":0.0,"max_hp_loss":0.0,"gold_gain":275.0,"event_name":"Golden Shrine","player_choice":"Desecrate","floor":13.0,"gold_loss":0.0,"damage_taken":0.0,"cards_obtained":["Regret"]}],"is_beta":false,"boss_relics":[{"not_picked":[]}],"items_purged_floors":[],"is_endless":false,"potions_floor_spawned":[6,12,14,16,21],"killed_by":"Nightmare","ascension_level":0}}