{"host":"xm0tf1maiknh0fp9","time":1610655502,"event":{"mods":["BaseMod","Colored Map","Colored Powertips","Googly Eyes","Minty Spire (QoL Compilation)","Replay The Spire","StSLib"],"gold_per_floor":[113,126,201,213,231,231,156,170,170,170,170,19,19,50,50,148,148,161,180,180,37,136,136,162,174,186,231,49,49,49],"floor_reached":29,"language":"ENG","playtime":948,"items_purged":["Strike_G"],"score":327,"play_id":"88160d29-3887-4045-9bf8-c21ada1c7af5","local_time":"20210114151822","is_ascension_mode":true,"campfire_choices":[{"data":"Acrobatics","floor":6.0,"key":"SMITH"},{"data":"Neutralize","floor":11,"key":"SMITH"},{"data":"Strike_G+1","floor":13,"key":"SMITH"},{"floor":15,"key":"REST"},{"floor":23,"key":"REST"},{"floor":25,"key":"REST"}],"circlet_count":0,"master_deck":["Strike_G","Strike_G","Strike_G+2","Strike_G","Defend_G","Defend_G+1","Defend_G","Defend_G","Defend_G","Survivor","Neutralize+1","Acrobatics+1","Hidden Blade","Die Die Die","Dagger Throw","Flash of Steel"],"relics":["Ring of the Snake","NeowsBlessing","Shuriken","Eternal Feather","Simple Rune","Gremlin Horn","SlaversCollar","Nilry\u0027s Codex","Membership Card","MawBank","Mummified Hand","Happy Flower","TungstenRod"],"acts_visited":["Exordium","TheCity"],"potions_floor_usage":[16,16,19,27],"damage_taken":[{"damage":0.0,"enemies":"Jaw Worm","floor":1.0,"turns":1.0},{"damage":0.0,"enemies":"Cultist","floor":2.0,"turns":1.0},{"damage":0.0,"enemies":"2 Louse","floor":4.0,"turns":1.0},{"damage":7.0,"enemies":"2 Fungi Beasts","floor":5.0,"turns":4.0},{"damage":3,"enemies":"Looter","floor":8,"turns":5},{"damage":35,"enemies":"Lagavulin","floor":14,"turns":7},{"damage":46,"enemies":"Fading Forest","floor":16,"turns":11},{"damage":28,"enemies":"Shell Parasite","floor":18,"turns":7},{"damage":19,"enemies":"Spheric Guardian","floor":19,"turns":4},{"damage":0,"enemies":"Gremlin Leader","floor":24,"turns":4},{"damage":45,"enemies":"Book of Stabbing","floor":27,"turns":7},{"damage":22,"enemies":"Snake Plant","floor":29,"turns":2}],"seed_played":"-7798049878425082439","potions_obtained":[{"floor":2.0,"key":"Weak Potion"},{"floor":8,"key":"Weak Potion"},{"floor":16,"key":"DuplicationPotion"},{"floor":24,"key":"SkillPotion"}],"is_trial":false,"path_per_floor":["M","M","?","M","M","R","$","M","T","?","R","$","R","E","R","B",null,"M","M","?","$","?","R","E","R","T","E","$","M"],"character_chosen":"THE_SILENT","items_purchased":["Simple Rune","Membership Card","TungstenRod","Flash of Steel"],"campfire_rested":3,"item_purchase_floors":[12,21,28,28],"current_hp_per_floor":[70,70,63,63,56,56,56,53,53,35,41,41,47,12,39,1,70,42,23,7,7,7,37,37,67,67,22,22,0,0],"gold":49,"neow_bonus":"THREE_ENEMY_KILL","is_daily":false,"chose_seed":false,"campfire_upgraded":3,"win_rate":0.0,"timestamp":1610655502,"path_taken":["M","M","?","M","?","R","?","M","T","?","R","$","R","E","R","BOSS","M","M","?","$","?","R","E","R","T","E","$","M"],"items_purchased_type":["Relic","Relic","Relic","Card"],"build_version":"2020-12-22","purchased_purges":1,"victory":false,"max_hp_per_floor":[70,70,70,70,70,70,70,70,70,70,70,70,70,70,70,70,70,70,70,70,70,70,70,70,70,70,70,70,70,70],"card_choices":[{"not_picked":["Flying Knee","Cloak And Dagger"],"picked":"Acrobatics","floor":1.0},{"not_picked":["Quick Slash","Bane","Terror"],"picked":"SKIP","floor":2.0},{"not_picked":["ReplayTheSpireMod:Tripwire","Slice","Cloak And Dagger"],"picked":"SKIP","floor":4.0},{"not_picked":["Terror","Bane"],"picked":"Hidden Blade","floor":5.0},{"not_picked":["Dagger Spray","Hidden Blade","All Out Attack"],"picked":"SKIP","floor":8},{"not_picked":["Deflect","Sucker Punch","Eviscerate"],"picked":"SKIP","floor":14},{"not_picked":["Deflect","Sucker Punch","Eviscerate"],"picked":"SKIP","floor":14},{"not_picked":["Atom Bomb","Wraith Form v2"],"picked":"Die Die Die","floor":16},{"not_picked":["Accuracy","Toxin Wave"],"picked":"Dagger Throw","floor":18},{"not_picked":["Setup","Sucker Punch","Bane"],"picked":"SKIP","floor":19},{"not_picked":["Quick Slash","Deflect+1","Slice"],"picked":"SKIP","floor":24},{"not_picked":["Crippling Poison+1","Poison Darts","Backflip+1"],"picked":"SKIP","floor":27}],"player_experience":118183,"relics_obtained":[{"floor":9,"key":"Shuriken"},{"floor":14,"key":"Gremlin Horn"},{"floor":20,"key":"Nilry\u0027s Codex"},{"floor":24,"key":"MawBank"},{"floor":26,"key":"Mummified Hand"},{"floor":27,"key":"Happy Flower"}],"event_choices":[{"damage_healed":0.0,"max_hp_gain":0.0,"max_hp_loss":0.0,"gold_gain":75.0,"event_name":"FaceTrader","player_choice":"Touch","floor":3.0,"gold_loss":0.0,"damage_taken":7.0},{"damage_healed":0,"gold_gain":0,"player_choice":"Success","damage_taken":18,"relics_obtained":["Eternal Feather"],"max_hp_gain":0,"max_hp_loss":0,"event_name":"Scrap Ooze","floor":10,"gold_loss":0},{"damage_healed":0,"gold_gain":0,"player_choice":"Obtained Book","damage_taken":16,"max_hp_gain":0,"max_hp_loss":0,"event_name":"Cursed Tome","floor":20,"gold_loss":0},{"damage_healed":0,"gold_gain":99,"player_choice":"Stole From Cult","damage_taken":0,"max_hp_gain":0,"max_hp_loss":0,"event_name":"Nest","floor":22,"gold_loss":0}],"is_beta":false,"boss_relics":[{"not_picked":["Coffee Dripper","ChewingGum"],"picked":"SlaversCollar"}],"items_purged_floors":[7],"is_endless":false,"potions_floor_spawned":[2,8,16,24],"killed_by":"Snake Plant","ascension_level":3}}