{"host":"nz11ypxva4e39b7q","time":1610630359,"event":{"mods":["BaseMod","Better Altar","Better Skull","Better Third Choice","Better Vampires","Colored Map","Minty Spire (QoL Compilation)","Spicy Shops","StSLib"],"gold_per_floor":[122,47,66,91,91,91,91,126,126,91,91,114,114,136,136,136,136],"floor_reached":16,"language":"ENG","playtime":781,"items_purged":[],"score":196,"play_id":"aca85078-7274-46d3-b8ea-53ce75f19418","local_time":"20210114141919","is_ascension_mode":true,"campfire_choices":[{"data":"Poisoned Stab","floor":6.0,"key":"SMITH"},{"data":"Prepared","floor":11,"key":"SMITH"},{"data":"Crippling Poison","floor":13,"key":"SMITH"},{"data":"Tactician","floor":15,"key":"SMITH"}],"circlet_count":0,"master_deck":["AscendersBane","Strike_G","Strike_G","Strike_G","Strike_G","Strike_G","Defend_G","Defend_G","Defend_G","Defend_G","Defend_G","Survivor","Neutralize","Crippling Poison+1","Tactician+1","Poisoned Stab+1","Prepared+1","Leg Sweep"],"relics":["Ring of the Snake","CeramicFish","betterThird:SlimedRelic","Mummified Hand","Juzu Bracelet","Potion Belt"],"acts_visited":["Exordium"],"potions_floor_usage":[8],"damage_taken":[{"damage":0.0,"enemies":"2 Louse","floor":1.0,"turns":3.0},{"damage":4.0,"enemies":"Jaw Worm","floor":3.0,"turns":6.0},{"damage":8.0,"enemies":"Small Slimes","floor":4.0,"turns":5.0},{"damage":26,"enemies":"3 Sentries","floor":8,"turns":16},{"damage":2,"enemies":"Exordium Wildlife","floor":14,"turns":5},{"damage":38,"enemies":"Hexaghost","floor":16,"turns":14}],"seed_played":"1389340418826459498","potions_obtained":[{"floor":1.0,"key":"Fruit Juice"},{"floor":14,"key":"Fire Potion"}],"is_trial":false,"path_per_floor":["M","?","M","M","?","R","?","E","T","?","R","T","R","M","R","B"],"character_chosen":"THE_SILENT","items_purchased":[],"campfire_rested":0,"item_purchase_floors":[],"current_hp_per_floor":[59,48,44,36,41,41,41,20,20,39,39,39,39,37,37,0,0],"gold":136,"neow_bonus":"RANDOM_COMMON_RELIC","is_daily":false,"chose_seed":false,"campfire_upgraded":4,"win_rate":0.0,"timestamp":1610630359,"path_taken":["M","?","M","M","?","R","?","E","T","?","R","?","R","M","R","BOSS"],"items_purchased_type":[],"build_version":"2020-12-22","purchased_purges":0,"victory":false,"max_hp_per_floor":[66,66,66,66,71,71,71,76,76,76,76,76,76,76,76,76,76],"card_choices":[{"not_picked":["Flying Knee","PiercingWail"],"picked":"Crippling Poison","floor":1.0},{"not_picked":["PiercingWail","Backflip"],"picked":"Tactician","floor":3.0},{"not_picked":["Blade Dance","Dagger Spray"],"picked":"Poisoned Stab","floor":4.0},{"not_picked":["Infinite Blades","Heel Hook"],"picked":"Prepared","floor":8},{"not_picked":["Backstab","Skewer"],"picked":"Leg Sweep","floor":14}],"player_experience":975054,"relics_obtained":[{"floor":8,"key":"Juzu Bracelet"},{"floor":12,"key":"Potion Belt"}],"event_choices":[{"damage_healed":0.0,"max_hp_gain":0.0,"max_hp_loss":0.0,"gold_gain":0.0,"event_name":"betterThird:BetterGoop","player_choice":"Slimed","floor":2.0,"gold_loss":75.0,"damage_taken":11.0},{"damage_healed":0.0,"max_hp_gain":5.0,"max_hp_loss":0.0,"gold_gain":0.0,"event_name":"Big Fish","player_choice":"Donut","floor":5.0,"gold_loss":0.0,"damage_taken":0.0},{"damage_healed":0,"gold_gain":0,"player_choice":"Searched \u00271\u0027 times","damage_taken":0,"relics_obtained":["Mummified Hand"],"max_hp_gain":0,"max_hp_loss":0,"event_name":"Dead Adventurer","floor":7,"gold_loss":0},{"damage_healed":19,"gold_gain":0,"player_choice":"Healed","damage_taken":0,"max_hp_gain":0,"max_hp_loss":0,"event_name":"The Cleric","floor":10,"gold_loss":35}],"is_beta":false,"boss_relics":[],"items_purged_floors":[],"is_endless":false,"potions_floor_spawned":[1,14],"killed_by":"Hexaghost","ascension_level":20}}