{"host":"q9szs7qndgdlcq24","time":1610637966,"event":{"mods":["2.2 Compatiblity","AchievementEnabler","BaseMod","Bestiary","Colored Map","Colored Powertips","Dark Map","DeckTracker","Displayed Cursed Tome","Highlight Path","Minty Spire (QoL Compilation)","Random Character Button","StSLib","Unknown Chances"],"gold_per_floor":[211,12,12,12,29,60,60,75,75,90,106,106,106,120,120,216,216,226,42,42,56,155,190,210,210,210,210,220,91,109,29,29,125,125,139,150,150,150,160,160,160],"floor_reached":40,"language":"ENG","playtime":3380,"items_purged":["Strike_G"],"score":408,"play_id":"600c4b47-a8fc-4c67-8159-f71924e57e24","local_time":"20210114182606","is_ascension_mode":false,"campfire_choices":[{"data":"Sucker Punch","floor":7.0,"key":"SMITH"},{"floor":12.0,"key":"REST"},{"floor":15.0,"key":"REST"},{"floor":25.0,"key":"REST"},{"floor":27.0,"key":"REST"},{"floor":32.0,"key":"REST"}],"circlet_count":0,"master_deck":["Strike_G+1","Defend_G","Defend_G","Defend_G+1","Defend_G","Defend_G","Survivor","Neutralize","Slice","Quick Slash","Quick Slash","Sucker Punch+1","Poisoned Stab","PiercingWail","Flechettes","Finisher","Noxious Fumes","Poisoned Stab","Blade Dance","Noxious Fumes","Quick Slash+1","Corpse Explosion+1","Endless Agony+1","Madness","Madness","Leg Sweep+1"],"relics":["Ring of the Snake","Vajra","Kunai","Matryoshka","Busted Crown","StoneCalendar","Letter Opener","Bottled Flame","Astrolabe"],"acts_visited":["Exordium","TheCity","TheBeyond"],"potions_floor_usage":[40,40],"damage_taken":[{"damage":0.0,"enemies":"2 Louse","floor":1.0,"turns":3.0},{"damage":0.0,"enemies":"Jaw Worm","floor":5.0,"turns":2.0},{"damage":18.0,"enemies":"Lagavulin","floor":6.0,"turns":8.0},{"damage":7.0,"enemies":"Small Slimes","floor":8.0,"turns":3.0},{"damage":0.0,"enemies":"Blue Slaver","floor":10.0,"turns":3.0},{"damage":7.0,"enemies":"3 Louse","floor":11.0,"turns":3.0},{"damage":4.0,"enemies":"Exordium Wildlife","floor":14.0,"turns":2.0},{"damage":26.0,"enemies":"Hexaghost","floor":16.0,"turns":12.0},{"damage":0.0,"enemies":"Chosen","floor":18.0,"turns":4.0},{"damage":10.0,"enemies":"Spheric Guardian","floor":21.0,"turns":3.0},{"damage":4.0,"enemies":"Book of Stabbing","floor":23.0,"turns":5.0},{"damage":0.0,"enemies":"Cultist and Chosen","floor":24.0,"turns":6.0},{"damage":5.0,"enemies":"Chosen and Byrds","floor":28.0,"turns":5.0},{"damage":25.0,"enemies":"Snake Plant","floor":30.0,"turns":5.0},{"damage":24.0,"enemies":"Champ","floor":33.0,"turns":9.0},{"damage":0,"enemies":"Orb Walker","floor":35,"turns":2},{"damage":7,"enemies":"3 Shapes","floor":36,"turns":2},{"damage":50,"enemies":"Spire Growth","floor":39,"turns":6},{"damage":20,"enemies":"Nemesis","floor":40,"turns":3}],"seed_played":"3531547300348915799","potions_obtained":[{"floor":1.0,"key":"SpeedPotion"},{"floor":8.0,"key":"GamblersBrew"},{"floor":11.0,"key":"GamblersBrew"},{"floor":14.0,"key":"Explosive Potion"},{"floor":18.0,"key":"Poison Potion"},{"floor":24.0,"key":"Explosive Potion"},{"floor":28.0,"key":"LiquidBronze"},{"floor":35,"key":"Swift Potion"},{"floor":39,"key":"Dexterity Potion"}],"is_trial":false,"path_per_floor":["M","$","?","?","M","E","R","M","T","M","M","R","?","M","R","B",null,"M","$","?","M","?","E","M","R","T","R","M","$","M","$","R","B",null,"M","M","?","?","M","E"],"character_chosen":"THE_SILENT","items_purchased":["Vajra","Quick Slash","Noxious Fumes","Fruit Juice","Blade Dance","Noxious Fumes"],"campfire_rested":5,"item_purchase_floors":[2,2,19,19,29,31],"current_hp_per_floor":[70,70,56,70,70,52,52,45,45,45,38,59,59,55,70,44,70,70,75,61,51,51,47,47,71,71,80,75,75,50,50,74,50,80,80,73,73,63,13,0,0],"gold":160,"neow_bonus":"HUNDRED_GOLD","is_daily":false,"chose_seed":false,"campfire_upgraded":1,"win_rate":0.0,"timestamp":1610637966,"path_taken":["M","$","?","?","M","E","R","M","T","M","M","R","?","M","R","BOSS","M","$","?","M","?","E","M","R","T","R","M","$","M","?","R","BOSS","M","M","?","?","M","E"],"items_purchased_type":["Relic","Card","Card","Potion","Card","Card"],"build_version":"2020-12-22","purchased_purges":1,"victory":false,"max_hp_per_floor":[70,70,70,70,70,70,70,70,70,70,70,70,70,70,70,70,70,70,75,80,80,80,80,80,80,80,80,80,80,80,80,80,80,80,80,80,80,80,80,80,80],"card_choices":[{"not_picked":["Deflect","Underhanded Strike"],"picked":"Slice","floor":1.0},{"not_picked":["Tactician","Dagger Throw"],"picked":"Quick Slash","floor":5.0},{"not_picked":["Deflect","Backstab"],"picked":"Sucker Punch","floor":6.0},{"not_picked":["Acrobatics","Reflex"],"picked":"Poisoned Stab","floor":8.0},{"not_picked":["Crippling Poison","Endless Agony"],"picked":"PiercingWail","floor":10.0},{"not_picked":["PiercingWail","Sucker Punch"],"picked":"Flechettes","floor":11.0},{"not_picked":["Acrobatics","After Image"],"picked":"Finisher","floor":14.0},{"not_picked":["Bane"],"picked":"SKIP","floor":18.0},{"not_picked":["Dodge and Roll"],"picked":"SKIP","floor":21.0},{"not_picked":["Prepared"],"picked":"SKIP","floor":23.0},{"not_picked":["Riddle With Holes"],"picked":"SKIP","floor":24.0},{"not_picked":[],"picked":"Poisoned Stab","floor":28.0},{"not_picked":["Outmaneuver"],"picked":"SKIP","floor":30.0},{"not_picked":["Outmaneuver"],"picked":"SKIP","floor":35},{"not_picked":["Riddle With Holes+1"],"picked":"SKIP","floor":36},{"not_picked":[],"picked":"Leg Sweep+1","floor":39}],"player_experience":51297,"relics_obtained":[{"floor":6.0,"key":"Kunai"},{"floor":9.0,"key":"Matryoshka"},{"floor":23.0,"key":"StoneCalendar"},{"floor":26.0,"key":"Letter Opener"},{"floor":26.0,"key":"Bottled Flame"}],"event_choices":[{"damage_healed":0.0,"max_hp_gain":0.0,"max_hp_loss":0.0,"gold_gain":0.0,"event_name":"Shining Light","player_choice":"Entered Light","floor":3.0,"gold_loss":0.0,"damage_taken":14.0,"cards_upgraded":["Defend_G","Strike_G"]},{"damage_healed":23.0,"max_hp_gain":0.0,"max_hp_loss":0.0,"gold_gain":0.0,"event_name":"Big Fish","player_choice":"Banana","floor":4.0,"gold_loss":0.0,"damage_taken":0.0},{"damage_healed":0.0,"max_hp_gain":0.0,"max_hp_loss":0.0,"gold_gain":0.0,"event_name":"Dead Adventurer","player_choice":"Searched \u00270\u0027 times","floor":13.0,"gold_loss":0.0,"damage_taken":0.0},{"damage_healed":0.0,"max_hp_gain":5.0,"max_hp_loss":0.0,"gold_gain":0.0,"event_name":"Forgotten Altar","player_choice":"Shed Blood","floor":20.0,"gold_loss":0.0,"damage_taken":19.0},{"damage_healed":0.0,"max_hp_gain":0.0,"max_hp_loss":0.0,"gold_gain":99.0,"event_name":"Nest","player_choice":"Stole From Cult","floor":22.0,"gold_loss":0.0,"damage_taken":0.0},{"damage_healed":0,"gold_gain":0,"player_choice":"Memory 1","damage_taken":0,"max_hp_gain":0,"max_hp_loss":0,"event_name":"SensoryStone","floor":37,"gold_loss":0},{"damage_healed":0,"gold_gain":0,"player_choice":"Embrace Madness","damage_taken":10,"max_hp_gain":0,"max_hp_loss":0,"event_name":"Winding Halls","floor":38,"gold_loss":0,"cards_obtained":["Madness","Madness"]}],"is_beta":false,"boss_relics":[{"not_picked":["SacredBark","Cursed Key"],"picked":"Busted Crown"},{"not_picked":["Runic Pyramid","SlaversCollar"],"picked":"Astrolabe"}],"items_purged_floors":[29],"is_endless":false,"potions_floor_spawned":[1,8,11,14,18,24,28,35,39],"killed_by":"Nemesis","ascension_level":0}}