{"host":"nj4msrt0z6tj4wtb","time":1610616830,"event":{"mods":["AchievementEnabler","BaseMod","Colored Map","Colored Powertips","DeckTracker","Highlight Path","Minty Spire (QoL Compilation)","Quick Restart","Random Character Button","StSLib","SuperFastMode"],"gold_per_floor":[117,133,146,163,163,163,195,205,205,205,234,234,265,277,277,375,375,385,435,446,446,446],"floor_reached":21,"language":"KOR","playtime":1176,"items_purged":[],"score":229,"play_id":"e3f8ab14-e83e-4985-b6e9-cc1345c2100d","local_time":"20210114183350","is_ascension_mode":true,"campfire_choices":[{"data":"Footwork","floor":6.0,"key":"SMITH"},{"data":"Tactician","floor":10.0,"key":"SMITH"},{"data":"Night Terror","floor":15.0,"key":"SMITH"}],"circlet_count":0,"master_deck":["Strike_G","Strike_G","Strike_G","Defend_G","Defend_G","Defend_G","Defend_G+1","Defend_G","Survivor+1","Neutralize","Blur","Deadly Poison","Footwork+1","Flechettes","Tactician+1","Backflip","Bouncing Flask","Bane","Night Terror+1","Corpse Explosion","PiercingWail","RitualDagger"],"relics":["Ring of the Snake","Regal Pillow","Happy Flower","Pantograph","Odd Mushroom","SsserpentHead","Meat on the Bone","Empty Cage"],"acts_visited":["Exordium","TheCity"],"potions_floor_usage":[],"damage_taken":[{"damage":3.0,"enemies":"Jaw Worm","floor":1.0,"turns":6.0},{"damage":0.0,"enemies":"2 Louse","floor":2.0,"turns":3.0},{"damage":0.0,"enemies":"Cultist","floor":3.0,"turns":4.0},{"damage":8.0,"enemies":"2 Fungi Beasts","floor":4.0,"turns":5.0},{"damage":2.0,"enemies":"3 Sentries","floor":7.0,"turns":12.0},{"damage":17.0,"enemies":"3 Louse","floor":8.0,"turns":5.0},{"damage":6.0,"enemies":"The Mushroom Lair","floor":11.0,"turns":6.0},{"damage":12.0,"enemies":"Lagavulin","floor":13.0,"turns":6.0},{"damage":0.0,"enemies":"Large Slime","floor":14.0,"turns":7.0},{"damage":15.0,"enemies":"The Guardian","floor":16.0,"turns":11.0},{"damage":9.0,"enemies":"Chosen","floor":18.0,"turns":8.0},{"damage":35.0,"enemies":"2 Thieves","floor":20.0,"turns":5.0},{"damage":42,"enemies":"Cultist and Chosen","floor":21,"turns":5}],"seed_played":"2135252792711463027","potions_obtained":[{"floor":2.0,"key":"Fire Potion"},{"floor":4.0,"key":"SkillPotion"},{"floor":11.0,"key":"SneckoOil"},{"floor":13.0,"key":"Strength Potion"},{"floor":16.0,"key":"Poison Potion"},{"floor":20.0,"key":"EssenceOfSteel"}],"is_trial":false,"path_per_floor":["M","M","M","M","?","R","E","M","T","R","?","?","E","M","R","B",null,"M","?","M","M"],"character_chosen":"THE_SILENT","items_purchased":[],"campfire_rested":0,"item_purchase_floors":[],"current_hp_per_floor":[67,67,67,59,45,45,43,26,26,26,20,20,8,20,20,42,70,61,55,32,0,0],"gold":446,"neow_bonus":"RANDOM_COMMON_RELIC","is_daily":false,"chose_seed":false,"campfire_upgraded":3,"win_rate":0.0,"timestamp":1610616830,"path_taken":["M","M","M","M","?","R","E","M","T","R","?","?","E","M","R","BOSS","M","?","M","M"],"items_purchased_type":[],"build_version":"2020-12-22","purchased_purges":0,"victory":false,"max_hp_per_floor":[70,70,70,70,70,70,70,70,70,70,70,70,70,70,70,70,70,70,70,70,70,70],"card_choices":[{"not_picked":["Bane","Cloak And Dagger"],"picked":"Blur","floor":1.0},{"not_picked":["Outmaneuver","PiercingWail"],"picked":"Deadly Poison","floor":2.0},{"not_picked":["Flying Knee","Dagger Spray"],"picked":"Footwork","floor":3.0},{"not_picked":["Predator","Accuracy"],"picked":"Flechettes","floor":4.0},{"not_picked":["Prepared","Reflex"],"picked":"Tactician","floor":7.0},{"not_picked":["Well Laid Plans","Prepared"],"picked":"Backflip","floor":8.0},{"not_picked":["Outmaneuver","Sucker Punch"],"picked":"Bouncing Flask","floor":11.0},{"not_picked":["Slice","Dash"],"picked":"Bane","floor":13.0},{"not_picked":["Dagger Throw","Crippling Poison"],"picked":"Night Terror","floor":14.0},{"not_picked":["Envenom","Bullet Time"],"picked":"Corpse Explosion","floor":16.0},{"not_picked":["Predator","Bane"],"picked":"PiercingWail","floor":18.0},{"not_picked":["Setup","Cloak And Dagger","Bane"],"picked":"SKIP","floor":20.0}],"player_experience":630986,"relics_obtained":[{"floor":7.0,"key":"Happy Flower"},{"floor":9.0,"key":"Pantograph"},{"floor":11.0,"key":"Odd Mushroom"},{"floor":13.0,"key":"Meat on the Bone"}],"event_choices":[{"damage_healed":0.0,"max_hp_gain":0.0,"max_hp_loss":0.0,"gold_gain":0.0,"event_name":"Shining Light","player_choice":"Entered Light","floor":5.0,"gold_loss":0.0,"damage_taken":14.0,"cards_upgraded":["Survivor","Defend_G"]},{"damage_healed":0.0,"max_hp_gain":0.0,"max_hp_loss":0.0,"gold_gain":0.0,"event_name":"Mushrooms","player_choice":"Fought Mushrooms","floor":11.0,"gold_loss":0.0,"damage_taken":0.0},{"damage_healed":0.0,"max_hp_gain":0.0,"max_hp_loss":0.0,"gold_gain":0.0,"event_name":"FaceTrader","player_choice":"Trade","floor":12.0,"gold_loss":0.0,"damage_taken":0.0,"relics_obtained":["SsserpentHead"]},{"damage_healed":0.0,"max_hp_gain":0.0,"max_hp_loss":0.0,"gold_gain":0.0,"event_name":"Nest","player_choice":"Joined the Cult","floor":19.0,"gold_loss":0.0,"damage_taken":6.0,"cards_obtained":["RitualDagger"]}],"is_beta":false,"boss_relics":[{"not_picked":["Calling Bell","Snecko Eye"],"picked":"Empty Cage"}],"items_purged_floors":[],"is_endless":false,"potions_floor_spawned":[2,4,11,13,16,20],"killed_by":"Cultist and Chosen","ascension_level":4}}