{"host":"nn0yetzbeklxe8e9","time":1610618822,"event":{"mods":["Abigail Mod","AchievementEnabler","Act Like it!","Aspiration","BaseMod","Better Match","Better Vampires","BetterRewards","Colored Powertips","Curses Come First","Downfall","Friendly Minions","Gensokyo","Hallownest","Infinite Spire","Jorbs\u0027s Wanderer Trilogy","KinomotoSakuraMod(????)","Kiyohime????","Koishi","LagranYue(???·?)","Marisa????????","Minty Spire (QoL Compilation)","Permanent Neow","Prisma Mod","Quick Restart","READ ME - Snecko Mod","Rare Cards Sparkle","Remilia??????","Replay The Spire","Shade Mod","StSLib","The Animator","The Bug Knight","The Cursed","The Death Knight","The Gatherer","The Jungle","The Marked","The Necromancer","The Servant 0.9.4","The Wild Card","Waifu the Spire","WarShipGirlsR/????R mod","Youmu??????","Yuri Mod"],"gold_per_floor":[114,116,116,116,116,116,116],"floor_reached":6,"language":"ENG","playtime":586,"items_purged":[],"score":32,"play_id":"2cbeb72e-ecb6-4829-a6ff-54d364ba9333","local_time":"20210114050702","is_ascension_mode":false,"campfire_choices":[],"circlet_count":0,"master_deck":["animator:Strike_Konosuba","animator:Defend_Konosuba","animator:Strike","animator:Strike","animator:Strike","animator:Defend","animator:Defend","animator:Defend","animator:Kazuma","animator:Aqua","animator:Lu+1","animator:Togame","animator:Shigure","animator:Eris+1","Injury"],"relics":["animator:LivingPicture","animator:TheMissingPiece","LagranYue:RandomDrawCardRelic","Shuriken","Juzu Bracelet","Frozen Egg 2"],"acts_visited":["Exordium"],"potions_floor_usage":[],"damage_taken":[{"damage":1,"enemies":"2 Louse","floor":1,"turns":2},{"damage":70,"enemies":"Gremlin Nob","floor":6,"turns":5}],"seed_played":"-8857203161349014427","potions_obtained":[],"is_trial":false,"path_per_floor":["M","?","?","?","?","E"],"character_chosen":"THE_ANIMATOR","items_purchased":["Shuriken","animator:Lu+1","Juzu Bracelet"],"campfire_rested":0,"item_purchase_floors":[0,0,0],"current_hp_per_floor":[53,53,53,53,53,0,0],"gold":116,"neow_bonus":"","is_daily":false,"chose_seed":false,"campfire_upgraded":0,"win_rate":0.0,"timestamp":1610618822,"path_taken":["M","?","?","?","?","E"],"items_purchased_type":["Relic","Card","Relic"],"build_version":"2020-12-22","purchased_purges":0,"victory":false,"max_hp_per_floor":[66,66,66,66,66,66,66],"card_choices":[{"not_picked":["animator:MumenRider","animator:Add"],"picked":"animator:Togame","floor":1},{"not_picked":[],"picked":"animator:Shigure","floor":2},{"not_picked":[],"picked":"animator:Eris","floor":2}],"player_experience":235977,"relics_obtained":[],"event_choices":[{"damage_healed":0,"gold_gain":0,"player_choice":"Upgraded","damage_taken":0,"max_hp_gain":0,"max_hp_loss":0,"event_name":"Upgrade Shrine","floor":3,"gold_loss":0,"cards_upgraded":["animator:Eris"]}],"is_beta":false,"boss_relics":[],"items_purged_floors":[],"is_endless":false,"potions_floor_spawned":[],"killed_by":"Gremlin Nob","ascension_level":0}}