{"host":"KYO","time":1610623869,"event":{"mods":["ATMod(°¢èªMod)","BaseMod","BetterRewards","Minty Spire (QoL Compilation)","Shop Mod","StSLib","SuperFastMode","[IsaacMod]ÒÔÈö¼âËþ","¡¾ÒÅÎï¿¨ÅÆ¡¿REMEMod"],"gold_per_floor":[135,197,197,233,327,383,383,440,466,518,518,554,631,725,725,901,901,992,1032,1032,1074,1135,1192,1257,1367,1390,1435,1537,1537,1619,1533,1533,1687,1687,1732,1732,1821,1821,1962,2022,2022,2079,2079,2120,2227,2319,2379,2423,2423,2473,2498,2498,2498,2498,2577,2602],"floor_reached":57,"language":"ZHS","playtime":1880,"items_purged":["Strike_R","Defend_R","Strike_R","Defend_R","Strike_R","Strike_R","Strike_R","Bash"],"score":4752,"play_id":"3431e431-f75f-43a7-8791-964136ded34c","local_time":"20210114193109","is_ascension_mode":true,"campfire_choices":[{"data":"1","floor":7.0,"key":"LIFT"},{"data":"2","floor":11.0,"key":"LIFT"},{"data":"3","floor":15.0,"key":"LIFT"},{"floor":32.0,"key":"RECALL"},{"data":"Limit Break","floor":49,"key":"SMITH"},{"data":"Heavy Blade","floor":53,"key":"SMITH"}],"circlet_count":0,"master_deck":["AscendersBane","Defend_R","Defend_R","AT_FamilyPortrait","AT_DarkMatter","Inflame","Flash of Steel","AT_CaressingTears","Offering+1","Limit Break+1","Evolve+1","Heavy Blade+1"],"relics":["Burning Blood","HushsDoor","AT_ATBox","REME_ComplimentaryCards","PillsDrop","EdensBlessing","SatanicBible","TheBattery","Magic Flower","Sling","MoneyPower","AT_ArcaneBoots","SteamSale","AT_ArchangelStaff","Akabeko","AT_MibuBalloonWealth","Girya","Omamori","MerchantsRug","Ginger","Ancient Tea Set","Boot","PunchingBag","AT_SunfireAegis","Ice Cream","REME_LowDesire","GuppysHead","AT_BladeRuinedKing","REME_PuzzleBoxRelic","Vajra","Dream Catcher","AT_RedTearstoneRing","Orichalcum","BookOfRevelations","Membership Card","Regal Pillow","REME_HandOfSuture","AT_TrinityForce","Juzu Bracelet","AT_BellDemon","Toy Ornithopter","Thread and Needle","Oddly Smooth Stone","TheBean","AT_SilvercatRing","Bronze Scales","HandDrill","Nunchaku"],"acts_visited":["Exordium","TheCity","TheBeyond","TheEnding"],"potions_floor_usage":[47],"damage_taken":[{"damage":12.0,"enemies":"Jaw Worm","floor":1.0,"turns":2.0},{"damage":0.0,"enemies":"Small Slimes","floor":2.0,"turns":1.0},{"damage":0.0,"enemies":"Cultist","floor":4.0,"turns":2.0},{"damage":0.0,"enemies":"2 Fungi Beasts","floor":5.0,"turns":1.0},{"damage":0.0,"enemies":"Lagavulin","floor":6.0,"turns":4.0},{"damage":0.0,"enemies":"Gremlin Nob","floor":8.0,"turns":2.0},{"damage":0.0,"enemies":"Lagavulin","floor":10.0,"turns":3.0},{"damage":0.0,"enemies":"Red Slaver","floor":12.0,"turns":1.0},{"damage":0.0,"enemies":"3 Louse","floor":14.0,"turns":1.0},{"damage":0.0,"enemies":"Slime Boss","floor":16.0,"turns":5.0},{"damage":0.0,"enemies":"3 Byrds","floor":18.0,"turns":2.0},{"damage":0.0,"enemies":"Shell Parasite","floor":19.0,"turns":1.0},{"damage":0.0,"enemies":"Snake Plant","floor":21.0,"turns":1.0},{"damage":0.0,"enemies":"Centurion and Healer","floor":22.0,"turns":1.0},{"damage":0.0,"enemies":"REME_1_Revenger","floor":23.0,"turns":1.0},{"damage":0.0,"enemies":"Cultist and Chosen","floor":24.0,"turns":1.0},{"damage":0.0,"enemies":"Gremlin Leader","floor":25.0,"turns":1.0},{"damage":0.0,"enemies":"Snecko","floor":27.0,"turns":2.0},{"damage":0.0,"enemies":"Slavers","floor":28.0,"turns":1.0},{"damage":0.0,"enemies":"Gremlin Leader","floor":30.0,"turns":3.0},{"damage":12.0,"enemies":"Collector","floor":33.0,"turns":2.0},{"damage":0.0,"enemies":"Orb Walker","floor":35.0,"turns":1.0},{"damage":6.0,"enemies":"3 Shapes","floor":37.0,"turns":2.0},{"damage":6.0,"enemies":"3 Darklings","floor":39.0,"turns":1.0},{"damage":0.0,"enemies":"Giant Head","floor":40.0,"turns":1.0},{"damage":0.0,"enemies":"Nemesis","floor":42.0,"turns":1.0},{"damage":0.0,"enemies":"Maw","floor":44.0,"turns":1.0},{"damage":0,"enemies":"Reptomancer","floor":45,"turns":1},{"damage":0,"enemies":"Jaw Worm Horde","floor":46,"turns":2},{"damage":0,"enemies":"Nemesis","floor":47,"turns":1},{"damage":0,"enemies":"Writhing Mass","floor":48,"turns":2},{"damage":0,"enemies":"Donu and Deca","floor":50,"turns":1},{"damage":0,"enemies":"Time Eater","floor":51,"turns":1},{"damage":6,"enemies":"Shield and Spear","floor":55,"turns":1},{"damage":2,"enemies":"The Heart","floor":56,"turns":4}],"seed_played":"8175447881490093920","potions_obtained":[{"floor":1.0,"key":"REME_GoldPotion"},{"floor":6.0,"key":"Dexterity Potion"},{"floor":8.0,"key":"CultistPotion"},{"floor":14.0,"key":"AttackPotion"},{"floor":37.0,"key":"Ancient Potion"},{"floor":47,"key":"Fruit Juice"}],"is_trial":false,"path_per_floor":["M","M","?","M","M","E","R","E","T","E","R","M","?","M","R","B",null,"M","M","?","M","M","E","M","E","T","M","E","?","E","$","R","B",null,"M","?","M","$","M","E","?","E","T","M","E","M","E","M","R","B","B",null,"R","$","E","B",null],"character_chosen":"IRONCLAD","items_purchased":["EdensBlessing","SatanicBible","TheBattery","Inflame","Magic Flower","Sling","MoneyPower","AT_SpeedBoots","Flash of Steel","SteamSale","AT_ArchangelStaff","Akabeko","AT_MibuBalloonWealth","Girya","Omamori","MerchantsRug","Ginger","AT_CaressingTears","GuppysHead","Membership Card","Regal Pillow","REME_HandOfSuture","Juzu Bracelet","AT_BellDemon","Limit Break","AT_SilvercatRing","Bronze Scales","HandDrill","Energy Potion"],"campfire_rested":0,"item_purchase_floors":[0,0,0,0,0,0,0,0,0,0,0,0,0,0,0,0,0,0,17,31,31,31,38,38,38,54,54,54,54],"current_hp_per_floor":[68,80,75,81,84,84,84,87,87,87,87,82,67,79,79,85,75,75,75,75,75,78,81,81,81,81,81,81,81,81,81,81,78,80,81,81,81,81,81,81,66,75,75,76,76,79,84,84,84,84,84,84,84,84,84,84],"gold":2602,"neow_bonus":"","is_daily":false,"chose_seed":false,"campfire_upgraded":2,"win_rate":0.0,"timestamp":1610623869,"path_taken":["M","M","?","?","M","E","R","E","T","E","R","M","?","M","R","BOSS","M","M","?","M","M","E","M","E","T","?","E","?","E","?","R","BOSS","M","?","M","$","M","E","?","E","T","M","E","M","E","M","R","BOSS","BOSS","R","$","E","BOSS"],"items_purchased_type":["Relic","Relic","Relic","Card","Relic","Relic","Relic","Relic","Card","Relic","Relic","Relic","Relic","Relic","Relic","Relic","Relic","Card","Relic","Relic","Relic","Relic","Relic","Relic","Card","Relic","Relic","Relic","Potion"],"build_version":"2020-12-18","purchased_purges":8,"victory":true,"max_hp_per_floor":[78,81,81,81,84,84,84,87,87,87,87,82,82,85,85,85,75,75,75,75,75,78,81,81,81,81,81,81,81,81,81,81,81,81,81,81,81,81,81,81,81,81,81,76,76,79,84,84,84,84,84,84,84,84,84,84],"card_choices":[{"not_picked":[],"picked":"Bomb","floor":0.0},{"not_picked":["Combust","AT_IchimonjiDouble","Evolve"],"picked":"SKIP","floor":1.0},{"not_picked":["Shrug It Off","Clothesline","AT_BodySlamDance"],"picked":"SKIP","floor":2.0},{"not_picked":["AT_CaressingTears","Bludgeon","Iron Wave"],"picked":"SKIP","floor":4.0},{"not_picked":["Rampage","Armaments","Anger"],"picked":"SKIP","floor":5.0},{"not_picked":["Seeing Red","Hemokinesis","Armaments"],"picked":"SKIP","floor":6.0},{"not_picked":["AT_GerminateFire","Combust","Second Wind"],"picked":"SKIP","floor":8.0},{"not_picked":["Feed","Dual Wield","Juggernaut"],"picked":"SKIP","floor":10.0},{"not_picked":["AT_DiedThrough","Twin Strike","Body Slam"],"picked":"SKIP","floor":12.0},{"not_picked":["Bloodletting","Warcry","Flame Barrier"],"picked":"SKIP","floor":14.0},{"not_picked":["Double Tap","Bludgeon"],"picked":"Offering","floor":16.0},{"not_picked":["Thunderclap","Power Through","Wild Strike","BloodyBrimstone"],"picked":"SKIP","floor":18.0},{"not_picked":["Warcry","Thunderclap","AT_IchimonjiDouble","REME_MawOfCthun"],"picked":"SKIP","floor":19.0},{"not_picked":["Perfected Strike","Armaments","Iron Wave","EpicFetus"],"picked":"SKIP","floor":21.0},{"not_picked":["Armaments","Twin Strike+1","Disarm","REME_ShortnessOfBreath"],"picked":"SKIP","floor":22.0},{"not_picked":["Hemokinesis","Twin Strike","Corruption","REME_ProfessionalPlagiarism"],"picked":"SKIP","floor":23.0},{"not_picked":["Thunderclap+1","AT_ShrugMaster","Dark Embrace","Mayhem"],"picked":"SKIP","floor":24.0},{"not_picked":["REME_SingleHolding","Combust","Reckless Charge","Bomb"],"picked":"SKIP","floor":25.0},{"not_picked":["Iron Wave","Sword Boomerang","Warcry","AT_FalsePromise"],"picked":"SKIP","floor":27.0},{"not_picked":["Searing Blow","Twin Strike","Dark Embrace","AT_TearsDenial"],"picked":"SKIP","floor":28.0},{"not_picked":["Inflame","Clash","REME_Fury","Metamorphosis"],"picked":"SKIP","floor":30.0},{"not_picked":["Hemokinesis+1","Clash","Anger","BettingIsNotGood+1"],"picked":"SKIP","floor":35.0},{"not_picked":["Warcry","REME_Scribble","Rage","Jack Of All Trades+1"],"picked":"SKIP","floor":37.0},{"not_picked":["Anger+1","AT_IchimonjiDouble","AT_ManFootWork","Enlightenment+1"],"picked":"SKIP","floor":39.0},{"not_picked":["Feel No Pain","AT_DiedThrough","Armaments","Mind Blast+1"],"picked":"SKIP","floor":40.0},{"not_picked":["Iron Wave","Havoc","Blood for Blood","Secret Technique"],"picked":"SKIP","floor":42.0},{"not_picked":["Havoc","Wild Strike","Mind Blast"],"picked":"Evolve+1","floor":44},{"not_picked":["Armaments+1","Warcry","Thunderclap","REME_BuildACard"],"picked":"SKIP","floor":45},{"not_picked":["AT_ShrugMaster","Iron Wave+1","Twin Strike","Impatience"],"picked":"SKIP","floor":46},{"not_picked":["Cleave","Searing Blow","AT_TearsDenial"],"picked":"Heavy Blade","floor":47},{"not_picked":["AT_CaressingTears","AT_DiedThrough+1","Perfected Strike","REME_ShortnessOfBreath"],"picked":"SKIP","floor":48},{"not_picked":["Inflame","Flex","Dropkick","SuicideKing"],"picked":"SKIP","floor":55}],"player_experience":594301,"relics_obtained":[{"floor":6.0,"key":"Boot"},{"floor":8.0,"key":"PunchingBag"},{"floor":9.0,"key":"AT_SunfireAegis"},{"floor":10.0,"key":"Ice Cream"},{"floor":17.0,"key":"AT_BladeRuinedKing"},{"floor":17.0,"key":"REME_PuzzleBoxRelic"},{"floor":23.0,"key":"Vajra"},{"floor":25.0,"key":"Dream Catcher"},{"floor":26.0,"key":"AT_RedTearstoneRing"},{"floor":28.0,"key":"Orichalcum"},{"floor":30.0,"key":"BookOfRevelations"},{"floor":42.0,"key":"Thread and Needle"},{"floor":45,"key":"Oddly Smooth Stone"},{"floor":47,"key":"TheBean"},{"floor":55,"key":"Nunchaku"}],"event_choices":[{"damage_healed":0.0,"max_hp_gain":0.0,"max_hp_loss":0.0,"gold_gain":0.0,"event_name":"Scrap Ooze","player_choice":"Success","floor":3.0,"gold_loss":0.0,"damage_taken":5.0,"relics_obtained":["Ancient Tea Set"]},{"damage_healed":0.0,"max_hp_gain":0.0,"max_hp_loss":0.0,"gold_gain":0.0,"event_name":"Vampires","player_choice":"Ignored","floor":20.0,"gold_loss":0.0,"damage_taken":0.0},{"damage_healed":0.0,"max_hp_gain":0.0,"max_hp_loss":0.0,"gold_gain":0.0,"event_name":"Cursed Tome","player_choice":"Ignored","floor":29.0,"gold_loss":0.0,"damage_taken":0.0},{"damage_healed":0.0,"max_hp_gain":0.0,"max_hp_loss":0.0,"gold_gain":0.0,"event_name":"Tomb of Lord Red Mask","player_choice":"Ignored","floor":36.0,"gold_loss":0.0,"damage_taken":0.0}],"is_beta":true,"boss_relics":[{"not_picked":["Velvet Choker","Black Blood"],"picked":"REME_LowDesire"},{"not_picked":[]},{"not_picked":["Pandora\u0027s Box","Tiny House"],"picked":"AT_TrinityForce"},{"not_picked":[]}],"items_purged_floors":[0,0,0,0,0,31,38,54],"is_endless":false,"potions_floor_spawned":[1,6,8,10,14,16,18,21,27,30,37,42,45,47],"ascension_level":20}}