{"host":"l7l2v2zs4hqku4vk","time":1610627729,"event":{"mods":["Act Like it!","BaseMod","Colored Powertips","Highlight Path","Minty Spire (QoL Compilation)","Replay The Spire","RumiaBox-露米娅的神秘盒子","StSLib","TestMod","The Servant 0.9.4","篝火指南"],"gold_per_floor":[112,123,133,4,20,20,35,35,35,35,61,78,93,111,111,189,189,202,303,303,91,91,126,126,157,180,215,229,245,245,262,262,337,337,354,0,0,16,16,42,54,54,78,78,105,152,186,200,63,63,63,63,63,20,45,45],"floor_reached":57,"language":"ZHS","playtime":3459,"items_purged":["Strike_R","Strike_R"],"score":3279,"play_id":"fafaecde-66aa-4f12-94f8-539c13974177","local_time":"20210114203529","is_ascension_mode":true,"campfire_choices":[{"data":"Immolate","floor":6.0,"key":"SMITH"},{"data":"Body Slam","floor":8.0,"key":"SMITH"},{"data":"Flame Barrier","floor":10.0,"key":"SMITH"},{"data":"Rage","floor":15.0,"key":"SMITH"},{"floor":24,"key":"REST"},{"data":"Strike_R","floor":32,"key":"PURGE"},{"floor":42,"key":"RECALL"},{"data":"Double Tap","floor":44,"key":"SMITH"},{"data":"Feed","floor":53,"key":"SMITH"}],"circlet_count":0,"master_deck":["AscendersBane","Immolate+1","Flame Barrier+1","Rage+1","Body Slam+1","True Grit+1","testmod-ChaoticCore+1","Feed+1","Madness+1","Madness+1","Limit Break+1","Double Tap+1","Bloodletting+1","Reaper+1","Limit Break+1","Exhume+1","Barricade+1","Replay:Many Hands+1","Offering+1","Limit Break","Inflame+1","Demon Form"],"relics":["Burning Blood","testmod-TestBox","testmod-Recursion","Incense Burner","Replay:Ringing Soul","testmod-BloodSacrificeSpiritualization","Ring of Hypnosis","Ring of Peace","testmod-Muramasa","MagicDraw2","MoreBug","Enchiridion","Black Star","Membership Card","Quantum Egg","Art of War","Calipers","Replay:Bottled Flurry","Potion Belt","Magic Flower","Ornamental Fan","testmod-Maize","testmod-IndustrialRevolution","Replay:Rubber Ducky","SumBook","Bird Faced Urn","StoneCalendar"],"acts_visited":["Exordium","TheCity","TheBeyond","TheEnding"],"potions_floor_usage":[25,33,56,56,56,56],"damage_taken":[{"damage":0.0,"enemies":"2 Louse","floor":1.0,"turns":1.0},{"damage":7.0,"enemies":"Jaw Worm","floor":2.0,"turns":3.0},{"damage":0.0,"enemies":"Small Slimes","floor":3.0,"turns":2.0},{"damage":0.0,"enemies":"3 Louse","floor":5.0,"turns":1.0},{"damage":7.0,"enemies":"Blue Slaver","floor":7.0,"turns":2.0},{"damage":4.0,"enemies":"Gremlin Nob","floor":11.0,"turns":3.0},{"damage":0.0,"enemies":"Gremlin Gang","floor":12.0,"turns":2.0},{"damage":0.0,"enemies":"Exordium Wildlife","floor":13.0,"turns":1.0},{"damage":0.0,"enemies":"Large Slime","floor":14.0,"turns":3.0},{"damage":20.0,"enemies":"Slime Boss","floor":16.0,"turns":8.0},{"damage":7.0,"enemies":"Chosen","floor":18.0,"turns":2.0},{"damage":16,"enemies":"Gremlin Leader","floor":23,"turns":7},{"damage":8,"enemies":"Book of Stabbing","floor":25,"turns":5},{"damage":0,"enemies":"Gremlin Leader","floor":27,"turns":4},{"damage":8,"enemies":"3 Byrds","floor":28,"turns":3},{"damage":5,"enemies":"Snake Plant","floor":29,"turns":4},{"damage":0,"enemies":"Sentry and Sphere","floor":31,"turns":4},{"damage":24,"enemies":"Pondfish","floor":33,"turns":10},{"damage":9,"enemies":"3 Darklings","floor":35,"turns":4},{"damage":9,"enemies":"Orb Walker","floor":38,"turns":4},{"damage":9,"enemies":"Giant Head","floor":40,"turns":4},{"damage":10,"enemies":"Spire Growth","floor":41,"turns":4},{"damage":16,"enemies":"Nemesis","floor":45,"turns":3},{"damage":10,"enemies":"2 Orb Walkers","floor":46,"turns":3},{"damage":10,"enemies":"Reptomancer","floor":47,"turns":5},{"damage":13,"enemies":"Jaw Worm Horde","floor":48,"turns":3},{"damage":16,"enemies":"Replay:Hell Engine","floor":50,"turns":3},{"damage":17,"enemies":"Donu and Deca","floor":51,"turns":3},{"damage":13,"enemies":"Shield and Spear","floor":55,"turns":1},{"damage":39,"enemies":"The Heart","floor":56,"turns":4}],"seed_played":"-8755876642061028758","potions_obtained":[{"floor":1.0,"key":"SkillPotion"},{"floor":2.0,"key":"EntropicBrew"},{"floor":16.0,"key":"Dexterity Potion"},{"floor":23,"key":"Milkshake"},{"floor":27,"key":"AttackPotion"},{"floor":31,"key":"testmod-SpacePotion"},{"floor":33,"key":"SpeedPotion"},{"floor":38,"key":"PowerPotion"},{"floor":46,"key":"Weak Potion"},{"floor":55,"key":"SteroidPotion"}],"is_trial":false,"path_per_floor":["M","M","M","$","M","R","M","R","T","R","E","M","M","M","R","B",null,"M","?","?","$","?","E","R","E","T","E","M","M","?","M","R","B",null,"M","$","?","M","?","E","M","R","T","R","E","?","E","M","R","B","B",null,"R","$","E","B",null],"character_chosen":"IRONCLAD","items_purchased":["Body Slam","testmod-ChaoticCore","Membership Card","Quantum Egg","SumBook","Inflame"],"campfire_rested":1,"item_purchase_floors":[4,21,36,36,49,54],"current_hp_per_floor":[74,73,75,75,75,75,74,74,74,74,75,75,75,75,75,61,72,74,46,46,49,66,56,81,79,79,84,82,83,62,68,68,76,84,89,89,76,78,78,81,83,83,83,83,73,77,79,81,84,115,115,115,115,118,121,121],"gold":45,"neow_bonus":"TRANSFORM_CARD","is_daily":false,"chose_seed":false,"campfire_upgraded":6,"win_rate":0.0,"timestamp":1610627729,"path_taken":["M","M","M","$","M","R","M","R","T","R","E","M","M","M","R","BOSS","M","?","?","$","?","E","R","E","T","E","M","M","?","M","R","BOSS","M","$","?","M","?","E","?","R","T","R","E","?","E","M","R","BOSS","BOSS","R","$","E","BOSS"],"items_purchased_type":["Card","Card","Relic","Relic","Relic","Card"],"build_version":"2020-12-22","purchased_purges":2,"victory":true,"max_hp_per_floor":[75,75,75,75,75,75,75,75,75,75,75,75,75,75,75,75,75,78,81,81,84,84,84,84,84,84,84,84,84,84,84,84,87,87,91,91,94,97,97,103,106,106,106,106,106,109,112,112,115,115,115,115,115,118,121,121],"card_choices":[{"not_picked":["ReplayTheSpireMod:Limb From Limb","Dual Wield"],"picked":"Flame Barrier","floor":1.0},{"not_picked":["ReplayTheSpireMod:Muscle Training","Wild Strike","Clash"],"picked":"SKIP","floor":2.0},{"not_picked":["Seeing Red","Rupture"],"picked":"Rage","floor":3.0},{"not_picked":["Iron Wave","Heavy Blade","Shrug It Off"],"picked":"SKIP","floor":5.0},{"not_picked":["Pommel Strike","Sword Boomerang","Infernal Blade"],"picked":"SKIP","floor":7.0},{"not_picked":["Clothesline","Body Slam","Uppercut"],"picked":"SKIP","floor":11.0},{"not_picked":["Corruption","Feel No Pain","Sword Boomerang"],"picked":"SKIP","floor":12.0},{"not_picked":["Warcry","Sword Boomerang","Body Slam"],"picked":"SKIP","floor":13.0},{"not_picked":["Clash","Perfected Strike","Pummel"],"picked":"SKIP","floor":14.0},{"not_picked":["Burning Pact","Pommel Strike"],"picked":"Armaments","floor":18.0},{"not_picked":["ReplayTheSpireMod:Strike From Hell","Wild Strike"],"picked":"True Grit","floor":19.0},{"not_picked":["Havoc","Body Slam","Blood for Blood"],"picked":"SKIP","floor":23},{"not_picked":["Massacre","Dark Embrace+1","Clash"],"picked":"SKIP","floor":25},{"not_picked":["Carnage","Heavy Blade","Perfected Strike"],"picked":"SKIP","floor":27},{"not_picked":["Flex","Replay:Many Hands","Massacre"],"picked":"SKIP","floor":28},{"not_picked":["Dropkick","ReplayTheSpireMod:Strike From Hell","Replay:Undeath\u0027s Touch"],"picked":"SKIP","floor":29},{"not_picked":["Replay:Undeath\u0027s Touch","Evolve","Armaments"],"picked":"SKIP","floor":31},{"not_picked":["Demon Form","Eclipse"],"picked":"Feed","floor":33},{"not_picked":["Cleave","Run Through","Armaments+1"],"picked":"SKIP","floor":35},{"not_picked":["Replay:Undeath\u0027s Touch","Flex"],"picked":"Limit Break","floor":38},{"not_picked":["Replay:Undeath\u0027s Touch+1","Iron Wave+1"],"picked":"Double Tap","floor":40},{"not_picked":["Armaments+1","Bloodletting","Clothesline"],"picked":"SKIP","floor":41},{"not_picked":["Armaments+1","Clothesline"],"picked":"Bloodletting","floor":41},{"not_picked":["Wild Strike+1","Iron Wave","Run Through"],"picked":"SKIP","floor":45},{"not_picked":["Sword Boomerang","Second Wind"],"picked":"Reaper","floor":47},{"not_picked":["Shrug It Off+1","Dropkick","Cleave"],"picked":"SKIP","floor":48},{"not_picked":["Shrug It Off","ReplayTheSpireMod:LeadingStrike"],"picked":"Demon Form","floor":55}],"player_experience":1704531,"relics_obtained":[{"floor":9.0,"key":"Incense Burner"},{"floor":11.0,"key":"Replay:Ringing Soul"},{"floor":20.0,"key":"Ring of Hypnosis"},{"floor":20.0,"key":"Ring of Peace"},{"floor":23,"key":"testmod-Muramasa"},{"floor":25,"key":"MagicDraw2"},{"floor":27,"key":"MoreBug"},{"floor":30,"key":"Enchiridion"},{"floor":40,"key":"Calipers"},{"floor":40,"key":"Replay:Bottled Flurry"},{"floor":43,"key":"Potion Belt"},{"floor":45,"key":"Magic Flower"},{"floor":45,"key":"Ornamental Fan"},{"floor":46,"key":"testmod-Maize"},{"floor":47,"key":"testmod-IndustrialRevolution"},{"floor":47,"key":"Replay:Rubber Ducky"},{"floor":55,"key":"Bird Faced Urn"},{"floor":55,"key":"StoneCalendar"}],"event_choices":[{"damage_healed":17,"gold_gain":0,"player_choice":"Heal","damage_taken":0,"max_hp_gain":0,"max_hp_loss":0,"event_name":"The Library","floor":22,"gold_loss":0},{"damage_healed":0,"gold_gain":0,"player_choice":"Obtained Book","damage_taken":21,"max_hp_gain":0,"max_hp_loss":0,"event_name":"Cursed Tome","floor":30,"gold_loss":0},{"damage_healed":0,"gold_gain":0,"player_choice":"Embrace Madness","damage_taken":16,"max_hp_gain":0,"max_hp_loss":0,"event_name":"Winding Halls","floor":37,"gold_loss":0,"cards_obtained":["Madness","Madness"]},{"cards_removed":["Armaments"],"damage_healed":0,"gold_gain":0,"player_choice":"Gave Card","damage_taken":0,"relics_obtained":["Art of War"],"max_hp_gain":0,"max_hp_loss":0,"event_name":"WeMeetAgain","floor":39,"gold_loss":0},{"damage_healed":0,"gold_gain":0,"player_choice":"Fight","damage_taken":0,"max_hp_gain":0,"max_hp_loss":0,"event_name":"Mysterious Sphere","floor":46,"gold_loss":0}],"is_beta":false,"boss_relics":[{"not_picked":["Kintsugi","Sozu"],"picked":"testmod-BloodSacrificeSpiritualization"},{"not_picked":["Busted Crown","SlaversCollar"],"picked":"Black Star"}],"items_purged_floors":[4,36],"is_endless":false,"potions_floor_spawned":[1,2,14,16,23,27,28,31,33,38,41,46,55],"ascension_level":20}}