{"host":"22s5scuj7mu87reg","time":1610656108,"event":{"mods":["BaseMod","Colored Powertips","Dota2Spire","Downfall","Duelist Mod","GungeonMod","Halation","Hubris","Infinite Spire","Koishi","KomeijiMod","Minty Spire (QoL Compilation)","Replay The Spire","StSLib","SuperFastMode","The Jungle","The Mystic","The Necromancer","Wandering Minibosses"],"gold_per_floor":[172,122,122,137,154,186,186,111,191,191,207,236,255,267,227,227,227],"floor_reached":16,"language":"POL","playtime":644,"items_purged":["Defend_Remirira"],"score":112,"play_id":"5807ffd6-2cc7-4a02-a770-741700bb1c53","local_time":"20210114212828","is_ascension_mode":false,"campfire_choices":[{"floor":7,"key":"REST"},{"data":"infinitespire:Gouge","floor":10,"key":"SMITH"}],"circlet_count":0,"master_deck":["Strike_Remiria+1","Strike_Remiria","Strike_Remiria","Defend_Remirira+1","Defend_Remirira","Defend_Remirira","Absorbed","Scratch","VampireClaw","infinitespire:Gouge+1","DoubleEdge","ThePrice","BloodySuit","QueenOfMidnight","StigmaNizer","BloodPact","BloodCollect"],"relics":["ThirstyCrossSpe","NeowsBlessing","Ornamental Fan","Dota2Spire:Desolator","hubris:SlimyHat"],"acts_visited":["Exordium"],"potions_floor_usage":[16],"damage_taken":[{"damage":0,"enemies":"Jaw Worm","floor":1,"turns":1},{"damage":0,"enemies":"Cultist","floor":4,"turns":1},{"damage":0,"enemies":"infinitespire:Voidling","floor":5,"turns":1},{"damage":28,"enemies":"3 Sentries","floor":6,"turns":8},{"damage":0,"enemies":"Looter","floor":11,"turns":2},{"damage":17,"enemies":"Lagavulin","floor":12,"turns":7},{"damage":1,"enemies":"Blue Slaver","floor":13,"turns":3},{"damage":0,"enemies":"3 Louse","floor":14,"turns":2},{"damage":91,"enemies":"The Guardian","floor":16,"turns":8}],"seed_played":"419272004163000680","potions_obtained":[{"floor":1,"key":"Weak Potion"},{"floor":6,"key":"Dota2Spire:Clarity"},{"floor":13,"key":"Guardian:BlockOnCardUsePotion"}],"is_trial":false,"path_per_floor":["M","?","?","M","M","E","R","$","T","R","M","E","M","M","R","B"],"character_chosen":"RemiriaScarlet","items_purchased":[],"campfire_rested":1,"item_purchase_floors":[],"current_hp_per_floor":[100,100,74,74,74,46,76,76,76,76,76,60,59,59,59,0,0],"gold":227,"neow_bonus":"THREE_ENEMY_KILL","is_daily":false,"chose_seed":false,"campfire_upgraded":1,"win_rate":0.0,"timestamp":1610656108,"path_taken":["M","?","?","?","M","E","R","$","T","R","M","E","M","M","R","BOSS"],"items_purchased_type":[],"build_version":"2020-12-13","purchased_purges":1,"victory":false,"max_hp_per_floor":[100,100,100,100,100,100,100,100,100,100,100,100,100,100,100,100,100],"card_choices":[{"not_picked":["FierceSweep","BodyStrengthen"],"picked":"VampireClaw","floor":1},{"not_picked":["infinitespire:TheBestDefense","Replay:Fractal Strike"],"picked":"infinitespire:Gouge","floor":3},{"not_picked":["CurseofVladTepes","FierceSweep"],"picked":"DoubleEdge","floor":4},{"not_picked":["TricksterDevil","Feint"],"picked":"ThePrice","floor":5},{"not_picked":["Feint","DamonLordCradle_Remiria"],"picked":"BloodySuit","floor":6},{"not_picked":["BloodPact","Cripple"],"picked":"QueenOfMidnight","floor":11},{"not_picked":["AllTheWorldInNightmare","Warpath"],"picked":"StigmaNizer","floor":12},{"not_picked":["NightDance","BloodCleaner"],"picked":"BloodPact","floor":13},{"not_picked":["Paradox","BloodySuit"],"picked":"BloodCollect","floor":14}],"player_experience":136530,"relics_obtained":[{"floor":6,"key":"Ornamental Fan"},{"floor":9,"key":"Dota2Spire:Desolator"},{"floor":12,"key":"hubris:SlimyHat"}],"event_choices":[{"cards_removed":["Strike_Remiria"],"damage_healed":0,"gold_gain":0,"player_choice":"Card Removal","damage_taken":0,"max_hp_gain":0,"max_hp_loss":0,"event_name":"The Cleric","floor":2,"gold_loss":50},{"damage_healed":0,"gold_gain":0,"player_choice":"Upgraded Two","damage_taken":0,"max_hp_gain":0,"max_hp_loss":0,"event_name":"Designer","floor":15,"gold_loss":40,"cards_upgraded":["Strike_Remiria","Defend_Remirira"]}],"is_beta":false,"boss_relics":[],"items_purged_floors":[8],"is_endless":false,"potions_floor_spawned":[1,6,13,14],"killed_by":"The Guardian","ascension_level":0}}