{"host":"44rskkdhooiq7ebq","time":1610616516,"event":{"mods":["Arknights The Spire","Art Attack!","Ascension Reborn","BaseMod","GungeonMod","Hermit","Koishi","Lobotomy","Minty Spire (QoL Compilation)","Replay The Spire","Small Relic Pack","StSLib","The Bug Knight","The Cursed","The Dragon Tamer","The Gatherer","The Hierophant","The Jungle","The Poker Player","The Runesmith"],"gold_per_floor":[110,110,126,138,213,246,246,260,260,260,0,0,10,22,22,125,125,143,143,143,158,169,169,189,189,189,189,203,215,215,215],"floor_reached":30,"language":"KOR","playtime":7448,"items_purged":[],"score":234,"play_id":"427d24a6-67b1-4441-a61d-85303546003d","local_time":"20210114182836","is_ascension_mode":true,"campfire_choices":[{"floor":7,"key":"REST"},{"floor":10,"key":"REST"},{"floor":15,"key":"DIG"},{"floor":23,"key":"REST"},{"floor":25,"key":"REST"},{"floor":27,"key":"REST"}],"circlet_count":0,"master_deck":["HollowMod:NailStrikeStart","HollowMod:NailStrikeStart","HollowMod:NailStrikeStart","HollowMod:NailStrikeStart","HollowMod:QuickDashStart","HollowMod:QuickDashStart","HollowMod:FocusHealStart","HollowMod:DescendingDark","HollowMod:NewJinnsSoul","OldLady","HollowMod:LifebloodCocoon","HollowMod:FastStrike","HollowMod:TaintedHusks","VoidDream","HollowMod:PerfectDash","Trip","HollowMod:NewLastStag","HollowMod:LifebloodCore","ShyLook","HollowMod:QuirrelsAssistance","HollowMod:Weaversong","HollowMod:InfectedCysts","relicPack:TruthCard","QueenOfHatred","HollowMod:HeavyBlow","HollowMod:SiblingsSouls","HollowMod:HeavyBlow","HollowMod:SiblingsSouls+1","HollowMod:RecoilStrike","HollowMod:AwokenDreamNail","HappyTeddy","HollowMod:DashSlash","PunishingBird","HollowMod:GreatSlash"],"relics":["HollowMod:VesselMask","CogitoBucket","HollowMod:StagPassRelic","Replay:PocketPolymizer","Runesmith:Nanobots","BackwardClock","Orichalcum","Painkiller Herb","relicPack:EdsArm","AdjustmentMirror","DemoMod:ChaffGrenade","DemoMod:GlassGuonStoneRelic"],"acts_visited":["Exordium","TheCity"],"potions_floor_usage":[8,16,18,21,24],"damage_taken":[{"damage":1,"enemies":"Jaw Worm","floor":1,"turns":4},{"damage":2,"enemies":"Cultist","floor":3,"turns":3},{"damage":9,"enemies":"Small Slimes","floor":4,"turns":3},{"damage":35,"enemies":"3 Sentries","floor":6,"turns":8},{"damage":17,"enemies":"Gremlin Gang","floor":8,"turns":3},{"damage":20,"enemies":"3 Louse","floor":13,"turns":4},{"damage":0,"enemies":"Exordium Wildlife","floor":14,"turns":1},{"damage":22,"enemies":"Hexaghost","floor":16,"turns":12},{"damage":23,"enemies":"2 Thieves","floor":18,"turns":3},{"damage":18,"enemies":"Shell Parasite","floor":21,"turns":6},{"damage":25,"enemies":"Shelled Parasite and Fungi","floor":22,"turns":6},{"damage":23,"enemies":"Snake Plant","floor":24,"turns":4},{"damage":1,"enemies":"Sentry and Sphere","floor":28,"turns":4},{"damage":0,"enemies":"Sentry and Sphere","floor":28,"turns":1},{"damage":0,"enemies":"Chosen and Byrds","floor":29,"turns":5},{"damage":101,"enemies":"Snake Plant","floor":30,"turns":4}],"seed_played":"-2039249992091180599","potions_obtained":[{"floor":3,"key":"SpeedPotion"},{"floor":13,"key":"SneckoOil"},{"floor":14,"key":"SpeedPotion"},{"floor":18,"key":"Languid Potion"},{"floor":22,"key":"AttackPotion"}],"is_trial":false,"path_per_floor":["M","?","M","M","?","E","R","M","T","R","?","?","M","M","R","B",null,"?","?","?","?","?","T","?","T","T","T","?","?","?"],"character_chosen":"THE_BUGKNIGHT","items_purchased":[],"campfire_rested":5,"item_purchase_floors":[],"current_hp_per_floor":[74,74,72,63,52,41,63,46,46,68,68,68,48,48,48,38,75,52,52,52,34,14,35,12,33,33,54,17,17,0,0],"gold":215,"neow_bonus":"","is_daily":false,"chose_seed":false,"campfire_upgraded":0,"win_rate":0.0,"timestamp":1610616516,"path_taken":["M","?","M","?","?","E","R","M","T","R","?","?","M","M","R","BOSS","?","?","?","?","?","T","?","T","T","T","?","?","?"],"items_purchased_type":[],"build_version":"2020-12-22","purchased_purges":0,"victory":false,"max_hp_per_floor":[75,75,75,75,75,75,75,75,75,75,75,75,75,75,75,75,75,75,70,70,70,70,70,70,70,70,70,70,70,70,70],"card_choices":[{"not_picked":["WallGazer","DreamingCurrent"],"picked":"OldLady","floor":1},{"not_picked":["HollowMod:CrystalDash","HollowMod:DreamGate"],"picked":"HollowMod:DescendingDark","floor":1},{"not_picked":["Bloodbath","Freischutz"],"picked":"Rudolta","floor":3},{"not_picked":["HollowMod:LifebloodCore","HollowMod:InfectedCysts"],"picked":"HollowMod:NewJinnsSoul","floor":3},{"not_picked":["Freischutz","CherryBlossoms"],"picked":"OldLady","floor":4},{"not_picked":["HollowMod:SharpenedNail","HollowMod:PureNailStrike"],"picked":"HollowMod:LifebloodCocoon","floor":4},{"not_picked":["OSAHOGD","SpiderBud"],"picked":"Scorched","floor":6},{"not_picked":["HollowMod:MothsMistake","HollowMod:HeavyBlow"],"picked":"HollowMod:FastStrike","floor":6},{"not_picked":["MHz","BlackSwan"],"picked":"VoidDream","floor":8},{"not_picked":["HollowMod:ShadowDash","HollowMod:NewJinnsSoul"],"picked":"HollowMod:PerfectDash","floor":8},{"not_picked":["SpiderBud","UniverseFragment"],"picked":"ShyLook","floor":13},{"not_picked":["HollowMod:SoulShaman","HollowMod:VoidDash","HollowMod:DungDefenderAura"],"picked":"SKIP","floor":13},{"not_picked":["HollowMod:SoulShaman","HollowMod:VoidDash","HollowMod:DungDefenderAura"],"picked":"SKIP","floor":13},{"not_picked":["Murderer","MHz"],"picked":"FairyFestival","floor":14},{"not_picked":["HollowMod:SoulEater","HollowMod:AbyssShriek"],"picked":"HollowMod:QuirrelsAssistance","floor":14},{"not_picked":["MeatLantern","PunishingBird"],"picked":"LittleHelper","floor":16},{"not_picked":["HollowMod:MidwifesHunger","HollowMod:ElderbugsWisdom"],"picked":"HollowMod:Weaversong","floor":16},{"not_picked":["OSAHOGD","SpiderBud"],"picked":"BeautyBeast","floor":18},{"not_picked":["HollowMod:CycloneSlash+1","HollowMod:InfectedAttack+1"],"picked":"HollowMod:InfectedCysts","floor":18},{"not_picked":["Rudolta","RedShoes"],"picked":"QueenOfHatred","floor":21},{"not_picked":["HollowMod:SoulSplash","HollowMod:PureNailStrike"],"picked":"HollowMod:HeavyBlow","floor":21},{"not_picked":["MHz","LittleHelper"],"picked":"Yin","floor":22},{"not_picked":["HollowMod:CoiledNail","HollowMod:WraithStrike+1"],"picked":"HollowMod:SiblingsSouls","floor":22},{"not_picked":["HollowMod:MothsMistake","HollowMod:DoubleDash+1"],"picked":"HollowMod:SiblingsSouls+1","floor":24},{"not_picked":["PunishingBird","WhitesApple"],"picked":"HappyTeddy","floor":28},{"not_picked":["HollowMod:DesolateDive","HollowMod:Grubsong"],"picked":"HollowMod:DashSlash","floor":28},{"not_picked":["FairyFestival","Woodsman"],"picked":"PunishingBird","floor":29},{"not_picked":["HollowMod:InfectedCysts","HollowMod:NewJinnsSoul"],"picked":"HollowMod:GreatSlash","floor":29}],"player_experience":32097,"relics_obtained":[{"floor":6,"key":"Replay:PocketPolymizer"},{"floor":9,"key":"Runesmith:Nanobots"},{"floor":15,"key":"Orichalcum"},{"floor":26,"key":"DemoMod:ChaffGrenade"}],"event_choices":[{"cards_removed":["OldLady"],"damage_healed":0,"gold_gain":0,"player_choice":"Gave Card","damage_taken":0,"relics_obtained":["HollowMod:StagPassRelic"],"max_hp_gain":0,"max_hp_loss":0,"event_name":"WeMeetAgain","floor":2,"gold_loss":0},{"damage_healed":0,"gold_gain":75,"player_choice":"Gather Gold","damage_taken":11,"max_hp_gain":0,"max_hp_loss":0,"event_name":"World of Goop","floor":5,"gold_loss":0},{"damage_healed":0,"gold_gain":0,"player_choice":"1 cards matched","damage_taken":0,"max_hp_gain":0,"max_hp_loss":0,"event_name":"Match and Keep!","floor":12,"gold_loss":0,"cards_obtained":["HollowMod:LifebloodCore"]},{"cards_removed":["ats:True Silver Slash"],"damage_healed":0,"gold_gain":0,"player_choice":"Purged","damage_taken":0,"max_hp_gain":0,"max_hp_loss":0,"event_name":"Purifier","floor":20,"gold_loss":0}],"is_beta":false,"boss_relics":[{"not_picked":["Honey Jar","ReplayTheSpireMod:DimensionalGlitch"],"picked":"Painkiller Herb"}],"items_purged_floors":[],"is_endless":false,"potions_floor_spawned":[3,13,14,18,22],"killed_by":"Snake Plant","ascension_level":0}}