{"host":"97k3n5kp0psabqmo","time":1610646553,"event":{"mods":["BaseMod","Colored Powertips","Hubris","Minty Spire (QoL Compilation)","Replay The Spire","StSLib"],"gold_per_floor":[116,5,5,280,293,139,157,168,168,150,177,191,191,203,203,303,303,315,315,215,227,102,132,82,117,162,176,176,203,216,216,216],"floor_reached":31,"language":"ENG","playtime":2918,"items_purged":["Regret","Regret","Injury"],"score":312,"play_id":"e9eb5b03-ae06-4987-9889-6ee35f35ec8d","local_time":"20210114124913","is_ascension_mode":true,"campfire_choices":[{"floor":13,"key":"REST"},{"data":"Strike_G","floor":15,"key":"PURGE"},{"floor":28,"key":"REST"}],"circlet_count":0,"master_deck":["Strike_G","Strike_G","Strike_G","Defend_G","Defend_G","Defend_G","Defend_G","Survivor","Neutralize","Prepared","Adrenaline+1","Fluid Movement","Footwork","ReplayTheSpireMod:Scrap Shanks","Toxin Wave","Blade Dance","Replay:Bag of Tricks","Backflip+1","Deflect","After Image","hubris:Wrath","Poisoned Stab","Bane","Underhanded Strike+1","Slice","Infinite Blades","Blade Dance","Backflip+1"],"relics":["Ring of the Snake","Unceasing Top","hubris:TenFootPole","Replay:Ancient Bell","ReplayTheSpireMod:TigerMarble","Replay:Bottled Eggs","hubris:CuriousFeather","Calipers","hubris:SlimyHat","hubris:AncientText","hubris:TinFlute"],"acts_visited":["Exordium","TheCity"],"potions_floor_usage":[8,16,16,16,21,23,25,31],"damage_taken":[{"damage":2,"enemies":"Small Slimes","floor":1,"turns":4},{"damage":4,"enemies":"Cultist","floor":5,"turns":5},{"damage":1,"enemies":"Jaw Worm","floor":7,"turns":6},{"damage":6,"enemies":"3 Louse","floor":8,"turns":3},{"damage":9,"enemies":"Exordium Thugs","floor":10,"turns":4},{"damage":18,"enemies":"Replay:BlueRogue","floor":11,"turns":7},{"damage":3,"enemies":"Large Slime","floor":12,"turns":6},{"damage":0,"enemies":"Red Slaver","floor":14,"turns":4},{"damage":9,"enemies":"Fading Forest","floor":16,"turns":11},{"damage":5,"enemies":"Shell Parasite","floor":18,"turns":5},{"damage":4,"enemies":"Chosen","floor":21,"turns":5},{"damage":17,"enemies":"Gremlin Leader","floor":23,"turns":7},{"damage":18,"enemies":"Replay:Snechameleon","floor":25,"turns":6},{"damage":8,"enemies":"3 Cultists","floor":27,"turns":5},{"damage":18,"enemies":"Slavers","floor":29,"turns":4},{"damage":20,"enemies":"Snake Plant","floor":30,"turns":6},{"damage":14,"enemies":"Centurion and Healer","floor":31,"turns":2}],"seed_played":"-3918014460972737746","potions_obtained":[{"floor":5,"key":"ColorlessPotion"},{"floor":7,"key":"Venom Potion"},{"floor":11,"key":"BlessingOfTheForge"},{"floor":12,"key":"GamblersBrew"},{"floor":14,"key":"GamblersBrew"},{"floor":18,"key":"Languid Potion"},{"floor":23,"key":"DuplicationPotion"},{"floor":25,"key":"Cursed Concoction"}],"is_trial":false,"path_per_floor":["M","$","?","?","M","$","M","M","T","M","E","M","R","M","R","B",null,"M","?","$","M","$","E","?","E","T","M","R","E","M","M"],"character_chosen":"THE_SILENT","items_purchased":["Adrenaline+1","Footwork"],"campfire_rested":2,"item_purchase_floors":[2,6],"current_hp_per_floor":[68,68,61,61,57,57,56,50,50,41,23,20,41,41,41,32,70,65,65,65,61,61,44,44,30,30,22,43,25,5,0,0],"gold":216,"neow_bonus":"RANDOM_EVENT","is_daily":false,"chose_seed":false,"campfire_upgraded":0,"win_rate":0.0,"timestamp":1610646553,"path_taken":["M","$","?","?","M","$","M","?","T","M","E","M","R","M","R","BOSS","M","?","$","M","$","E","?","E","T","M","R","E","M","M"],"items_purchased_type":["Card","Card"],"build_version":"2020-12-22","purchased_purges":3,"victory":false,"max_hp_per_floor":[70,70,70,70,70,70,70,70,70,70,70,70,70,70,70,70,70,70,70,70,70,70,70,70,70,70,70,70,70,70,70,70],"card_choices":[{"not_picked":["Slice","PiercingWail"],"picked":"Prepared","floor":1},{"not_picked":["Distraction","Underhanded Strike"],"picked":"Fluid Movement","floor":5},{"not_picked":["Deflect","Dagger Throw"],"picked":"ReplayTheSpireMod:Scrap Shanks","floor":7},{"not_picked":["Blade Dance","ReplayTheSpireMod:The Works"],"picked":"Toxin Wave","floor":8},{"not_picked":["Distraction","ReplayTheSpireMod:From All Sides"],"picked":"Blade Dance","floor":10},{"not_picked":["Sucker Punch","Reflex"],"picked":"Replay:Bag of Tricks","floor":11},{"not_picked":["Hidden Blade","PiercingWail"],"picked":"Backflip","floor":12},{"not_picked":["Reflex","Predator"],"picked":"Deflect","floor":14},{"not_picked":["ReplayTheSpireMod:Necrosis","Night Terror"],"picked":"After Image","floor":16},{"not_picked":["Replay:Hysterical Blindness","ReplayTheSpireMod:Faulty Equipment"],"picked":"Regret","floor":17},{"not_picked":["ReplayTheSpireMod:Splinters","Writhe"],"picked":"hubris:Wrath","floor":17},{"not_picked":["Delirium","Normality"],"picked":"Injury","floor":17},{"not_picked":["Underhanded Strike","Reflex"],"picked":"Poisoned Stab","floor":18},{"not_picked":["hubris:Counter","Doppelganger"],"picked":"Bane","floor":21},{"not_picked":["Dash+1","Finisher"],"picked":"Underhanded Strike+1","floor":23},{"not_picked":["Flying Knee+1","Terror"],"picked":"Slice","floor":25},{"not_picked":["Expertise","Bane"],"picked":"Infinite Blades","floor":27},{"not_picked":["hubris:SlightOfHand","Atom Bomb"],"picked":"Blade Dance","floor":29},{"not_picked":["PiercingWail","Flying Knee"],"picked":"Backflip+1","floor":30}],"player_experience":22702,"relics_obtained":[{"floor":9,"key":"Unceasing Top"},{"floor":11,"key":"hubris:TenFootPole"},{"floor":23,"key":"Calipers"},{"floor":25,"key":"hubris:SlimyHat"},{"floor":26,"key":"hubris:AncientText"},{"floor":29,"key":"hubris:TinFlute"}],"event_choices":[{"cards_removed":["Strike_G"],"damage_healed":0,"gold_gain":0,"player_choice":"Card Removal","damage_taken":7,"max_hp_gain":0,"max_hp_loss":0,"event_name":"Golden Wing","floor":3,"gold_loss":0},{"damage_healed":0,"gold_gain":275,"player_choice":"Desecrate","damage_taken":0,"max_hp_gain":0,"max_hp_loss":0,"event_name":"Golden Shrine","floor":4,"gold_loss":0,"cards_obtained":["Regret"]},{"damage_healed":0,"gold_gain":0,"player_choice":"Ignored","damage_taken":0,"max_hp_gain":0,"max_hp_loss":0,"event_name":"Vampires","floor":19,"gold_loss":0},{"damage_healed":0,"gold_gain":0,"player_choice":"Bet on Murderer","damage_taken":0,"max_hp_gain":0,"max_hp_loss":0,"event_name":"The Joust","floor":24,"gold_loss":50}],"is_beta":false,"boss_relics":[{"not_picked":["hubris:TerracottaHorce","hubris:GrandSneckoEye"],"picked":"Replay:Ancient Bell"},{"not_picked":["Regal Pillow","MealTicket"],"picked":"ReplayTheSpireMod:TigerMarble"},{"not_picked":["hubris:Metronome","Question Card"],"picked":"Replay:Bottled Eggs"},{"not_picked":["WingedGreaves","hubris:FunFungus"],"picked":"hubris:CuriousFeather"}],"items_purged_floors":[6,20,22],"is_endless":false,"potions_floor_spawned":[5,7,11,12,14,18,23,25],"killed_by":"Centurion and Healer","ascension_level":1}}