{"host":"8d3fefv2347kqkpz","time":1610666738,"event":{"mods":["100% Spire Juice","BaseMod","Better Vampires","Colored Map","Downfall","Minty Spire (QoL Compilation)","Quick Restart","Replay The Spire","StSLib","The Gatherer","Waifu the Spire"],"gold_per_floor":[109,119,130,142,142,161,173,173,198,226,226,243,277,288,288,387,437,456,456,122,136,150,150,160,160,160,179,190,190,289,307,307,405,405,420,432,23,36,52,52,52,65,65,65,65,90,90,101,101,101,101],"floor_reached":50,"language":"ZHS","playtime":1739,"items_purged":["Defend_R","Wild Strike","ReplayTheSpireMod:Restless Dread"],"score":487,"play_id":"f792d25a-2c48-4d83-b11f-b19ac0126d51","local_time":"20210115072538","is_ascension_mode":false,"campfire_choices":[{"data":"Armaments","floor":8.0,"key":"SMITH"},{"data":"Berserk","floor":11.0,"key":"SMITH"},{"floor":15.0,"key":"REST"},{"floor":23.0,"key":"REST"},{"floor":29.0,"key":"REST"},{"floor":32.0,"key":"REST"},{"floor":41.0,"key":"REST"},{"floor":49.0,"key":"REST"}],"circlet_count":0,"master_deck":["Strike_R","Strike_R","Strike_R","Strike_R","Strike_R","Defend_R","Defend_R","Bash","Perfected Strike","Perfected Strike","Wild Strike","Brutality+1","Armaments+1","Clash+1","Berserk+1","Rage","ReplayTheSpireMod:LeadingStrike","Wild Strike","Double Tap","Rage","Ghostly Armor","Berserk+1","Perfected Strike","Immolate+1","ReplayTheSpireMod:Stacked+1","Metallicize","Clash","Bloodletting","Armaments","Rage+1","Doubt","Madness","Madness","Clash","Armaments+1"],"relics":["Black Blood","Blood Vial","Lantern","Dream Catcher","Tiny House","DollysMirror","Bottled Flame","CaptainsWheel","ReplayTheSpireMod:Ninjato","ReplayTheSpireMod:CursedCoin"],"acts_visited":["Exordium","TheCity","TheBeyond"],"potions_floor_usage":[50],"damage_taken":[{"damage":6.0,"enemies":"Cultist","floor":1.0,"turns":3.0},{"damage":1.0,"enemies":"Jaw Worm","floor":2.0,"turns":3.0},{"damage":0.0,"enemies":"2 Louse","floor":3.0,"turns":2.0},{"damage":12.0,"enemies":"Blue Slaver","floor":4.0,"turns":2.0},{"damage":34.0,"enemies":"Exordium Wildlife","floor":6.0,"turns":4.0},{"damage":11.0,"enemies":"3 Louse","floor":7.0,"turns":3.0},{"damage":16.0,"enemies":"Gremlin Nob","floor":10.0,"turns":3.0},{"damage":20.0,"enemies":"Large Slime","floor":12.0,"turns":2.0},{"damage":22.0,"enemies":"Lagavulin","floor":13.0,"turns":5.0},{"damage":6.0,"enemies":"Looter","floor":14.0,"turns":2.0},{"damage":38.0,"enemies":"Hexaghost","floor":16.0,"turns":9.0},{"damage":23.0,"enemies":"2 Thieves","floor":18.0,"turns":3.0},{"damage":26.0,"enemies":"Shell Parasite","floor":21.0,"turns":5.0},{"damage":26.0,"enemies":"Snake Plant","floor":22.0,"turns":3.0},{"damage":14.0,"enemies":"Shelled Parasite and Fungi","floor":24.0,"turns":4.0},{"damage":29.0,"enemies":"Centurion and Healer","floor":27.0,"turns":5.0},{"damage":5.0,"enemies":"Cultist and Chosen","floor":28.0,"turns":3.0},{"damage":14.0,"enemies":"Snake Plant","floor":31.0,"turns":3.0},{"damage":54.0,"enemies":"Champ","floor":33.0,"turns":7.0},{"damage":55.0,"enemies":"3 Darklings","floor":35.0,"turns":8.0},{"damage":40.0,"enemies":"Orb Walker","floor":36.0,"turns":5.0},{"damage":6.0,"enemies":"Jaw Worm Horde","floor":38.0,"turns":4.0},{"damage":28.0,"enemies":"Maw","floor":39.0,"turns":8.0},{"damage":12.0,"enemies":"Sphere and 2 Shapes","floor":42.0,"turns":4.0},{"damage":28.0,"enemies":"3 Darklings","floor":48.0,"turns":9.0},{"damage":112,"enemies":"Replay:Hell Engine","floor":50,"turns":6}],"seed_played":"7667167783882723354","potions_obtained":[{"floor":2.0,"key":"CultistPotion"},{"floor":3.0,"key":"Explosive Potion"},{"floor":4.0,"key":"AttackPotion"},{"floor":17.0,"key":"SteroidPotion"},{"floor":21.0,"key":"Adrenaline Potion"},{"floor":33.0,"key":"Fire Potion"},{"floor":38.0,"key":"Weak Potion"},{"floor":42.0,"key":"Languid Potion"},{"floor":48.0,"key":"AttackPotion"}],"is_trial":false,"path_per_floor":["M","M","M","M","?","M","M","R","T","E","R","M","E","M","R","B",null,"M","?","$","M","M","R","M","?","T","M","M","R","?","M","R","B",null,"M","M","$","M","M","?","R","M","T","?","?","$","?","M","R","B"],"character_chosen":"IRONCLAD","items_purchased":["DollysMirror","Immolate+1","CaptainsWheel","ReplayTheSpireMod:CursedCoin"],"campfire_rested":6,"item_purchase_floors":[20,20,37,46],"current_hp_per_floor":[88,88,88,82,82,54,49,49,49,41,41,29,15,17,43,13,93,76,76,76,58,40,67,61,61,61,40,43,70,70,64,91,45,93,50,24,24,32,18,18,45,47,47,47,93,93,81,67,93,0,0],"gold":101,"neow_bonus":"TEN_PERCENT_HP_BONUS","is_daily":false,"chose_seed":false,"campfire_upgraded":2,"win_rate":0.0,"timestamp":1610666738,"path_taken":["M","M","M","M","?","M","M","R","T","E","R","M","E","M","R","BOSS","M","?","$","?","M","R","M","?","T","M","M","R","?","M","R","BOSS","M","M","$","M","M","?","R","M","T","?","?","$","?","M","R","BOSS"],"items_purchased_type":["Relic","Card","Relic","Relic"],"build_version":"2020-12-22","purchased_purges":3,"victory":false,"max_hp_per_floor":[88,88,88,88,88,88,88,88,88,88,88,88,88,88,88,88,93,93,93,93,93,93,93,93,93,93,93,93,93,93,93,93,93,93,93,93,93,93,93,93,93,93,93,93,93,93,93,93,93,93,93],"card_choices":[{"not_picked":["Flex","ReplayTheSpireMod:Corrosion Curse"],"picked":"Perfected Strike","floor":1.0},{"not_picked":["Heavy Blade","Combust"],"picked":"Wild Strike","floor":2.0},{"not_picked":["ReplayTheSpireMod:Strike From Hell","Impervious"],"picked":"Perfected Strike","floor":3.0},{"not_picked":["Flex","Battle Trance"],"picked":"Wild Strike","floor":4.0},{"not_picked":["Wild Strike","Body Slam"],"picked":"Armaments","floor":6.0},{"not_picked":["Spot Weakness","Heavy Blade"],"picked":"Clash","floor":7.0},{"not_picked":["Clothesline","Burning Pact"],"picked":"Berserk","floor":10.0},{"not_picked":["Clothesline","Abandon","Body Slam"],"picked":"SKIP","floor":12.0},{"not_picked":["Iron Wave","Dark Embrace"],"picked":"Rage","floor":13.0},{"not_picked":["Run Through","Sword Boomerang"],"picked":"ReplayTheSpireMod:LeadingStrike","floor":14.0},{"not_picked":["Power Through","Replay:Undeath\u0027s Touch"],"picked":"Wild Strike","floor":15.0},{"not_picked":["Barricade","Demon Form"],"picked":"Double Tap","floor":16.0},{"not_picked":["Heavy Blade","Second Wind"],"picked":"Rage","floor":17.0},{"not_picked":["True Grit","Massacre+1"],"picked":"Ghostly Armor","floor":18.0},{"not_picked":["Flex","Replay:Undeath\u0027s Touch"],"picked":"ReplayTheSpireMod:Stacked+1","floor":21.0},{"not_picked":["Shrug It Off+1","ReplayReversal","Sword Boomerang+1"],"picked":"SKIP","floor":22.0},{"not_picked":["Second Wind","Anger+1"],"picked":"Metallicize","floor":23.0},{"not_picked":["Thunderclap","Anger","Wild Strike"],"picked":"SKIP","floor":24.0},{"not_picked":["Warcry","Run Through"],"picked":"Bloodletting","floor":27.0},{"not_picked":["True Grit","Reaper","Run Through"],"picked":"SKIP","floor":28.0},{"not_picked":["Thunderclap","Hemokinesis"],"picked":"Armaments","floor":29.0},{"not_picked":["Hemokinesis","Bloodletting","Anger+1"],"picked":"SKIP","floor":31.0},{"not_picked":["Shrug It Off+1","Havoc","ReplayTheSpireMod:Limb From Limb+1"],"picked":"SKIP","floor":35.0},{"not_picked":["Dark Embrace","Massacre+1","Carnage"],"picked":"SKIP","floor":36.0},{"not_picked":["Pommel Strike+1","Shockwave+1","ReplayTheSpireMod:LeadingStrike"],"picked":"SKIP","floor":38.0},{"not_picked":["Havoc","Iron Wave"],"picked":"Rage+1","floor":39.0},{"not_picked":["Havoc+1","Feel No Pain","Bloodletting"],"picked":"SKIP","floor":42.0},{"not_picked":["Headbutt+1","Feel No Pain"],"picked":"Clash","floor":48.0},{"not_picked":["Wild Strike","True Grit+1"],"picked":"Armaments+1","floor":49.0}],"player_experience":59647,"relics_obtained":[{"floor":9.0,"key":"Blood Vial"},{"floor":10.0,"key":"Lantern"},{"floor":13.0,"key":"Dream Catcher"},{"floor":26.0,"key":"Bottled Flame"},{"floor":43.0,"key":"ReplayTheSpireMod:Ninjato"}],"event_choices":[{"damage_healed":0.0,"max_hp_gain":0.0,"max_hp_loss":0.0,"gold_gain":0.0,"event_name":"Duplicator","player_choice":"Copied","floor":19.0,"gold_loss":0.0,"damage_taken":0.0,"cards_obtained":["Berserk"]},{"damage_healed":0.0,"max_hp_gain":0.0,"max_hp_loss":0.0,"gold_gain":0.0,"event_name":"The Library","player_choice":"Read","floor":25.0,"gold_loss":0.0,"damage_taken":0.0,"cards_obtained":["Clash"]},{"damage_healed":0.0,"max_hp_gain":0.0,"max_hp_loss":0.0,"gold_gain":99.0,"event_name":"Nest","player_choice":"Stole From Cult","floor":30.0,"gold_loss":0.0,"damage_taken":0.0},{"damage_healed":0.0,"max_hp_gain":0.0,"max_hp_loss":0.0,"gold_gain":0.0,"event_name":"SensoryStone","player_choice":"Memory 1","floor":44.0,"gold_loss":0.0,"damage_taken":0.0},{"damage_healed":46.0,"max_hp_gain":0.0,"max_hp_loss":0.0,"gold_gain":0.0,"event_name":"MindBloom","player_choice":"Heal","floor":45.0,"gold_loss":0.0,"damage_taken":0.0,"cards_obtained":["Doubt"]},{"damage_healed":0.0,"max_hp_gain":0.0,"max_hp_loss":0.0,"gold_gain":0.0,"event_name":"Winding Halls","player_choice":"Embrace Madness","floor":47.0,"gold_loss":0.0,"damage_taken":12.0,"cards_obtained":["Madness","Madness"]}],"is_beta":false,"boss_relics":[{"not_picked":["Ooze Armor","ReplayTheSpireMod:DimensionalGlitch"],"picked":"Tiny House"},{"not_picked":["Philosopher\u0027s Stone","ChewingGum"],"picked":"Black Blood"}],"items_purged_floors":[20,37,46],"is_endless":false,"potions_floor_spawned":[2,3,4,7,18,21,27,33,38,42,48],"killed_by":"Replay:Hell Engine","ascension_level":0}}