{"host":"khkox7sggahain0a","time":1610606829,"event":{"mods":["Act Like it!","Arknights The Spire","BaseMod","Downfall","Gensokyo","Lobotomy","LobotomyExtend","Marisa£®ÏF”Í°°ƒß¿Ì…≥£©","Minty Spire (QoL Compilation)","Quick Restart","StSLib","The Animator","Waifu the Spire"],"gold_per_floor":[277,293,293,312,322,322,322],"floor_reached":6,"language":"ZHS","playtime":301,"items_purged":[],"score":38,"play_id":"1d40e13c-0df0-42bc-bbed-e737bf907f74","local_time":"20210114144709","is_ascension_mode":false,"campfire_choices":[],"circlet_count":0,"master_deck":["ats:Strike C","ats:Strike G","ats:Strike S","ats:Strike V","ats:Armor Crushing Shot","ats:Defend","ats:Defend","ats:Defend","ats:Defend","ats:Emotion Absorption","OldLady","ats:Hammer On","Mercenary","ats:Composite Medical Shells","Decay","ats:Curse Doll","PunishingBird","ats:Thorns"],"relics":["ats:Sanity","CogitoBucket","LetterFromLob"],"acts_visited":["Exordium"],"potions_floor_usage":[6],"damage_taken":[{"damage":0.0,"enemies":"2 Louse","floor":1.0,"turns":3.0},{"damage":1.0,"enemies":"Cultist","floor":2.0,"turns":3.0},{"damage":14,"enemies":"Small Slimes","floor":4,"turns":4},{"damage":19,"enemies":"Looter","floor":5,"turns":3},{"damage":36,"enemies":"Lagavulin","floor":6,"turns":5}],"seed_played":"-1498079493208856979","potions_obtained":[{"floor":1.0,"key":"Explosive Potion"},{"floor":2.0,"key":"GamblersBrew"}],"is_trial":false,"path_per_floor":["M","M","?","M","M","E"],"character_chosen":"DOCTOR_CLASS","items_purchased":[],"campfire_rested":0,"item_purchase_floors":[],"current_hp_per_floor":[72,71,71,57,38,2,2],"gold":322,"neow_bonus":"","is_daily":false,"chose_seed":false,"campfire_upgraded":0,"win_rate":0.0,"timestamp":1610606829,"path_taken":["M","M","?","M","?","E"],"items_purchased_type":[],"build_version":"2020-12-22","purchased_purges":0,"victory":false,"max_hp_per_floor":[72,72,72,72,72,72,72],"card_choices":[{"not_picked":["Porccubus","LongBird","Bloodbath"],"picked":"Singing Bowl","floor":1.0},{"not_picked":["MHz","Porccubus"],"picked":"OldLady","floor":1.0},{"not_picked":["ats:Consecutive Shot Auto","ats:Thermite Blade"],"picked":"ats:Hammer On","floor":1.0},{"not_picked":["BeautyBeast","DreamingCurrent","Bloodbath"],"picked":"Singing Bowl","floor":2.0},{"not_picked":["GalaxyChild","Funeral"],"picked":"Mercenary","floor":2.0},{"not_picked":["ats:Charging Defense","ats:Overload"],"picked":"ats:Composite Medical Shells","floor":2.0},{"not_picked":["Bloodbath","LittleHelper","OSAHOGD"],"picked":"Singing Bowl","floor":4},{"not_picked":["ats:Childhood Dance","ats:Shell Defense"],"picked":"ats:Curse Doll","floor":4},{"not_picked":["HeroicMonk","ShyLook","BeautyBeast"],"picked":"Singing Bowl","floor":5},{"not_picked":["Rudolta","CrumblingArmor"],"picked":"PunishingBird","floor":5},{"not_picked":["ats:Powerful Strike","ats:Leaping Hammer"],"picked":"ats:Thorns","floor":5}],"player_experience":296182,"relics_obtained":[{"floor":1.0,"key":"LetterFromLob"}],"event_choices":[{"damage_healed":0,"gold_gain":0,"player_choice":"Cursed","damage_taken":0,"max_hp_gain":0,"max_hp_loss":0,"event_name":"Wheel of Change","floor":3,"gold_loss":0,"cards_obtained":["Decay"]}],"is_beta":false,"boss_relics":[],"items_purged_floors":[],"is_endless":false,"potions_floor_spawned":[1,2],"killed_by":"Lagavulin","ascension_level":0}}