{"host":"7sni158j623xchr2","time":1610641571,"event":{"mods":["BaseMod","Colored Map","Highlight Path","Minty Spire (QoL Compilation)","Permanent Neow","Potion Indicator Mod","Rare Cards Sparkle","Relic Sorter","Relic Stats","StSLib","everything is the same but u backflip on backflip"],"gold_per_floor":[119,136,37,37,37,37,71,96,96,116,154,154,26,49,49,49,49],"floor_reached":16,"language":"ENG","playtime":248,"items_purged":["Defend_G"],"score":142,"play_id":"2304c9bf-aa81-4dd2-81fc-67b371c2bd2e","local_time":"20210114102611","is_ascension_mode":true,"campfire_choices":[{"data":"Noxious Fumes","floor":6,"key":"SMITH"},{"data":"Masterful Stab","floor":15,"key":"SMITH"}],"circlet_count":0,"master_deck":["Strike_G","Strike_G+1","Strike_G","Strike_G","Strike_G","Defend_G","Defend_G","Defend_G","Defend_G","Survivor","Neutralize","Noxious Fumes+1","Dagger Throw","Sucker Punch+1","Predator","Masterful Stab+1","Dagger Spray","Dash","PiercingWail","Leg Sweep"],"relics":["Ring of the Snake","NeowsBlessing","Golden Idol","Blue Candle","Paper Crane","Pocketwatch","Singing Bowl"],"acts_visited":["Exordium"],"potions_floor_usage":[10,16,16],"damage_taken":[{"damage":0,"enemies":"2 Louse","floor":1,"turns":1},{"damage":0,"enemies":"Jaw Worm","floor":2,"turns":1},{"damage":0,"enemies":"Lagavulin","floor":7,"turns":1},{"damage":2,"enemies":"Small Slimes","floor":8,"turns":3},{"damage":6,"enemies":"2 Fungi Beasts","floor":10,"turns":2},{"damage":16,"enemies":"3 Sentries","floor":11,"turns":6},{"damage":8,"enemies":"Gremlin Gang","floor":14,"turns":3},{"damage":17,"enemies":"Slime Boss","floor":16,"turns":3}],"seed_played":"-7065811218980811293","potions_obtained":[{"floor":1,"key":"Strength Potion"},{"floor":8,"key":"Poison Potion"},{"floor":14,"key":"PowerPotion"}],"is_trial":false,"path_per_floor":["M","M","$","?","?","R","E","M","T","M","E","?","$","M","R","B"],"character_chosen":"THE_SILENT","items_purchased":["Sucker Punch","Dash","PiercingWail"],"campfire_rested":0,"item_purchase_floors":[3,13,13],"current_hp_per_floor":[70,70,70,56,56,56,56,54,54,48,32,20,20,12,12,0,0],"gold":49,"neow_bonus":"THREE_ENEMY_KILL","is_daily":false,"chose_seed":false,"campfire_upgraded":2,"win_rate":0.0,"timestamp":1610641571,"path_taken":["M","M","$","?","?","R","E","M","T","M","E","?","$","M","R","BOSS"],"items_purchased_type":["Card","Card","Card"],"build_version":"2020-12-22","purchased_purges":1,"victory":false,"max_hp_per_floor":[70,70,70,70,65,65,65,65,65,65,65,65,65,65,65,65,65],"relic_stats":{"Singing Bowl":0,"counters":[8,20],"Golden Idol":29,"Blue Candle":[0],"obtain_stats":[{"NeowsBlessing":0,"Singing Bowl":12,"Golden Idol":5,"Blue Candle":7,"Paper Crane":9,"Ring of the Snake":0,"Pocketwatch":11},{"NeowsBlessing":0,"Singing Bowl":6,"Golden Idol":2,"Blue Candle":3,"Paper Crane":4,"Ring of the Snake":0,"Pocketwatch":6},{"NeowsBlessing":0,"Singing Bowl":14,"Golden Idol":2,"Blue Candle":3,"Paper Crane":6,"Ring of the Snake":0,"Pocketwatch":14}],"Ring of the Snake":[16],"Pocketwatch":[6]},"card_choices":[{"not_picked":["Backflip","Acrobatics"],"picked":"Noxious Fumes","floor":1},{"not_picked":["Outmaneuver","Deflect"],"picked":"Dagger Throw","floor":2},{"not_picked":["Calculated Gamble","Dodge and Roll"],"picked":"Predator","floor":7},{"not_picked":["Accuracy","Escape Plan","Flying Knee"],"picked":"SKIP","floor":8},{"not_picked":["Outmaneuver","Sucker Punch"],"picked":"Masterful Stab","floor":10},{"not_picked":["Flying Knee","Poisoned Stab"],"picked":"Dagger Spray","floor":11},{"not_picked":["Outmaneuver","Expertise"],"picked":"Leg Sweep","floor":14}],"player_experience":1614145,"relics_obtained":[{"floor":7,"key":"Blue Candle"},{"floor":9,"key":"Paper Crane"},{"floor":11,"key":"Pocketwatch"}],"event_choices":[{"damage_healed":0,"gold_gain":0,"player_choice":"Entered Light","damage_taken":14,"max_hp_gain":0,"max_hp_loss":0,"event_name":"Shining Light","floor":4,"gold_loss":0,"cards_upgraded":["Strike_G","Sucker Punch"]},{"damage_healed":0,"gold_gain":0,"player_choice":"Lose Max HP","damage_taken":0,"relics_obtained":["Golden Idol"],"max_hp_gain":0,"max_hp_loss":5,"event_name":"Golden Idol","floor":5,"gold_loss":0},{"damage_healed":0,"gold_gain":0,"player_choice":"Success","damage_taken":12,"relics_obtained":["Singing Bowl"],"max_hp_gain":0,"max_hp_loss":0,"event_name":"Scrap Ooze","floor":12,"gold_loss":0}],"is_beta":false,"boss_relics":[],"items_purged_floors":[3],"is_endless":false,"potions_floor_spawned":[1,8,14],"killed_by":"Slime Boss","ascension_level":1}}