{"host":"359hz4210ybch7ku","time":1610597349,"event":{"mods":["BaseMod","Block Reminder","Colored Map","Colored Powertips","Highlight Path","Minty Spire (QoL Compilation)","Slay the Relics Exporter","StSLib"],"gold_per_floor":[218,218,231,250,137,137,137,148,148,148,164,178,211,211,211,308,308,327,177,189,189,203,203,203,203],"floor_reached":24,"language":"ENG","playtime":1100,"items_purged":["Defend_G","Strike_G"],"score":218,"play_id":"7014c823-8ac1-45e8-9bb4-5be0f7af67dc","local_time":"20210113200909","is_ascension_mode":true,"campfire_choices":[{"data":"Infinite Blades","floor":6,"key":"SMITH"},{"data":"Die Die Die","floor":10,"key":"SMITH"},{"floor":15,"key":"REST"},{"floor":23,"key":"REST"}],"circlet_count":0,"master_deck":["Strike_G","Strike_G","Strike_G","Defend_G","Defend_G","Defend_G","Defend_G","Survivor","Neutralize","Backstab","Accuracy","Die Die Die+1","Infinite Blades+1","Cloak And Dagger","Accuracy","Storm of Steel","Acrobatics+1","PiercingWail+1"],"relics":["Ring of the Snake","Bottled Flame","StrikeDummy","Question Card","Black Star"],"acts_visited":["Exordium","TheCity"],"potions_floor_usage":[13,16,16,24],"damage_taken":[{"damage":9,"enemies":"Small Slimes","floor":1,"turns":4},{"damage":2,"enemies":"Jaw Worm","floor":3,"turns":5},{"damage":1,"enemies":"2 Louse","floor":4,"turns":2},{"damage":6,"enemies":"Blue Slaver","floor":8,"turns":4},{"damage":1,"enemies":"Exordium Wildlife","floor":11,"turns":2},{"damage":0,"enemies":"3 Louse","floor":12,"turns":1},{"damage":16,"enemies":"Gremlin Nob","floor":13,"turns":4},{"damage":35,"enemies":"The Guardian","floor":16,"turns":14},{"damage":11,"enemies":"Spheric Guardian","floor":18,"turns":3},{"damage":16,"enemies":"Shell Parasite","floor":20,"turns":3},{"damage":24,"enemies":"Snake Plant","floor":22,"turns":4},{"damage":30,"enemies":"Slavers","floor":24,"turns":4}],"seed_played":"845369824974062816","potions_obtained":[{"floor":4,"key":"ColorlessPotion"},{"floor":11,"key":"DuplicationPotion"},{"floor":13,"key":"LiquidMemories"}],"is_trial":false,"path_per_floor":["M","?","M","M","$","R","?","M","T","R","M","M","E","T","R","B",null,"M","$","M","?","M","R","E"],"character_chosen":"THE_SILENT","items_purchased":["Infinite Blades","SpeedPotion"],"campfire_rested":2,"item_purchase_floors":[5,19],"current_hp_per_floor":[61,54,52,51,51,51,51,45,45,45,44,44,28,28,49,14,70,59,59,43,30,6,28,0,0],"gold":203,"neow_bonus":"HUNDRED_GOLD","is_daily":false,"chose_seed":false,"campfire_upgraded":2,"win_rate":0.0,"timestamp":1610597349,"path_taken":["M","?","M","M","$","R","?","M","T","R","M","?","E","?","R","BOSS","M","$","M","?","M","R","E"],"items_purchased_type":["Card","Potion"],"build_version":"2020-12-22","purchased_purges":2,"victory":false,"max_hp_per_floor":[70,70,70,70,70,70,70,70,70,70,70,70,70,70,70,70,70,70,70,70,75,75,75,75,75],"card_choices":[{"not_picked":["Bane","Deflect"],"picked":"Backstab","floor":1},{"not_picked":["Skewer","Outmaneuver"],"picked":"Accuracy","floor":3},{"not_picked":["Deadly Poison","Bane"],"picked":"Die Die Die","floor":4},{"not_picked":["Finisher","Backflip"],"picked":"Cloak And Dagger","floor":8},{"not_picked":["Dodge and Roll","Outmaneuver","Underhanded Strike"],"picked":"SKIP","floor":11},{"not_picked":["Slice","Sucker Punch","Expertise"],"picked":"SKIP","floor":12},{"not_picked":["Envenom","Poisoned Stab"],"picked":"Accuracy","floor":13},{"not_picked":["Doppelganger","Bullet Time","Die Die Die"],"picked":"Storm of Steel","floor":16},{"not_picked":["Poisoned Stab+1","Predator","Sucker Punch"],"picked":"Acrobatics+1","floor":18},{"not_picked":["Reflex","Dash+1","Deadly Poison"],"picked":"PiercingWail+1","floor":20},{"not_picked":["Heel Hook","Slice","Dagger Spray","Quick Slash+1"],"picked":"SKIP","floor":22}],"player_experience":201548,"relics_obtained":[{"floor":9,"key":"Bottled Flame"},{"floor":13,"key":"StrikeDummy"},{"floor":14,"key":"Question Card"}],"event_choices":[{"cards_removed":["Strike_G"],"damage_healed":0,"gold_gain":0,"player_choice":"Card Removal","damage_taken":7,"max_hp_gain":0,"max_hp_loss":0,"event_name":"Golden Wing","floor":2,"gold_loss":0},{"damage_healed":0,"gold_gain":0,"player_choice":"Ignored","damage_taken":0,"max_hp_gain":0,"max_hp_loss":0,"event_name":"Liars Game","floor":7,"gold_loss":0},{"damage_healed":0,"gold_gain":0,"player_choice":"Shed Blood","damage_taken":18,"max_hp_gain":5,"max_hp_loss":0,"event_name":"Forgotten Altar","floor":21,"gold_loss":0}],"is_beta":false,"boss_relics":[{"not_picked":["Ring of the Serpent","Ectoplasm"],"picked":"Black Star"}],"items_purged_floors":[5,19],"is_endless":false,"potions_floor_spawned":[4,11,13],"killed_by":"Slavers","ascension_level":2}}