{"host":"19t2eyow02s954g8","time":1610623714,"event":{"mods":["BaseMod","Colored Map","DeckTracker","Minty Spire (QoL Compilation)","StSLib","SuperFastMode"],"gold_per_floor":[116,136,146,146,157,157,184,184,259,322,322,335,363,11,11,86,86,104,21,31,42,54,83,83,83,83,83,95,95,11,22,22,97,97,113,130,149,160,179,179,198,198,279,179,179,179,179],"floor_reached":46,"language":"KOR","playtime":2059,"items_purged":["Strike_G","Defend_G"],"score":958,"play_id":"9ced8fd9-9072-4a87-87d7-fd13a9b25f3c","local_time":"20210114202834","is_ascension_mode":true,"campfire_choices":[{"data":"Envenom","floor":6.0,"key":"SMITH"},{"data":"Neutralize","floor":8.0,"key":"SMITH"},{"data":"Terror","floor":11.0,"key":"SMITH"},{"data":"Calculated Gamble","floor":15.0,"key":"SMITH"},{"floor":24.0,"key":"REST"},{"data":"Cloak And Dagger","floor":27.0,"key":"SMITH"},{"floor":32.0,"key":"REST"},{"data":"Prepared","floor":40.0,"key":"SMITH"}],"circlet_count":0,"master_deck":["AscendersBane","Defend_G","Defend_G","Survivor","Neutralize+1","Cloak And Dagger+1","Die Die Die","Terror+1","Blade Dance","Blade Dance","Backflip","Envenom+1","Tactician","Calculated Gamble+1","Die Die Die+1","Backflip+1","Finisher+1","Footwork+1","Footwork+1","PiercingWail","Accuracy+1","Blur","A Thousand Cuts+1","Well Laid Plans+1","Malaise","Acrobatics","Prepared+1","Reflex"],"relics":["Ring of the Snake","WingedGreaves","Gremlin Horn","Bag of Marbles","Molten Egg 2","Frozen Egg 2","Astrolabe","Pen Nib","Torii","Empty Cage","HornCleat"],"acts_visited":["Exordium","TheCity","TheBeyond"],"potions_floor_usage":[],"damage_taken":[{"damage":0.0,"enemies":"Small Slimes","floor":1.0,"turns":2.0},{"damage":0.0,"enemies":"Cultist","floor":2.0,"turns":3.0},{"damage":2.0,"enemies":"Jaw Worm","floor":3.0,"turns":3.0},{"damage":3.0,"enemies":"3 Louse","floor":5.0,"turns":4.0},{"damage":0.0,"enemies":"Gremlin Nob","floor":7.0,"turns":2.0},{"damage":8.0,"enemies":"Gremlin Nob","floor":10.0,"turns":3.0},{"damage":0.0,"enemies":"Lots of Slimes","floor":12.0,"turns":1.0},{"damage":7.0,"enemies":"Lagavulin","floor":13.0,"turns":7.0},{"damage":13.0,"enemies":"Hexaghost","floor":16.0,"turns":5.0},{"damage":6.0,"enemies":"Spheric Guardian","floor":18.0,"turns":3.0},{"damage":0.0,"enemies":"Chosen","floor":20.0,"turns":2.0},{"damage":21.0,"enemies":"Centurion and Healer","floor":21.0,"turns":6.0},{"damage":0.0,"enemies":"3 Cultists","floor":22.0,"turns":3.0},{"damage":2.0,"enemies":"Book of Stabbing","floor":23.0,"turns":4.0},{"damage":9.0,"enemies":"Sentry and Sphere","floor":28.0,"turns":4.0},{"damage":7.0,"enemies":"Snake Plant","floor":31.0,"turns":4.0},{"damage":18.0,"enemies":"Champ","floor":33.0,"turns":9.0},{"damage":6.0,"enemies":"3 Darklings","floor":35.0,"turns":4.0},{"damage":1.0,"enemies":"3 Shapes","floor":36.0,"turns":5.0},{"damage":2.0,"enemies":"Writhing Mass","floor":37.0,"turns":11.0},{"damage":0.0,"enemies":"Maw","floor":38.0,"turns":8.0},{"damage":1.0,"enemies":"4 Shapes","floor":39.0,"turns":5.0},{"damage":12.0,"enemies":"Jaw Worm Horde","floor":41.0,"turns":3.0},{"damage":0,"enemies":"Transient","floor":46,"turns":1}],"seed_played":"-2032142435116277367","potions_obtained":[{"floor":1.0,"key":"Poison Potion"},{"floor":2.0,"key":"SteroidPotion"},{"floor":13.0,"key":"DuplicationPotion"},{"floor":16.0,"key":"DuplicationPotion"},{"floor":20.0,"key":"PowerPotion"},{"floor":31.0,"key":"DuplicationPotion"},{"floor":35.0,"key":"SteroidPotion"},{"floor":37.0,"key":"DistilledChaos"}],"is_trial":false,"path_per_floor":["M","M","M","?","M","R","E","R","T","?","R","M","E","$","R","B",null,"M","$","M","M","M","E","R","?","T","R","M","?","$","M","R","B",null,"M","M","M","M","M","R","M","?","T","$","?","M"],"character_chosen":"THE_SILENT","items_purchased":["Frozen Egg 2","Footwork+1","Well Laid Plans+1"],"campfire_rested":2,"item_purchase_floors":[14,19,30],"current_hp_per_floor":[59,59,57,57,54,54,54,54,54,46,46,46,39,39,39,26,52,46,46,46,25,25,23,41,41,41,41,32,32,32,25,43,25,51,45,44,42,42,41,41,29,29,29,29,29,29,29],"gold":179,"neow_bonus":"TRANSFORM_TWO_CARDS","is_daily":false,"chose_seed":false,"campfire_upgraded":6,"win_rate":0.0,"timestamp":1610623714,"path_taken":["M","M","M","?","?","R","E","R","T","?","R","M","E","$","R","BOSS","M","$","M","M","M","E","R","?","T","R","M","?","$","?","R","BOSS","M","M","M","M","M","R","M","?","T","$","?","?"],"items_purchased_type":["Relic","Card","Card"],"build_version":"2020-12-22","purchased_purges":2,"victory":false,"max_hp_per_floor":[60,60,60,60,60,60,60,60,60,60,60,60,60,60,60,60,60,60,60,60,60,60,60,60,60,60,60,60,60,60,60,60,60,60,60,60,60,60,60,60,60,60,60,60,60,60,60],"card_choices":[{"not_picked":["Quick Slash","Underhanded Strike"],"picked":"Terror","floor":1.0},{"not_picked":["Dagger Throw","Quick Slash"],"picked":"Blade Dance","floor":2.0},{"not_picked":["Quick Slash","Acrobatics"],"picked":"Blade Dance","floor":3.0},{"not_picked":["Backflip","Blade Dance","Quick Slash"],"picked":"SKIP","floor":5.0},{"not_picked":["Underhanded Strike","Dash"],"picked":"Tactician","floor":7.0},{"not_picked":["Slice","Dagger Spray"],"picked":"Finisher","floor":10.0},{"not_picked":["Poisoned Stab","Grand Finale","Deflect"],"picked":"SKIP","floor":12.0},{"not_picked":["Flechettes+1","Acrobatics"],"picked":"Calculated Gamble","floor":13.0},{"not_picked":["Bullet Time","Grand Finale+1"],"picked":"Die Die Die+1","floor":16.0},{"not_picked":["Finisher+1","Backflip","Poisoned Stab+1"],"picked":"SKIP","floor":18.0},{"not_picked":["Noxious Fumes+1","Dagger Throw+1","Dodge and Roll"],"picked":"SKIP","floor":20.0},{"not_picked":["Finisher+1","Flechettes+1"],"picked":"Footwork+1","floor":21.0},{"not_picked":["Setup","Noxious Fumes+1"],"picked":"PiercingWail","floor":22.0},{"not_picked":["Calculated Gamble","Poisoned Stab+1"],"picked":"Accuracy+1","floor":23.0},{"not_picked":["Slice+1","Dodge and Roll","Backflip"],"picked":"SKIP","floor":28.0},{"not_picked":["Flying Knee+1","Riddle With Holes+1","Backflip"],"picked":"SKIP","floor":31.0},{"not_picked":["Tools of the Trade+1","Corpse Explosion"],"picked":"Malaise","floor":33.0},{"not_picked":["Quick Slash+1","Poisoned Stab+1","Eviscerate+1"],"picked":"SKIP","floor":35.0},{"not_picked":["Dagger Spray+1","Poisoned Stab+1"],"picked":"Acrobatics","floor":36.0},{"not_picked":["Caltrops+1","Flying Knee+1"],"picked":"Prepared","floor":37.0},{"not_picked":["Crippling Poison","Poisoned Stab+1"],"picked":"Reflex","floor":38.0},{"not_picked":["Unload+1","Backstab+1","Quick Slash+1"],"picked":"SKIP","floor":39.0},{"not_picked":["Skewer+1","Deflect","Quick Slash+1"],"picked":"SKIP","floor":41.0}],"player_experience":4262880,"relics_obtained":[{"floor":7.0,"key":"WingedGreaves"},{"floor":9.0,"key":"Gremlin Horn"},{"floor":10.0,"key":"Bag of Marbles"},{"floor":13.0,"key":"Molten Egg 2"},{"floor":23.0,"key":"Pen Nib"},{"floor":26.0,"key":"Torii"},{"floor":43.0,"key":"HornCleat"}],"event_choices":[{"damage_healed":0.0,"max_hp_gain":0.0,"max_hp_loss":0.0,"gold_gain":0.0,"event_name":"Match and Keep!","player_choice":"2 cards matched","floor":4.0,"gold_loss":0.0,"damage_taken":0.0,"cards_obtained":["Backflip","Envenom"]},{"damage_healed":0.0,"max_hp_gain":0.0,"max_hp_loss":0.0,"gold_gain":30.0,"event_name":"Dead Adventurer","player_choice":"Searched \u00273\u0027 times","floor":10.0,"gold_loss":0.0,"damage_taken":0.0},{"damage_healed":0.0,"max_hp_gain":0.0,"max_hp_loss":0.0,"gold_gain":0.0,"cards_transformed":["Finisher","Poisoned Stab"],"event_name":"Drug Dealer","player_choice":"Became Test Subject","floor":25.0,"gold_loss":0.0,"damage_taken":0.0,"cards_obtained":["Riddle With Holes","Blur"]},{"damage_healed":0.0,"max_hp_gain":0.0,"max_hp_loss":0.0,"gold_gain":0.0,"event_name":"Match and Keep!","player_choice":"1 cards matched","floor":29.0,"gold_loss":0.0,"damage_taken":0.0,"cards_obtained":["A Thousand Cuts"]},{"damage_healed":0.0,"max_hp_gain":0.0,"max_hp_loss":0.0,"gold_gain":0.0,"event_name":"Match and Keep!","player_choice":"1 cards matched","floor":29.0,"gold_loss":0.0,"damage_taken":0.0,"cards_obtained":["A Thousand Cuts"]},{"damage_healed":0.0,"max_hp_gain":0.0,"max_hp_loss":0.0,"gold_gain":0.0,"event_name":"Mysterious Sphere","player_choice":"Ignored","floor":42.0,"gold_loss":0.0,"damage_taken":0.0},{"damage_healed":0,"gold_gain":0,"player_choice":"0 cards matched","damage_taken":0,"max_hp_gain":0,"max_hp_loss":0,"event_name":"Match and Keep!","floor":45,"gold_loss":0,"cards_obtained":[]}],"is_beta":false,"boss_relics":[{"not_picked":["Black Star","Busted Crown"],"picked":"Astrolabe"},{"not_picked":["Tiny House","Fusion Hammer"],"picked":"Empty Cage"}],"items_purged_floors":[14,44],"is_endless":false,"potions_floor_spawned":[1,2,3,13,16,20,31,35,37],"killed_by":"Transient","ascension_level":20}}