{"host":"22s5scuj7mu87reg","time":1610656518,"event":{"mods":["BaseMod","Colored Powertips","Dota2Spire","Downfall","Duelist Mod","GungeonMod","Halation","Hubris","Infinite Spire","Koishi","KomeijiMod","Minty Spire (QoL Compilation)","Replay The Spire","StSLib","SuperFastMode","The Jungle","The Mystic","The Necromancer","Wandering Minibosses"],"gold_per_floor":[117,117,117,42,142,142,157,171,171,171,182,182,182],"floor_reached":12,"language":"POL","playtime":383,"items_purged":["DemoMod:Strike_Huntress"],"score":68,"play_id":"d71476e3-bb31-49de-af32-65420705192c","local_time":"20210114213518","is_ascension_mode":false,"campfire_choices":[{"data":"DemoMod:PotionOfGunFriendShip","floor":6,"key":"SMITH"},{"data":"DemoMod:ManualReload","floor":10,"key":"SMITH"}],"circlet_count":0,"master_deck":["DemoMod:Strike_Huntress","DemoMod:Strike_Huntress","DemoMod:Defend_Huntress","DemoMod:Defend_Huntress","DemoMod:Defend_Huntress","DemoMod:Defend_Huntress","DemoMod:Roll","DemoMod:ManualReload+1","DemoMod:RustySidearm","DemoMod:CrossBow","DemoMod:PotionOfGunFriendShip+1","DemoMod:StickyCrossBow","DemoMod:DarkMarker","DemoMod:GunstockTap"],"relics":["DemoMod:Dog","NeowsBlessing","hubris:MobiusCoin","DemoMod:MemoryAlloy"],"acts_visited":["Exordium"],"potions_floor_usage":[],"damage_taken":[{"damage":0,"enemies":"Small Slimes","floor":1,"turns":1},{"damage":0,"enemies":"Jaw Worm","floor":7,"turns":1},{"damage":0,"enemies":"2 Louse","floor":8,"turns":2},{"damage":4,"enemies":"Red Slaver","floor":11,"turns":3},{"damage":74,"enemies":"3 Sentries","floor":12,"turns":12}],"seed_played":"-2540932655657084583","potions_obtained":[{"floor":8,"key":"Venom Potion"},{"floor":11,"key":"LifebloodPotion"}],"is_trial":false,"path_per_floor":["M","?","?","$","?","R","M","M","T","R","M","E"],"character_chosen":"HUNTRESS","items_purchased":[],"campfire_rested":0,"item_purchase_floors":[],"current_hp_per_floor":[70,70,70,70,70,70,70,70,70,70,66,0,0],"gold":182,"neow_bonus":"THREE_ENEMY_KILL","is_daily":false,"chose_seed":false,"campfire_upgraded":2,"win_rate":0.0,"timestamp":1610656518,"path_taken":["M","?","?","$","?","R","M","M","T","R","M","E"],"items_purchased_type":[],"build_version":"2020-12-13","purchased_purges":1,"victory":false,"max_hp_per_floor":[70,70,70,70,70,70,70,70,70,70,70,70,70],"card_choices":[{"not_picked":["DemoMod:ConditionalReflex","DemoMod:GunShield"],"picked":"DemoMod:PotionOfGunFriendShip","floor":1},{"not_picked":["DemoMod:MachoBrace","DemoMod:FastSwitch"],"picked":"DemoMod:StickyCrossBow","floor":7},{"not_picked":["DemoMod:PotionOfGunFriendShip","DemoMod:Unity"],"picked":"DemoMod:DarkMarker","floor":8},{"not_picked":["DemoMod:ConditionalReflex","DemoMod:PotionOfGunFriendShip"],"picked":"DemoMod:GunstockTap","floor":11}],"player_experience":137174,"relics_obtained":[{"floor":3,"key":"hubris:MobiusCoin"},{"floor":9,"key":"DemoMod:MemoryAlloy"}],"event_choices":[{"damage_healed":0,"gold_gain":100,"player_choice":"Pray","damage_taken":0,"max_hp_gain":0,"max_hp_loss":0,"event_name":"Golden Shrine","floor":5,"gold_loss":0}],"is_beta":false,"boss_relics":[],"items_purged_floors":[4],"is_endless":false,"potions_floor_spawned":[8,11],"killed_by":"3 Sentries","ascension_level":0}}