{"host":"ecaj4hn004xnnrw9","time":1610620112,"event":{"mods":["AchievementEnabler","BaseMod","Better Third Choice","Hermit","Hubris","Infinite Spire","Jorbs\u0027s Wanderer Trilogy","Minty Spire (QoL Compilation)","Quick Restart","Shop Mod","StSLib","The Construct","The Jungle","The Runesmith"],"gold_per_floor":[113,131,131,131,146,146,174,185,185,110,110,121,21,21,21,125,125,137,155,174,174,188,188,216,235,235,267,280,280,280,155,155,155,155,167,17,37,37,55,55,80,97,97,110,110,137,137,147,147,147],"floor_reached":51,"language":"ENG","playtime":729,"items_purged":["Judgement","Strike_P","Strike_P","Strike_P","Eruption","Defend_P"],"score":1634,"play_id":"96b635f1-6719-48da-ac9e-9dc5ff40146e","local_time":"20210114102832","is_ascension_mode":true,"campfire_choices":[{"data":"hubris:InfiniteBlow+36","floor":6,"key":"SMITH"},{"data":"hubris:InfiniteBlow+37","floor":11,"key":"SMITH"},{"data":"hubris:InfiniteBlow+38","floor":15,"key":"SMITH"},{"data":"hubris:InfiniteBlow+39","floor":23,"key":"SMITH"},{"data":"hubris:InfiniteBlow+40","floor":32,"key":"SMITH"},{"data":"hubris:InfiniteBlow+41","floor":40,"key":"SMITH"},{"data":"infinitespire:TheBestDefense","floor":47,"key":"SMITH"},{"data":"hubris:InfiniteBlow+42","floor":49,"key":"SMITH"}],"circlet_count":0,"master_deck":["hubris:InfiniteBlow+43","Defend_P","Defend_P","Vigilance","infinitespire:TheBestDefense+1"],"relics":["PureWater","Letter Opener","Blood Vial","infinitespire:Eraser","hubris:ScarierMask","Orichalcum","Vajra","StrikeDummy","Empty Cage","infinitespire:EmpoweringShard","infinitespire:FocusingShard","Yang","Runesmith:Locket"],"acts_visited":["Exordium","TheCity","TheBeyond"],"potions_floor_usage":[12,27],"damage_taken":[{"damage":0,"enemies":"infinitespire:Voidling","floor":1,"turns":1},{"damage":0,"enemies":"Jaw Worm","floor":2,"turns":2},{"damage":0,"enemies":"Small Slimes","floor":5,"turns":1},{"damage":0,"enemies":"Lagavulin","floor":7,"turns":3},{"damage":6,"enemies":"Looter","floor":8,"turns":3},{"damage":5,"enemies":"Gremlin Gang","floor":12,"turns":3},{"damage":0,"enemies":"The Guardian","floor":16,"turns":2},{"damage":0,"enemies":"Spheric Guardian","floor":18,"turns":2},{"damage":0,"enemies":"2 Thieves","floor":19,"turns":2},{"damage":0,"enemies":"Snake Plant","floor":20,"turns":2},{"damage":0,"enemies":"Sentry and Sphere","floor":22,"turns":2},{"damage":2,"enemies":"Slavers","floor":24,"turns":3},{"damage":0,"enemies":"Shelled Parasite and Fungi","floor":25,"turns":2},{"damage":0,"enemies":"Gremlin Leader","floor":27,"turns":1},{"damage":0,"enemies":"Snecko","floor":28,"turns":1},{"damage":0,"enemies":"Collector","floor":33,"turns":2},{"damage":0,"enemies":"3 Darklings","floor":35,"turns":2},{"damage":0,"enemies":"Orb Walker","floor":37,"turns":1},{"damage":0,"enemies":"Maw","floor":39,"turns":1},{"damage":0,"enemies":"Reptomancer","floor":41,"turns":1},{"damage":6,"enemies":"4 Shapes","floor":42,"turns":4},{"damage":1,"enemies":"Jaw Worm Horde","floor":44,"turns":2},{"damage":0,"enemies":"Giant Head","floor":46,"turns":1},{"damage":0,"enemies":"Transient","floor":48,"turns":1},{"damage":0,"enemies":"Time Eater","floor":50,"turns":1}],"seed_played":"-6758244983915372546","potions_obtained":[{"floor":1,"key":"Dexterity Potion"},{"floor":2,"key":"Explosive Potion"},{"floor":12,"key":"Swift Potion"},{"floor":20,"key":"SkillPotion"},{"floor":27,"key":"GamblersBrew"}],"is_trial":false,"path_per_floor":["M","M","?","T","M","R","E","M","T","$","R","M","$","?","R","B",null,"M","M","M","AVR","M","R","E","M","T","E","M","?","?","$","R","B",null,"M","$","M","?","M","R","E","M","T","M","AVR","E","R","M","R","B",null],"character_chosen":"WATCHER","items_purchased":[],"campfire_rested":0,"item_purchase_floors":[],"current_hp_per_floor":[65,65,70,70,70,70,70,66,66,66,66,63,63,63,63,65,74,76,77,77,77,77,77,75,77,77,77,77,77,59,59,59,61,73,75,75,77,77,77,77,77,71,71,72,72,74,74,76,76,77],"gold":147,"neow_bonus":"ONE_RANDOM_RARE_CARD","is_daily":false,"chose_seed":false,"campfire_upgraded":8,"win_rate":0.0,"timestamp":1610620112,"path_taken":["M","?","?","?","M","R","E","M","T","$","R","M","?","?","R","BOSS","M","M","M","AVR","M","R","E","M","T","E","?","?","?","?","R","BOSS","M","$","M","?","?","R","E","M","T","M","AVR","E","R","M","R","BOSS"],"items_purchased_type":[],"build_version":"2020-12-22","purchased_purges":6,"victory":true,"max_hp_per_floor":[72,72,77,77,77,77,77,77,77,77,77,77,77,77,77,77,77,77,77,77,77,77,77,77,77,77,77,77,77,77,77,77,77,77,77,77,77,77,77,77,77,77,77,77,77,77,77,77,77,77],"card_choices":[{"not_picked":["FollowUp","CrushJoints","Nirvana"],"picked":"SKIP","floor":1},{"not_picked":["CrushJoints","FollowUp","ThirdEye"],"picked":"SKIP","floor":2},{"not_picked":["EmptyMind","Crescendo","FollowUp"],"picked":"SKIP","floor":5},{"not_picked":["FlyingSleeves","EmptyFist","Tantrum"],"picked":"SKIP","floor":7},{"not_picked":["CrushJoints","Swivel","PathToVictory"],"picked":"SKIP","floor":8},{"not_picked":["CrushJoints","Swivel","PathToVictory"],"picked":"SKIP","floor":8},{"not_picked":["CrushJoints","Protect","JustLucky"],"picked":"SKIP","floor":12},{"not_picked":["Halt","WindmillStrike+1","EmptyFist"],"picked":"SKIP","floor":18},{"not_picked":["PathToVictory","Protect","Adaptation"],"picked":"SKIP","floor":19},{"not_picked":["ClearTheMind","Evaluate","ThirdEye+1"],"picked":"SKIP","floor":20},{"not_picked":["WreathOfFlame","Fasting2+1","PathToVictory"],"picked":"SKIP","floor":22},{"not_picked":["Adaptation","WaveOfTheHand","Wireheading+1"],"picked":"SKIP","floor":24},{"not_picked":["Fasting2+1","Devotion","DeceiveReality"],"picked":"SKIP","floor":25},{"not_picked":["Halt","Prostrate+1","Crescendo"],"picked":"SKIP","floor":27},{"not_picked":["Nirvana","ThirdEye","JustLucky"],"picked":"SKIP","floor":28},{"not_picked":["EmptyBody+1","FollowUp+1","Nirvana+1"],"picked":"SKIP","floor":35},{"not_picked":["EmptyFist+1","Consecrate","Wallop+1"],"picked":"SKIP","floor":37},{"not_picked":["Halt+1","Devotion","PathToVictory+1"],"picked":"SKIP","floor":39},{"not_picked":["Ragnarok","EmptyBody","DeusExMachina"],"picked":"SKIP","floor":41},{"not_picked":["WheelKick+1","Prostrate+1","Crescendo"],"picked":"SKIP","floor":42},{"not_picked":["WheelKick","Weave","Tantrum+1"],"picked":"SKIP","floor":44},{"not_picked":["JustLucky","Crescendo","DeceiveReality+1"],"picked":"SKIP","floor":46},{"not_picked":["Protect","ForeignInfluence+1","Weave+1"],"picked":"SKIP","floor":48}],"player_experience":311540,"relics_obtained":[{"floor":4,"key":"Letter Opener"},{"floor":7,"key":"Blood Vial"},{"floor":9,"key":"infinitespire:Eraser"},{"floor":24,"key":"Vajra"},{"floor":27,"key":"StrikeDummy"},{"floor":41,"key":"infinitespire:EmpoweringShard"},{"floor":43,"key":"infinitespire:FocusingShard"},{"floor":46,"key":"Runesmith:Locket"}],"event_choices":[{"damage_healed":0,"gold_gain":0,"player_choice":"Donut","damage_taken":0,"max_hp_gain":5,"max_hp_loss":0,"event_name":"Big Fish","floor":3,"gold_loss":0},{"damage_healed":0,"gold_gain":0,"player_choice":"0 cards matched","damage_taken":0,"max_hp_gain":0,"max_hp_loss":0,"event_name":"Match and Keep!","floor":14,"gold_loss":0,"cards_obtained":[]},{"damage_healed":25,"gold_gain":0,"player_choice":"Heal","damage_taken":0,"max_hp_gain":0,"max_hp_loss":0,"event_name":"The Library","floor":29,"gold_loss":0},{"damage_healed":0,"gold_gain":0,"player_choice":"Ignored","damage_taken":0,"max_hp_gain":0,"max_hp_loss":0,"event_name":"Transmorgrifier","floor":38,"gold_loss":0}],"is_beta":false,"boss_relics":[{"not_picked":["infinitespire:Cupcake","construct:ClawGrip"],"picked":"hubris:ScarierMask"},{"not_picked":["hubris:Stopwatch","hubris:BlackHole"],"picked":"Empty Cage"}],"items_purged_floors":[10,13,21,31,36,45],"is_endless":false,"potions_floor_spawned":[1,2,12,16,20,24,25,27,35,37,46,48],"ascension_level":8}}