{"host":"81vb4cbob60wa1na","time":1610654311,"event":{"mods":["BaseMod","Downfall","GifTheSpireLib","Hermit","Highlight Path","Minty Spire (QoL Compilation)","StSLib","The Cursed","The Disciple"],"gold_per_floor":[99,117,137,149,86,117,117,117,135,152,152,165,165,20,31,31,31,31],"floor_reached":16,"language":"ENG","playtime":681,"items_purged":[],"score":104,"play_id":"ddb19e00-6dd0-4c75-b8f5-370cb0a363ff","local_time":"20210114145831","is_ascension_mode":false,"campfire_choices":[{"data":"Slimebound:CorrosiveSpit","floor":1,"key":"SMITH"},{"floor":8,"key":"REST"},{"data":"Slimebound:MinionMaster","floor":11,"key":"SMITH"},{"data":"Slimebound:SplitLeeching","floor":13,"key":"SMITH"}],"circlet_count":0,"master_deck":["Slimebound:Strike_Slimebound","Slimebound:Strike_Slimebound","Slimebound:Strike_Slimebound","Slimebound:Tackle","Slimebound:Defend_Slimebound","Slimebound:Defend_Slimebound","Slimebound:Defend_Slimebound","Slimebound:Defend_Slimebound","Slimebound:Split","Slimebound:CorrosiveSpit+1","Slimebound:SplitMire","Slimebound:SplitBruiser","Slimebound:DisruptingSlam","Slimebound:PressTheAttack","Slimebound:SplitBruiser","Slimebound:MinionMaster+1","Slimebound:SplitAcid","Slimebound:SplitLeeching+1","Slimebound:PressTheAttack","Slimebound:LeechEnergy"],"relics":["Slimebound:AbsorbEndCombat","Girya","Bottled Lightning"],"acts_visited":["Exordium"],"potions_floor_usage":[6,12,14,15,16,16],"damage_taken":[{"damage":4,"enemies":"Cultist","floor":2,"turns":4},{"damage":12,"enemies":"Jaw Worm","floor":3,"turns":3},{"damage":15,"enemies":"Small Slimes","floor":4,"turns":4},{"damage":15,"enemies":"downfall:FleeingMerchant","floor":5,"turns":4},{"damage":43,"enemies":"Lagavulin","floor":6,"turns":4},{"damage":9,"enemies":"2 Fungi Beasts","floor":9,"turns":3},{"damage":28,"enemies":"Exordium Thugs","floor":10,"turns":3},{"damage":32,"enemies":"Large Slime","floor":12,"turns":3},{"damage":33,"enemies":"downfall:FleeingMerchant","floor":14,"turns":4},{"damage":8,"enemies":"3 Louse","floor":15,"turns":3},{"damage":60,"enemies":"downfall:Defect","floor":16,"turns":4}],"seed_played":"-6609249145050119377","potions_obtained":[{"floor":4,"key":"SteroidPotion"},{"floor":9,"key":"Slimebound:SpawnSlimePotion"},{"floor":10,"key":"Slimebound:SlimyTonguePotion"},{"floor":12,"key":"AttackPotion"}],"is_trial":false,"path_per_floor":["R","M","M","M","$","E","T","R","M","M","R","M","R","$","M","B"],"character_chosen":"SLIMEBOUND","items_purchased":["Slimebound:SplitBruiser","Guardian:BlockOnCardUsePotion","Fire Potion"],"campfire_rested":1,"item_purchase_floors":[5,14,14],"current_hp_per_floor":[66,66,66,65,66,37,37,56,61,53,53,41,41,30,32,0,0,0],"gold":31,"neow_bonus":"TEN_PERCENT_HP_BONUS","is_daily":false,"chose_seed":false,"campfire_upgraded":3,"win_rate":0.0,"timestamp":1610654311,"path_taken":["R","M","M","?","$","E","T","R","M","M","R","M","R","?","M","BOSS"],"items_purchased_type":["Card","Potion","Potion"],"build_version":"2020-12-22","purchased_purges":0,"victory":false,"max_hp_per_floor":[66,66,66,66,66,66,66,66,66,66,66,66,66,66,66,66,66,66],"card_choices":[{"not_picked":["Slimebound:LeechingTouch","Slimebound:Gluttony"],"picked":"Slimebound:SplitMire","floor":2},{"not_picked":["Slimebound:Repurpose","Slimebound:ComboTackle"],"picked":"Slimebound:SplitBruiser","floor":3},{"not_picked":["Slimebound:RollThrough","Slimebound:GrowthPunch"],"picked":"Slimebound:DisruptingSlam","floor":4},{"not_picked":["Slimebound:FlameTackle","Slimebound:GrowthPunch"],"picked":"Slimebound:PressTheAttack","floor":5},{"not_picked":["Slimebound:LeechEnergy","Slimebound:SlimeBarrage"],"picked":"Slimebound:MinionMaster","floor":6},{"not_picked":["Slimebound:LevelUp","Slimebound:Dissolve"],"picked":"Slimebound:SplitAcid","floor":9},{"not_picked":["Slimebound:ComboTackle","Slimebound:Grow"],"picked":"Slimebound:SplitLeeching","floor":10},{"not_picked":["Slimebound:FlameTackle","Slimebound:FinishingTackle"],"picked":"Slimebound:PressTheAttack","floor":12},{"not_picked":["Slimebound:LeechingTouch","Slimebound:SelfFormingGoo"],"picked":"Slimebound:LeechEnergy","floor":14},{"not_picked":["Slimebound:Replication","Slimebound:LeechEnergy","Slimebound:ProtectTheBoss"],"picked":"SKIP","floor":15}],"player_experience":240331,"relics_obtained":[{"floor":6,"key":"Girya"},{"floor":7,"key":"Bottled Lightning"}],"event_choices":[],"is_beta":false,"boss_relics":[],"items_purged_floors":[],"is_endless":false,"potions_floor_spawned":[4,9,10,12],"killed_by":"downfall:Defect","ascension_level":0}}