{"host":"khkox7sggahain0a","time":1610601734,"event":{"mods":["Act Like it!","Arknights The Spire","BaseMod","Downfall","Gensokyo","Lobotomy","LobotomyExtend","Marisa£®ÏF”Í°°ƒß¿Ì…≥£©","Minty Spire (QoL Compilation)","StSLib","The Animator","Waifu the Spire"],"gold_per_floor":[110,125,177,188,207,236,236,267,292,325,325,23,40,40,40,135,135,153,153,153],"floor_reached":1,"language":"ZHS","playtime":1235,"items_purged":[],"score":47,"play_id":"c4f2c170-9642-4746-b571-4e9edcccaca8","local_time":"20210114132214","is_ascension_mode":false,"campfire_choices":[{"floor":11.0,"key":"REST"},{"data":"ats:Poison Spread","floor":15.0,"key":"SMITH"}],"circlet_count":0,"master_deck":["ats:Strike C","ats:Strike G+1","ats:Strike S","ats:Strike V","ats:Armor Crushing Shot","ats:Defend","ats:Defend","ats:Defend","ats:Defend+1","ats:Emotion Absorption","ats:Hammer On","ats:Healing Drone","ats:Poison Spread+1","ats:Shell Defense","ats:Revitalization","ats:Flexible Camouflage","ats:Curse Doll","ats:Apocalypse","ats:Explosion Area Strengthen","ats:Disruption Kick","ats:Explosion Area Strengthen"],"relics":["ats:Sanity","ats:Originium","Orichalcum","Bird Faced Urn","Juzu Bracelet","Blue Candle","ats:Industrial Water Cannon","Turnip","Coffee Dripper"],"acts_visited":["Exordium","Exordium"],"potions_floor_usage":[],"damage_taken":[{"damage":6.0,"enemies":"Cultist","floor":1.0,"turns":4.0},{"damage":0.0,"enemies":"2 Louse","floor":2.0,"turns":3.0},{"damage":7.0,"enemies":"Small Slimes","floor":4.0,"turns":5.0},{"damage":5.0,"enemies":"3 Louse","floor":5.0,"turns":5.0},{"damage":60.0,"enemies":"Lagavulin","floor":6.0,"turns":8.0},{"damage":30.0,"enemies":"3 Sentries","floor":8.0,"turns":11.0},{"damage":47.0,"enemies":"Lagavulin","floor":10.0,"turns":9.0},{"damage":34.0,"enemies":"Gremlin Gang","floor":13.0,"turns":17.0},{"damage":69.0,"enemies":"The Guardian","floor":16.0,"turns":14.0},{"damage":9.0,"enemies":"Gensokyo:Chomper","floor":18.0,"turns":4.0},{"damage":2,"enemies":"Small Slimes","floor":1,"turns":1}],"seed_played":"-8886111345341153647","potions_obtained":[{"floor":1.0,"key":"AttackPotion"},{"floor":4.0,"key":"DistilledChaos"},{"floor":5.0,"key":"ColorlessPotion"},{"floor":18.0,"key":"SpeedPotion"}],"is_trial":false,"path_per_floor":["M","M","T","M","M","E","?","E","T","E","R","$","M","?","R","B",null,"M","?","M"],"character_chosen":"DOCTOR_CLASS","items_purchased":["ats:Industrial Water Cannon","ats:Apocalypse"],"campfire_rested":1,"item_purchase_floors":[12,12],"current_hp_per_floor":[66,66,66,70,72,27,13,31,31,4,25,25,72,65,65,51,72,63,0,0],"gold":153,"neow_bonus":"","is_daily":false,"chose_seed":false,"campfire_upgraded":1,"win_rate":0.0,"timestamp":1610601734,"path_taken":["M","?","?","M","M","E","?","E","T","E","R","$","M","?","R","BOSS","M","?","M"],"items_purchased_type":["Relic","Card"],"build_version":"2020-12-22","purchased_purges":0,"victory":false,"max_hp_per_floor":[72,72,72,72,72,72,72,72,72,72,72,72,72,72,72,72,72,72,1,1],"card_choices":[{"not_picked":["ats:Rapid Magazine","ats:Cat Scratch"],"picked":"ats:Hammer On","floor":1.0},{"not_picked":["ats:Revitalization","ats:Nebulous Foxfire"],"picked":"ats:Healing Drone","floor":2.0},{"not_picked":["ats:Cat Scratch","ats:Leaping Hammer"],"picked":"ats:Poison Spread","floor":4.0},{"not_picked":["ats:Revitalization","ats:Ignite"],"picked":"ats:Shell Defense","floor":5.0},{"not_picked":["ats:Shell Defense","ats:Counter Healing Mode"],"picked":"ats:Revitalization","floor":6.0},{"not_picked":["ats:Support Order","ats:Encircling Forest"],"picked":"ats:Flexible Camouflage","floor":8.0},{"not_picked":["ats:Durian","ats:Leaping Hammer"],"picked":"ats:Curse Doll","floor":10.0},{"not_picked":["ats:Poison Spread","ats:Cat Scratch"],"picked":"ats:Explosion Area Strengthen","floor":13.0},{"not_picked":["ats:Soul Rend","ats:Durian"],"picked":"ats:Disruption Kick","floor":16.0},{"not_picked":["ats:Apocalypse+1","ats:Very Hot Blade+1"],"picked":"ats:Explosion Area Strengthen","floor":18.0}],"player_experience":292268,"relics_obtained":[{"floor":1.0,"key":"LetterFromLob"},{"floor":6.0,"key":"ats:Originium"},{"floor":6.0,"key":"Orichalcum"},{"floor":8.0,"key":"ats:Originium"},{"floor":8.0,"key":"Bird Faced Urn"},{"floor":9.0,"key":"Juzu Bracelet"},{"floor":10.0,"key":"ats:Originium"},{"floor":10.0,"key":"Blue Candle"}],"event_choices":[{"damage_healed":0.0,"max_hp_gain":0.0,"max_hp_loss":0.0,"gold_gain":0.0,"event_name":"Shining Light","player_choice":"Entered Light","floor":7.0,"gold_loss":0.0,"damage_taken":14.0,"cards_upgraded":["ats:Strike G","ats:Defend"]},{"damage_healed":0.0,"max_hp_gain":0.0,"max_hp_loss":0.0,"gold_gain":0.0,"event_name":"Scrap Ooze","player_choice":"Success","floor":14.0,"gold_loss":0.0,"damage_taken":7.0,"relics_obtained":["Turnip"]}],"is_beta":false,"boss_relics":[{"not_picked":["Empty Cage","Philosopher\u0027s Stone"],"picked":"Coffee Dripper"}],"items_purged_floors":[],"is_endless":false,"potions_floor_spawned":[1,4,5,18],"killed_by":"Small Slimes","ascension_level":0}}