{"host":"tmzq6unyecs2p367","time":1610619970,"event":{"mods":["BaseMod","Koishi","Minty Spire (QoL Compilation)","StSLib","The Bug Knight","The Dragon Tamer","The Juggle","The Senshi"],"gold_per_floor":[114,114,114,130,150,180,180,206,206,219,246,124,158,172,172,277,277,290,19,19,19,35,35,66,79,104,115,115,128,128,140,140,235,235,254,11,11,22,22,22,50,60,60,90,102,119,167,186,186,186,186,186],"floor_reached":50,"language":"ENG","playtime":1945,"items_purged":["Regret"],"score":743,"play_id":"bc0cc90c-9632-4375-aae5-c6215b3c7382","local_time":"20210114112610","is_ascension_mode":true,"metric_token":531,"campfire_choices":[{"data":"DTMod:InvisibleFlame","floor":7.0,"key":"SMITH"},{"data":"DTMod:Dissolve","floor":15.0,"key":"SMITH"},{"data":"DTMod:CleansingStrike","floor":23.0,"key":"SMITH"},{"floor":28.0,"key":"REST"},{"data":"DTMod:ShadowImage","floor":30.0,"key":"SMITH"},{"data":"DTMod:DarkBreath","floor":32.0,"key":"SMITH"},{"data":"DTMod:Inferno","floor":40.0,"key":"SMITH"},{"floor":49.0,"key":"REST"}],"dtmod_dragon_data":[0,50,1,3,12,2],"circlet_count":0,"master_deck":["DTMod:Strike","DTMod:Strike","DTMod:Strike","DTMod:Strike","DTMod:DoubleHit","DTMod:TargetDefense","DTMod:TargetDefense","DTMod:TargetDefense","DTMod:SwitchingTactic","DTMod:InvisibleFlame+1","DTMod:Inferno+1","DTMod:ComboAttack","DTMod:PurifyingFlame","DTMod:BalancedStrike","DTMod:Dissolve+1","DTMod:Training+1","DTMod:MasterPlan+1","DTMod:Outburst+1","DTMod:Cover+1","DTMod:ShadowImage+1","DTMod:CleansingStrike+1","Pain","DTMod:MaximumCharge","DTMod:DarkBreath+1","DTMod:ResonanceForm+1","DTMod:BurningEnergy+1","Chrysalis+1","Jack Of All Trades+1","DTMod:TauntingStrike+1","DTMod:EchoTactic+1","DTMod:Training+1","DTMod:QuickFly+1"],"relics":["Runic Pyramid","Toxic Egg 2","Meat on the Bone","Ornamental Fan","Pear","Art of War","Potion Belt","Black Star","Membership Card","Frozen Egg 2","MutagenicStrength","WarpedTongs","DTMod:BasicTextbook","Blue Candle","Bag of Preparation","Velvet Choker","MealTicket","Du-Vu Doll","The Courier","Regal Pillow","Pen Nib","White Beast Statue","Ice Cream"],"acts_visited":["Exordium","TheCity","TheBeyond"],"potions_floor_usage":[50,50,50],"damage_taken":[{"damage":0.0,"enemies":"Small Slimes","floor":1.0,"turns":3.0},{"damage":0.0,"enemies":"2 Louse","floor":4.0,"turns":1.0},{"damage":3.0,"enemies":"Cultist","floor":5.0,"turns":3.0},{"damage":19.0,"enemies":"Lagavulin","floor":6.0,"turns":6.0},{"damage":3.0,"enemies":"3 Sentries","floor":8.0,"turns":3.0},{"damage":2.0,"enemies":"Exordium Thugs","floor":10.0,"turns":2.0},{"damage":13.0,"enemies":"Gremlin Nob","floor":13.0,"turns":4.0},{"damage":0.0,"enemies":"Blue Slaver","floor":14.0,"turns":2.0},{"damage":12.0,"enemies":"Slime Boss","floor":16.0,"turns":7.0},{"damage":2.0,"enemies":"Shell Parasite","floor":18.0,"turns":4.0},{"damage":15.0,"enemies":"3 Byrds","floor":22.0,"turns":4.0},{"damage":10.0,"enemies":"HollowMod:Nosk","floor":24.0,"turns":7.0},{"damage":5.0,"enemies":"Snecko","floor":25.0,"turns":6.0},{"damage":8.0,"enemies":"Centurion and Healer","floor":27.0,"turns":5.0},{"damage":0.0,"enemies":"Snake Plant","floor":29.0,"turns":3.0},{"damage":0.0,"enemies":"Snecko","floor":31.0,"turns":3.0},{"damage":16.0,"enemies":"Collector","floor":33.0,"turns":5.0},{"damage":0.0,"enemies":"Orb Walker","floor":35.0,"turns":2.0},{"damage":6.0,"enemies":"3 Darklings","floor":38.0,"turns":5.0},{"damage":1.0,"enemies":"Reptomancer","floor":41.0,"turns":5.0},{"damage":2.0,"enemies":"Jaw Worm Horde","floor":42.0,"turns":4.0},{"damage":0.0,"enemies":"HollowMod:StalkingDevout","floor":44.0,"turns":5.0},{"damage":1.0,"enemies":"Spire Growth","floor":45.0,"turns":3.0},{"damage":11.0,"enemies":"3 Darklings","floor":46.0,"turns":6.0},{"damage":12.0,"enemies":"2 Orb Walkers","floor":47.0,"turns":5.0},{"damage":5.0,"enemies":"Transient","floor":48.0,"turns":5.0},{"damage":69,"enemies":"Time Eater","floor":50,"turns":9}],"seed_played":"-3459336238491444978","potions_obtained":[{"floor":1.0,"key":"Explosive Potion"},{"floor":4.0,"key":"Weak Potion"},{"floor":6.0,"key":"Explosive Potion"},{"floor":16.0,"key":"SpeedPotion"},{"floor":22.0,"key":"PowerPotion"},{"floor":27.0,"key":"AttackPotion"},{"floor":31.0,"key":"Weak Potion"},{"floor":38.0,"key":"Dexterity Potion"},{"floor":39.0,"key":"PowerPotion"},{"floor":39.0,"key":"AttackPotion"},{"floor":39.0,"key":"SneckoOil"},{"floor":45.0,"key":"Weak Potion"},{"floor":46.0,"key":"SteroidPotion"},{"floor":47.0,"key":"Regen Potion"},{"floor":48.0,"key":"Weak Potion"}],"is_trial":false,"path_per_floor":["M","?","?","M","M","E","R","E","T","M","T","$","E","M","R","B",null,"M","$","?","?","M","R","E","M","T","M","R","M","R","M","R","B",null,"M","$","?","M","?","R","E","M","T","E","M","M","?","M","R","B"],"character_chosen":"THE_DT","items_purchased":["DTMod:MasterPlan+1","Membership Card","Frozen Egg 2","MealTicket","Chrysalis+1","Jack Of All Trades+1","PowerPotion"],"campfire_rested":2,"item_purchase_floors":[12,19,19,36,36,36,36],"current_hp_per_floor":[45,45,45,45,42,23,23,32,42,40,40,40,39,39,39,39,55,53,53,53,53,38,38,28,35,35,39,55,55,55,55,55,39,55,55,55,52,46,46,46,45,43,43,43,42,31,31,38,52,0,0,0],"gold":186,"neow_bonus":"BOSS_RELIC","is_daily":false,"chose_seed":false,"campfire_upgraded":6,"win_rate":0.0,"timestamp":1610619970,"path_taken":["M","?","?","M","M","E","R","E","T","?","?","?","E","M","R","BOSS","M","$","?","?","M","R","E","M","T","M","R","M","R","M","R","BOSS","M","$","?","M","?","R","E","?","T","E","M","M","?","M","R","BOSS"],"items_purchased_type":["Card","Relic","Relic","Relic","Card","Card","Potion"],"build_version":"2020-12-22","purchased_purges":1,"victory":false,"max_hp_per_floor":[45,45,45,45,45,45,45,45,55,55,55,55,55,55,55,55,55,55,55,55,55,55,55,55,55,55,55,55,55,55,55,55,55,55,55,55,52,52,52,52,52,52,52,52,52,52,52,52,52,52,52,52],"card_choices":[{"not_picked":["DTMod:Overwhelm","DTMod:BreakAttack"],"picked":"DTMod:InvisibleFlame","floor":1.0},{"not_picked":["DTMod:BlazingStrike","DTMod:BreakAttack"],"picked":"DTMod:ComboAttack","floor":4.0},{"not_picked":["DTMod:CalculatedDefense","DTMod:CleansingStrike"],"picked":"DTMod:PurifyingFlame","floor":5.0},{"not_picked":["DTMod:FlameSlash","DTMod:Cover+1"],"picked":"DTMod:BalancedStrike","floor":6.0},{"not_picked":["DTMod:Feint","DTMod:CalculatedDefense"],"picked":"DTMod:Dissolve","floor":8.0},{"not_picked":["DTMod:BlazingStrike","DTMod:Observe+1"],"picked":"DTMod:Training+1","floor":10.0},{"not_picked":["DTMod:StunTrap+1","DTMod:BizarreTactic+1"],"picked":"DTMod:Outburst+1","floor":13.0},{"not_picked":["DTMod:CleansingStrike","DTMod:Shift+1"],"picked":"DTMod:Cover+1","floor":14.0},{"not_picked":["DTMod:Inferno","DTMod:OpeningTactic"],"picked":"DTMod:ShadowImage","floor":16.0},{"not_picked":["DTMod:BlazingStrike","DTMod:HeatWave"],"picked":"DTMod:CleansingStrike","floor":18.0},{"not_picked":["DTMod:MagicField+1","DTMod:Feint","DTMod:Cover+1"],"picked":"SKIP","floor":22.0},{"not_picked":["DTMod:BuildUp","DTMod:TagTeam+1","DTMod:MagicField+1"],"picked":"SKIP","floor":24.0},{"not_picked":["DTMod:BurningEnergy+1","DTMod:Cover+1"],"picked":"DTMod:MaximumCharge","floor":25.0},{"not_picked":["DTMod:StarRain+1","DTMod:Threaten+1","DTMod:MagicField+1"],"picked":"SKIP","floor":27.0},{"not_picked":["DTMod:BlazingStrike","DTMod:BlueScale+1","DTMod:Observe+1"],"picked":"SKIP","floor":29.0},{"not_picked":["DTMod:QuickFly","DTMod:Punisher"],"picked":"DTMod:DarkBreath","floor":31.0},{"not_picked":["DTMod:SealedStrike","DTMod:HeadStart+1"],"picked":"DTMod:ResonanceForm+1","floor":33.0},{"not_picked":["DTMod:Punisher+1","DTMod:BlazingStrike+1"],"picked":"DTMod:BurningEnergy+1","floor":35.0},{"not_picked":["DTMod:BreakAttack","DTMod:Training+1"],"picked":"DTMod:TauntingStrike+1","floor":38.0},{"not_picked":["DTMod:Hide+1","DTMod:CleansingStrike","DTMod:CalculatedDefense+1"],"picked":"SKIP","floor":41.0},{"not_picked":["DTMod:Weaken+1","DTMod:WarmUp+1","DTMod:QuickFly+1"],"picked":"SKIP","floor":42.0},{"not_picked":["DTMod:Threaten+1","DTMod:Haste+1","DTMod:GhostSkin+1"],"picked":"SKIP","floor":44.0},{"not_picked":["DTMod:BlazingStrike+1","DTMod:Punisher+1"],"picked":"DTMod:EchoTactic+1","floor":45.0},{"not_picked":["DTMod:DarkBreath","DTMod:BalancedStrike"],"picked":"DTMod:Training+1","floor":46.0},{"not_picked":["DTMod:DeepFocus+1","DTMod:MasterPlan+1"],"picked":"DTMod:QuickFly+1","floor":47.0},{"not_picked":["DTMod:BlazingStrike+1","DTMod:StarRain","DTMod:MasterPlan+1"],"picked":"SKIP","floor":48.0}],"player_experience":1841509,"relics_obtained":[{"floor":6.0,"key":"Meat on the Bone"},{"floor":8.0,"key":"Ornamental Fan"},{"floor":9.0,"key":"Pear"},{"floor":11.0,"key":"Art of War"},{"floor":13.0,"key":"Potion Belt"},{"floor":24.0,"key":"DTMod:BasicTextbook"},{"floor":24.0,"key":"Blue Candle"},{"floor":26.0,"key":"Bag of Preparation"},{"floor":41.0,"key":"Du-Vu Doll"},{"floor":41.0,"key":"The Courier"},{"floor":43.0,"key":"Regal Pillow"},{"floor":44.0,"key":"Pen Nib"},{"floor":44.0,"key":"White Beast Statue"},{"floor":47.0,"key":"Ice Cream"}],"event_choices":[{"damage_healed":0.0,"max_hp_gain":0.0,"max_hp_loss":0.0,"gold_gain":0.0,"event_name":"Big Fish","player_choice":"Box","floor":2.0,"gold_loss":0.0,"damage_taken":0.0,"relics_obtained":["Toxic Egg 2"],"cards_obtained":["Regret"]},{"damage_healed":0.0,"max_hp_gain":0.0,"max_hp_loss":0.0,"gold_gain":0.0,"cards_transformed":["DTMod:TargetDefense"],"event_name":"Transmorgrifier","player_choice":"Transformed","floor":3.0,"gold_loss":0.0,"damage_taken":0.0,"cards_obtained":["DTMod:Inferno"]},{"damage_healed":0.0,"max_hp_gain":0.0,"max_hp_loss":0.0,"gold_gain":0.0,"event_name":"Drug Dealer","player_choice":"Inject Mutagens","floor":20.0,"gold_loss":0.0,"damage_taken":0.0,"relics_obtained":["MutagenicStrength"]},{"damage_healed":0.0,"max_hp_gain":0.0,"max_hp_loss":0.0,"gold_gain":0.0,"event_name":"Accursed Blacksmith","player_choice":"Rummage","floor":21.0,"gold_loss":0.0,"damage_taken":0.0,"relics_obtained":["WarpedTongs"],"cards_obtained":["Pain"]},{"damage_healed":0.0,"max_hp_gain":0.0,"max_hp_loss":3.0,"gold_gain":0.0,"event_name":"Winding Halls","player_choice":"Max HP","floor":37.0,"gold_loss":0.0,"damage_taken":0.0},{"damage_healed":0.0,"max_hp_gain":0.0,"max_hp_loss":0.0,"gold_gain":0.0,"event_name":"Lab","player_choice":"Got Potions","floor":39.0,"gold_loss":0.0,"damage_taken":0.0},{"damage_healed":0.0,"max_hp_gain":0.0,"max_hp_loss":0.0,"gold_gain":0.0,"event_name":"Mysterious Sphere","player_choice":"Fight","floor":47.0,"gold_loss":0.0,"damage_taken":0.0}],"is_beta":false,"boss_relics":[{"not_picked":["Pandora\u0027s Box","theSenshi:MoonKaleidoScopeRelic"],"picked":"Black Star"},{"not_picked":["SlaversCollar","SacredBark"],"picked":"Velvet Choker"}],"items_purged_floors":[12],"is_endless":false,"potions_floor_spawned":[1,4,6,16,22,27,31,38,45,46,47,48],"killed_by":"Time Eater","ascension_level":4}}