{"host":"56c2xpjnpymkv18q","time":1610635972,"event":{"mods":["Act Like it!","Aspiration","BaseMod","Lobotomy","LobotomyExtend","Minty Spire (QoL Compilation)","Quick Restart","Relic Stats","Replay The Spire","Spicy Shops","StSLib","The Jungle","The Marked"],"gold_per_floor":[110,110,110,110,131,131,131],"floor_reached":6,"language":"ZHS","playtime":249,"items_purged":[],"score":49,"play_id":"494cb984-8518-46d5-95f7-d2799c7523db","local_time":"20210114225252","daily_mods":["Heirloom","Flight","DeadlyEvents","Elite Swarm"],"is_ascension_mode":true,"campfire_choices":[],"circlet_count":0,"master_deck":["theMarked:Strike","theMarked:Strike","theMarked:Strike","theMarked:Strike","theMarked:Strike","theMarked:Defend","theMarked:Defend","theMarked:Defend","theMarked:Defend","theMarked:SoldierOfQuellstein","theMarked:Overcharge","theMarked:StartUp"],"relics":["theMarked:ArtifactOfAir","Shovel","LetterFromLob","theMarked:DemonDagger","Golden Idol"],"acts_visited":["Exordium"],"potions_floor_usage":[6],"damage_taken":[{"damage":10,"enemies":"2 Louse","floor":1,"turns":2},{"damage":10,"enemies":"Small Slimes","floor":5,"turns":4},{"damage":22,"enemies":"Lagavulin","floor":6,"turns":5}],"seed_played":"-4150934028924260409","potions_obtained":[{"floor":1,"key":"Adrenaline Potion"}],"is_trial":true,"path_per_floor":["M","?","?","?","M","E"],"character_chosen":"THE_DEFAULT","items_purchased":[],"campfire_rested":0,"item_purchase_floors":[],"current_hp_per_floor":[53,53,36,36,26,4,4],"gold":131,"neow_bonus":"","is_daily":false,"chose_seed":false,"campfire_upgraded":0,"win_rate":0.0,"timestamp":1610635972,"path_taken":["M","?","?","?","M","E"],"items_purchased_type":[],"build_version":"2020-12-22","purchased_purges":0,"victory":false,"max_hp_per_floor":[70,70,70,70,70,70,70],"relic_stats":{"Shovel":0,"counters":[3,11],"Golden Idol":4,"obtain_stats":[{"theMarked:ArtifactOfAir":0,"theMarked:DemonDagger":2,"Shovel":0,"Golden Idol":3,"LetterFromLob":1},{"theMarked:ArtifactOfAir":0,"theMarked:DemonDagger":1,"Shovel":0,"Golden Idol":1,"LetterFromLob":1},{"theMarked:ArtifactOfAir":0,"theMarked:DemonDagger":2,"Shovel":0,"Golden Idol":2,"LetterFromLob":2}]},"card_choices":[{"not_picked":["theMarked:Generate","theMarked:Overthink"],"picked":"theMarked:Overcharge","floor":1},{"not_picked":["theMarked:EmpowerWeapon","theMarked:Static"],"picked":"theMarked:StartUp","floor":5}],"player_experience":145478,"relics_obtained":[{"floor":1,"key":"LetterFromLob"}],"event_choices":[{"damage_healed":0,"gold_gain":0,"player_choice":"Box","damage_taken":0,"relics_obtained":["theMarked:DemonDagger"],"max_hp_gain":0,"max_hp_loss":0,"event_name":"Big Fish","floor":2,"gold_loss":0,"cards_obtained":["Regret"]},{"damage_healed":0,"gold_gain":0,"player_choice":"Take Damage","damage_taken":17,"relics_obtained":["Golden Idol"],"max_hp_gain":0,"max_hp_loss":0,"event_name":"Golden Idol","floor":3,"gold_loss":0},{"cards_removed":["Regret"],"damage_healed":0,"gold_gain":0,"player_choice":"Forget","damage_taken":0,"max_hp_gain":0,"max_hp_loss":0,"event_name":"Living Wall","floor":4,"gold_loss":0}],"is_beta":false,"boss_relics":[],"items_purged_floors":[],"is_endless":true,"potions_floor_spawned":[1],"killed_by":"Lagavulin","ascension_level":9}}