{"host":"8suwxzmsh8pwn3fh","time":1610668771,"event":{"mods":["BaseMod","Colored Map","Curses Come First","Dark Map","Hubris","Infinite Spire","Minty Spire (QoL Compilation)","Replay The Spire","StSLib","The Necromancer"],"gold_per_floor":[117,117,143,159,173,204,204,216,242,20,20,20,20],"floor_reached":12,"language":"ENG","playtime":516,"items_purged":["Defend_W"],"score":78,"play_id":"a64b9bfc-12cc-4a08-9679-bf21016e730d","local_time":"20210115005931","is_ascension_mode":false,"campfire_choices":[{"floor":7,"key":"REST"},{"floor":11,"key":"REST"}],"circlet_count":0,"master_deck":["Strike_W","Strike_W","Strike_W","Strike_W","Defend_W","Defend_W","Defend_W","Negative_Energy_Arrows","Bone_Wall","Negative_Energy_Shield","Spectral_Armor","Death_March_Dance","Corrupt","Bone_Armory","Bone_Wall"],"relics":["Vampire_Amulet","NeowsBlessing","Tiny Chest","MealTicket","Nunchaku","DollysMirror"],"acts_visited":["Exordium"],"potions_floor_usage":[],"damage_taken":[{"damage":0,"enemies":"2 Louse","floor":1,"turns":1},{"damage":0,"enemies":"Cultist","floor":4,"turns":1},{"damage":0,"enemies":"Small Slimes","floor":5,"turns":1},{"damage":66,"enemies":"Gremlin Nob","floor":6,"turns":7},{"damage":1,"enemies":"Red Slaver","floor":8,"turns":9},{"damage":40,"enemies":"Lagavulin","floor":12,"turns":13}],"seed_played":"-5599071469522100145","potions_obtained":[{"floor":4,"key":"SteroidPotion"},{"floor":5,"key":"SteroidPotion"}],"is_trial":false,"path_per_floor":["M","?","T","M","M","E","R","M","T","$","R","E"],"character_chosen":"NECROMANCER","items_purchased":["DollysMirror"],"campfire_rested":2,"item_purchase_floors":[10],"current_hp_per_floor":[75,75,75,75,75,11,33,34,34,49,71,31,31],"gold":20,"neow_bonus":"THREE_ENEMY_KILL","is_daily":false,"chose_seed":false,"campfire_upgraded":0,"win_rate":0.0,"timestamp":1610668771,"path_taken":["M","?","?","M","?","E","R","M","T","$","R","E"],"items_purchased_type":["Relic"],"build_version":"2020-12-22","purchased_purges":1,"victory":false,"max_hp_per_floor":[75,75,75,75,75,75,75,75,75,75,75,75,75],"card_choices":[{"not_picked":["Stop_Heart","Chill_Blood"],"picked":"Negative_Energy_Shield","floor":1},{"not_picked":["Negative_Energy_Burst","Negative_Energy_Mist"],"picked":"Spectral_Armor","floor":4},{"not_picked":["Acid_Javelin","Bones_to_Steel"],"picked":"Death_March_Dance","floor":5},{"not_picked":["Blood_Wake","Bone_Bullets"],"picked":"Corrupt","floor":6},{"not_picked":["Blood_Whip","Toxic_Smoke_Screen"],"picked":"Bone_Armory","floor":8}],"player_experience":376947,"relics_obtained":[{"floor":3,"key":"Tiny Chest"},{"floor":6,"key":"MealTicket"},{"floor":9,"key":"Nunchaku"}],"event_choices":[{"damage_healed":0,"gold_gain":0,"player_choice":"Leave","damage_taken":0,"max_hp_gain":0,"max_hp_loss":0,"event_name":"The Cleric","floor":2,"gold_loss":0}],"is_beta":false,"boss_relics":[],"items_purged_floors":[10],"is_endless":false,"potions_floor_spawned":[4,5],"killed_by":"Lagavulin","ascension_level":0}}