{"host":"oehe2dxjvdgux73m","time":1610590347,"event":{"mods":["AchievementEnabler","BaseMod","Colored Map","Colored Powertips","DeckTracker","Keyboard Shortcuts","Minty Spire (QoL Compilation)","Permanent Neow","Quick Restart","StSLib","SuperFastMode"],"gold_per_floor":[117,192,210,210,135,135,135,154,180,180,180,215,232,250,250,250,250],"floor_reached":16,"language":"KOR","playtime":529,"items_purged":["Strike_R"],"score":140,"play_id":"ffcf8408-0167-4233-b985-a8d35c9ab8d6","local_time":"20210114111227","is_ascension_mode":true,"campfire_choices":[{"data":"Shrug It Off","floor":6.0,"key":"SMITH"},{"data":"Sword Boomerang","floor":11.0,"key":"SMITH"},{"data":"Body Slam","floor":15.0,"key":"SMITH"}],"circlet_count":0,"master_deck":["Strike_R","Defend_R","Defend_R","Defend_R","Defend_R","Bash","Entrench","Rage","Shrug It Off+1","Sword Boomerang+1","Body Slam+1","Wild Strike","Thunderclap"],"relics":["Burning Blood","Anchor","Singing Bowl"],"acts_visited":["Exordium"],"potions_floor_usage":[16],"damage_taken":[{"damage":15.0,"enemies":"Jaw Worm","floor":1.0,"turns":5.0},{"damage":2.0,"enemies":"Small Slimes","floor":3.0,"turns":6.0},{"damage":0.0,"enemies":"2 Louse","floor":8.0,"turns":4.0},{"damage":26.0,"enemies":"Lagavulin","floor":12.0,"turns":8.0},{"damage":0.0,"enemies":"Blue Slaver","floor":13.0,"turns":4.0},{"damage":0.0,"enemies":"3 Louse","floor":14.0,"turns":3.0},{"damage":60,"enemies":"Hexaghost","floor":16,"turns":10}],"seed_played":"7631898511391094067","potions_obtained":[{"floor":3.0,"key":"LiquidMemories"},{"floor":8.0,"key":"BloodPotion"},{"floor":13.0,"key":"Regen Potion"}],"is_trial":false,"path_per_floor":["M","?","M","?","$","R","$","M","T","?","R","E","M","M","R","B"],"character_chosen":"IRONCLAD","items_purchased":[],"campfire_rested":0,"item_purchase_floors":[],"current_hp_per_floor":[42,31,35,28,28,28,28,34,34,34,34,30,36,42,42,0,0],"gold":250,"neow_bonus":"TRANSFORM_TWO_CARDS","is_daily":false,"chose_seed":false,"campfire_upgraded":3,"win_rate":0.0,"timestamp":1610590347,"path_taken":["M","?","M","?","$","R","$","M","T","?","R","E","M","M","R","BOSS"],"items_purchased_type":[],"build_version":"2020-12-22","purchased_purges":1,"victory":false,"max_hp_per_floor":[80,80,80,80,80,80,80,80,80,80,80,80,80,80,80,80,80],"card_choices":[{"not_picked":["Flex","Fire Breathing"],"picked":"Shrug It Off","floor":1.0},{"not_picked":["Perfected Strike","True Grit","Warcry"],"picked":"SKIP","floor":3.0},{"not_picked":["Clash","Flex"],"picked":"Sword Boomerang","floor":8.0},{"not_picked":["Intimidate","Perfected Strike"],"picked":"Body Slam","floor":12.0},{"not_picked":["Entrench","Disarm"],"picked":"Wild Strike","floor":13.0},{"not_picked":["Blood for Blood","Uppercut"],"picked":"Thunderclap","floor":14.0}],"player_experience":167142,"relics_obtained":[{"floor":9.0,"key":"Anchor"},{"floor":12.0,"key":"Singing Bowl"}],"event_choices":[{"damage_healed":0.0,"max_hp_gain":0.0,"max_hp_loss":0.0,"gold_gain":75.0,"event_name":"World of Goop","player_choice":"Gather Gold","floor":2.0,"gold_loss":0.0,"damage_taken":11.0},{"cards_removed":["Strike_R"],"damage_healed":0.0,"max_hp_gain":0.0,"max_hp_loss":0.0,"gold_gain":0.0,"event_name":"Golden Wing","player_choice":"Card Removal","floor":4.0,"gold_loss":0.0,"damage_taken":7.0},{"damage_healed":0.0,"max_hp_gain":0.0,"max_hp_loss":0.0,"gold_gain":0.0,"event_name":"Dead Adventurer","player_choice":"Searched \u00271\u0027 times","floor":10.0,"gold_loss":0.0,"damage_taken":0.0},{"damage_healed":0.0,"max_hp_gain":0.0,"max_hp_loss":0.0,"gold_gain":0.0,"event_name":"Dead Adventurer","player_choice":"Searched \u00271\u0027 times","floor":10.0,"gold_loss":0.0,"damage_taken":0.0},{"damage_healed":0.0,"max_hp_gain":0.0,"max_hp_loss":0.0,"gold_gain":0.0,"event_name":"Dead Adventurer","player_choice":"Searched \u00271\u0027 times","floor":10.0,"gold_loss":0.0,"damage_taken":0.0}],"is_beta":false,"boss_relics":[],"items_purged_floors":[5],"is_endless":false,"potions_floor_spawned":[3,8,13],"killed_by":"Hexaghost","ascension_level":8}}