{"host":"6ilae7ewjeys3uzr","time":1610649408,"event":{"mods":["AchievementEnabler","BaseMod","Hermit","Marisa????????","Minty Spire (QoL Compilation)","Quick Restart","StSLib","The Cursed"],"gold_per_floor":[119,119,294,219,219,119,119,129,129,154,170,170,45,56,56,161,211,227,152,168,185,35,35,47,47,47,47,47,47,47],"floor_reached":29,"language":"ENG","playtime":544,"items_purged":["Doubt","Strike_B","Defend_B","Defend_B"],"score":246,"play_id":"a8285060-d680-479d-9c29-89a02b80a71b","local_time":"20210114193648","is_ascension_mode":false,"campfire_choices":[{"data":"Zap","floor":7,"key":"SMITH"},{"data":"Dualcast","floor":15,"key":"SMITH"},{"floor":23,"key":"REST"},{"floor":27,"key":"REST"},{"floor":29,"key":"REST"}],"circlet_count":0,"master_deck":["Strike_B+1","Defend_B","Defend_B","Zap+1","Dualcast+1"],"relics":["Cracked Core","NeowsBlessing","Mummified Hand","Vajra","Tiny House","Shuriken"],"acts_visited":["Exordium","TheCity"],"potions_floor_usage":[16,16,20,20,21],"damage_taken":[{"damage":0,"enemies":"Small Slimes","floor":1,"turns":1},{"damage":0,"enemies":"Jaw Worm","floor":8,"turns":1},{"damage":0,"enemies":"3 Sentries","floor":10,"turns":1},{"damage":0,"enemies":"2 Louse","floor":11,"turns":2},{"damage":17,"enemies":"Gremlin Gang","floor":14,"turns":5},{"damage":34,"enemies":"Slime Boss","floor":16,"turns":8},{"damage":17,"enemies":"Spheric Guardian","floor":18,"turns":4},{"damage":10,"enemies":"2 Thieves","floor":20,"turns":3},{"damage":43,"enemies":"Sentry and Sphere","floor":21,"turns":6},{"damage":29,"enemies":"3 Cultists","floor":24,"turns":6}],"seed_played":"-3449049873632597388","potions_obtained":[{"floor":5,"key":"SneckoOil"},{"floor":5,"key":"FearPotion"},{"floor":5,"key":"Fire Potion"},{"floor":8,"key":"Fire Potion"},{"floor":11,"key":"FocusPotion"},{"floor":17,"key":"LiquidMemories"},{"floor":18,"key":"Explosive Potion"},{"floor":24,"key":"Fire Potion"}],"is_trial":false,"path_per_floor":["M","?","?","$","?","$","R","M","T","E","M","?","$","M","R","B",null,"M","?","M","M","$","R","M","$","T","R","?","R"],"character_chosen":"DEFECT","items_purchased":[],"campfire_rested":3,"item_purchase_floors":[],"current_hp_per_floor":[75,80,80,80,80,80,80,80,80,80,80,80,80,63,63,29,85,68,68,58,15,15,40,11,11,11,36,36,61,61],"gold":47,"neow_bonus":"THREE_ENEMY_KILL","is_daily":false,"chose_seed":false,"campfire_upgraded":2,"win_rate":0.0,"timestamp":1610649408,"path_taken":["M","?","?","$","?","$","R","M","T","E","?","?","?","M","R","BOSS","M","?","M","M","$","R","M","$","T","R","?","R"],"items_purchased_type":[],"build_version":"2020-12-22","purchased_purges":4,"victory":false,"max_hp_per_floor":[75,80,80,80,80,80,80,80,80,80,80,80,80,80,80,80,85,85,85,85,85,85,85,85,85,85,85,85,85,85],"card_choices":[{"not_picked":["Hologram","Redo","Turbo"],"picked":"SKIP","floor":1},{"not_picked":["Ball Lightning","Gash","Tempest"],"picked":"SKIP","floor":8},{"not_picked":["Ball Lightning","Gash","Tempest"],"picked":"SKIP","floor":8},{"not_picked":["Stack","Ball Lightning","Cold Snap"],"picked":"SKIP","floor":10},{"not_picked":["Ball Lightning","Undo","Fusion"],"picked":"SKIP","floor":11},{"not_picked":["Heatsinks","Compile Driver","Blizzard"],"picked":"SKIP","floor":14},{"not_picked":["Leap","Coolheaded","Storm+1"],"picked":"SKIP","floor":18},{"not_picked":["Compile Driver","Coolheaded","Leap"],"picked":"SKIP","floor":20},{"not_picked":["Reinforced Body","Gash","FTL+1"],"picked":"SKIP","floor":21},{"not_picked":["Steam","Sweeping Beam","Aggregate"],"picked":"SKIP","floor":24}],"player_experience":253690,"relics_obtained":[{"floor":9,"key":"Mummified Hand"},{"floor":10,"key":"Vajra"},{"floor":26,"key":"Shuriken"}],"event_choices":[{"damage_healed":0,"gold_gain":0,"player_choice":"Donut","damage_taken":0,"max_hp_gain":5,"max_hp_loss":0,"event_name":"Big Fish","floor":2,"gold_loss":0},{"damage_healed":0,"gold_gain":175,"player_choice":"AGREE","damage_taken":0,"max_hp_gain":0,"max_hp_loss":0,"event_name":"Liars Game","floor":3,"gold_loss":0,"cards_obtained":["Doubt"]},{"damage_healed":0,"gold_gain":0,"player_choice":"Got Potions","damage_taken":0,"max_hp_gain":0,"max_hp_loss":0,"event_name":"Lab","floor":5,"gold_loss":0},{"cards_removed":["Strike_B"],"damage_healed":0,"gold_gain":0,"player_choice":"Forget","damage_taken":0,"max_hp_gain":0,"max_hp_loss":0,"event_name":"Living Wall","floor":12,"gold_loss":0},{"cards_removed":["Strike_B"],"damage_healed":0,"gold_gain":0,"player_choice":"Gave Gold","damage_taken":0,"max_hp_gain":0,"max_hp_loss":0,"event_name":"Beggar","floor":19,"gold_loss":75},{"damage_healed":0,"gold_gain":0,"player_choice":"Ignored","damage_taken":0,"max_hp_gain":0,"max_hp_loss":0,"event_name":"Duplicator","floor":28,"gold_loss":0}],"is_beta":false,"boss_relics":[{"not_picked":["Ectoplasm","Sozu"],"picked":"Tiny House"}],"items_purged_floors":[4,6,13,22],"is_endless":false,"potions_floor_spawned":[8,11,18,24],"ascension_level":0}}