{"host":"ix2a18c4ohfsrslv","time":1610659584,"event":{"mods":["Bard","BaseMod","Better Third Choice","Downfall","Minty Spire (QoL Compilation)","Replay The Spire","StSLib"],"gold_per_floor":[116,133,133,144,144,144,156,156,156,169,189,189,203,228,228,330,330,346,149,149,149,166,176,176,194,246,246,161,61,26,43,43,146,146,157,32,95,95,105,105,105,105],"floor_reached":41,"language":"ENG","playtime":4259,"items_purged":["bard:Strike","bard:Strike","bard:Strike"],"score":493,"play_id":"58c0d249-c7f0-4e6a-a8f8-2ca5471fe473","local_time":"20210114132624","is_ascension_mode":false,"campfire_choices":[{"data":"bard:QuickSong","floor":6,"key":"SMITH"},{"data":"bard:Thunderwave","floor":8,"key":"SMITH"},{"data":"bard:Encore","floor":12,"key":"SMITH"},{"data":"bard:HideousLaughter","floor":15,"key":"SMITH"},{"floor":24,"key":"REST"},{"floor":32,"key":"REST"},{"floor":40,"key":"REST"}],"circlet_count":0,"master_deck":["bard:Defend","bard:Defend","bard:Defend","bard:Defend","bard:Riposte","bard:Inspire+1","bard:InspiringSong","bard:QuickSong+1","bard:Thunderwave+1","bard:ViciousMockery","bard:Greatness","bard:Encore+1","bard:HideousLaughter+1","bard:LingeringPerformance","bard:MagnumOpus","AbeCurse","bard:DiscordantVoice","bard:SixFourTime","bard:SongBolt","bard:InspiringSong","bard:Sift","bard:Gamble","sneckomod:Bewildered","bard:Shout","bard:Sonata","Writhe","Shame","Sickly","bard:CuttingWords","bard:LingeringEcho+1","bard:DeathMetal","bard:PhantasmalForce"],"relics":["bard:PitchPipe","bard:BagPipes","NeowsBlessing","Toy Ornithopter","Iron Hammer","Replay:Grab Bag","Abe\u0027s Treasure","Cursed Key","Snecko Heart","White Beast Statue","Ancient Tea Set","Strawberry","Replay:Ancient Bell","Bag of Preparation","Shuriken","bard:CoralOrchestra","Bag of Marbles"],"acts_visited":["Exordium","TheCity","TheBeyond"],"potions_floor_usage":[16,16,22,23,23,31,33,39,39,41],"damage_taken":[{"damage":0,"enemies":"Small Slimes","floor":1,"turns":2},{"damage":0,"enemies":"Cultist","floor":2,"turns":1},{"damage":0,"enemies":"Jaw Worm","floor":4,"turns":1},{"damage":3,"enemies":"Blue Slaver","floor":7,"turns":5},{"damage":0,"enemies":"Large Slime","floor":10,"turns":5},{"damage":0,"enemies":"Red Slaver","floor":11,"turns":6},{"damage":2,"enemies":"Blue Slaver","floor":13,"turns":3},{"damage":1,"enemies":"Replay:BlueRogue","floor":14,"turns":4},{"damage":8,"enemies":"Slime Boss","floor":16,"turns":8},{"damage":5,"enemies":"Chosen","floor":18,"turns":5},{"damage":12,"enemies":"Spheric Guardian","floor":22,"turns":5},{"damage":49,"enemies":"Cultist and Chosen","floor":23,"turns":8},{"damage":24,"enemies":"Sentry and Sphere","floor":25,"turns":5},{"damage":31,"enemies":"Snake Plant","floor":31,"turns":7},{"damage":34,"enemies":"Collector","floor":33,"turns":11},{"damage":24,"enemies":"3 Shapes","floor":35,"turns":5},{"damage":0,"enemies":"Orb Walker","floor":39,"turns":3},{"damage":81,"enemies":"R_Hoarder","floor":41,"turns":13}],"seed_played":"-7941248873144510173","potions_obtained":[{"floor":4,"key":"Explosive Potion"},{"floor":11,"key":"Milkshake"},{"floor":14,"key":"Adrenaline Potion"},{"floor":18,"key":"DuplicationPotion"},{"floor":22,"key":"BlessingOfTheForge"},{"floor":23,"key":"SpeedPotion"},{"floor":25,"key":"Fire Potion"},{"floor":31,"key":"Block Potion"},{"floor":33,"key":"Reflective Coating"},{"floor":35,"key":"Swift Potion"},{"floor":37,"key":"Block Potion"},{"floor":38,"key":"Ancient Potion"},{"floor":39,"key":"Toxic Potion"}],"is_trial":false,"path_per_floor":["M","M","?","M","?","R","M","R","T","M","M","R","M","E","R","B",null,"M","$","?","?","M","M","R","M","T","?","?","$","$","M","R","B",null,"M","$","?","?","M","R","E"],"character_chosen":"BARD","items_purchased":["bard:SixFourTime","bard:SongBolt","bard:Shout"],"campfire_rested":3,"item_purchase_floors":[19,19,30],"current_hp_per_floor":[70,70,70,70,70,70,67,67,67,67,67,67,65,64,64,62,70,65,65,65,65,58,19,40,16,16,39,46,46,46,20,43,14,77,53,53,23,23,33,56,0,0],"gold":105,"neow_bonus":"THREE_ENEMY_KILL","is_daily":false,"chose_seed":false,"campfire_upgraded":4,"win_rate":0.0,"timestamp":1610659584,"path_taken":["M","M","?","?","?","R","M","R","T","M","M","R","M","E","R","BOSS","M","$","?","?","M","M","R","?","T","?","?","?","$","M","R","BOSS","M","?","?","?","M","R","E"],"items_purchased_type":["Card","Card","Card"],"build_version":"2020-12-22","purchased_purges":3,"victory":false,"max_hp_per_floor":[70,70,70,70,70,70,70,70,70,70,70,70,70,70,70,70,70,70,70,70,70,70,70,70,70,70,70,77,77,77,77,77,77,77,77,77,77,77,77,77,77,77],"card_choices":[{"not_picked":["bard:LingeringPerformance","bard:HarmoniousVoice"],"picked":"bard:InspiringSong","floor":1},{"not_picked":["bard:FeastOnFear","bard:Sift"],"picked":"bard:QuickSong","floor":2},{"not_picked":["bard:CuttingWords","bard:SixFourTime"],"picked":"bard:Thunderwave","floor":4},{"not_picked":["bard:FalseLife","bard:Shout"],"picked":"bard:ViciousMockery","floor":7},{"not_picked":["bard:PrismaticSpray","bard:Aphasia"],"picked":"bard:Greatness","floor":10},{"not_picked":["bard:EchoEcho","bard:Thunderwave"],"picked":"bard:Encore","floor":11},{"not_picked":["bard:OffKey","bard:BestowCurse"],"picked":"bard:HideousLaughter","floor":13},{"not_picked":["bard:Focused","bard:Parry"],"picked":"bard:LingeringPerformance","floor":14},{"not_picked":["bard:FingerOfDeath","bard:ReverseGravity"],"picked":"bard:MagnumOpus","floor":16},{"not_picked":["bard:FalseLife+1","bard:BucklerBash+1"],"picked":"bard:DiscordantVoice","floor":18},{"not_picked":["bard:GlyphOfWarding+1","bard:Gamble"],"picked":"bard:InspiringSong","floor":22},{"not_picked":["bard:Fermata","bard:QuickSong"],"picked":"bard:Sift","floor":23},{"not_picked":["bard:InspiringSong","bard:PrismaticSpray"],"picked":"bard:Gamble","floor":25},{"not_picked":["bard:FeastOnFear","bard:Parry","bard:Rest"],"picked":"SKIP","floor":31},{"not_picked":["bard:Invisibility","bard:Wish"],"picked":"bard:Sonata","floor":33},{"not_picked":["Looming Evil","Hallucinations"],"picked":"Writhe","floor":34},{"not_picked":["ReplayTheSpireMod:Doomed","Replay:UnknownCurse"],"picked":"Shame","floor":34},{"not_picked":["Guardian:Aged","ReplayTheSpireMod:IOU"],"picked":"Sickly","floor":34},{"not_picked":["bard:SongBolt+1","bard:OffKey+1"],"picked":"bard:CuttingWords","floor":35},{"not_picked":["bard:HideousLaughter+1","bard:BucklerBash+1"],"picked":"bard:LingeringEcho+1","floor":37},{"not_picked":["bard:TinyHut+1","bard:LocateObject"],"picked":"bard:DeathMetal","floor":37},{"not_picked":["bard:ViciousMockery","bard:LingeringEcho+1"],"picked":"bard:PhantasmalForce","floor":39}],"player_experience":165965,"relics_obtained":[{"floor":9,"key":"Toy Ornithopter"},{"floor":14,"key":"Iron Hammer"},{"floor":26,"key":"Ancient Tea Set"},{"floor":37,"key":"Bag of Marbles"}],"event_choices":[{"cards_removed":["bard:Strike"],"damage_healed":0,"gold_gain":0,"player_choice":"Purged","damage_taken":0,"max_hp_gain":0,"max_hp_loss":0,"event_name":"Purifier","floor":3,"gold_loss":0},{"damage_healed":0,"gold_gain":0,"player_choice":"Grow","damage_taken":0,"max_hp_gain":0,"max_hp_loss":0,"event_name":"Living Wall","floor":5,"gold_loss":0,"cards_upgraded":["bard:Inspire"]},{"damage_healed":0,"gold_gain":0,"player_choice":"Ignored","damage_taken":0,"max_hp_gain":0,"max_hp_loss":0,"event_name":"Vampires","floor":20,"gold_loss":0},{"damage_healed":23,"gold_gain":0,"player_choice":"Heal","damage_taken":0,"max_hp_gain":0,"max_hp_loss":0,"event_name":"The Library","floor":27,"gold_loss":0},{"damage_healed":0,"gold_gain":0,"player_choice":"Obtained Relic","damage_taken":0,"relics_obtained":["Strawberry"],"max_hp_gain":0,"max_hp_loss":0,"event_name":"Addict","floor":28,"gold_loss":85},{"damage_healed":0,"gold_gain":0,"player_choice":"Got Potions","damage_taken":0,"max_hp_gain":0,"max_hp_loss":0,"event_name":"Lab","floor":38,"gold_loss":0}],"is_beta":false,"boss_relics":[{"not_picked":["Snecko Eye","Coffee Dripper"],"picked":"Replay:Grab Bag"},{"not_picked":["ChewingGum","Busted Crown"],"picked":"Abe\u0027s Treasure"},{"not_picked":["Sozu","Replay:Bronze Core"],"picked":"Cursed Key"},{"not_picked":["Replay:Drink Me","Astrolabe"],"picked":"Snecko Heart"},{"not_picked":["Honey Jar","Pandora\u0027s Box"],"picked":"Replay:Ancient Bell"},{"not_picked":["Blood Vial","Orichalcum"],"picked":"Bag of Preparation"},{"not_picked":["Mercury Hourglass","Pantograph"],"picked":"Shuriken"},{"not_picked":["Replay:Kaleidoscope","TungstenRod"],"picked":"bard:CoralOrchestra"}],"items_purged_floors":[19,29,36],"is_endless":false,"potions_floor_spawned":[4,11,14,18,22,23,25,31,33,35,39],"killed_by":"R_Hoarder","ascension_level":0}}