{"host":"2zw05eexjythz74b","time":1610587229,"event":{"mods":["AchievementEnabler","BaseMod","Better Altar","Colored Map","Minty Spire (QoL Compilation)","StSLib","everything is the same but u backflip on backflip"],"gold_per_floor":[115,130,130,142,67,67,87,87,112,145,157,191,191,217,217,320,320,338,338,349,374,96,96,116,144,212,222,222,234,234,247,247,352,352,363,363,363,585,585,585,637,637,661,673,673,708,81,97,97,97,97,97,97,128,128,128],"floor_reached":55,"language":"ENG","playtime":2239,"items_purged":["Defend_R"],"score":856,"play_id":"3bc1d044-ccb5-4c5d-802c-0dd481353f80","local_time":"20210113192029","is_ascension_mode":true,"campfire_choices":[{"data":"Uppercut","floor":6.0,"key":"SMITH"},{"data":"Immolate","floor":8.0,"key":"SMITH"},{"data":"Clash","floor":13.0,"key":"SMITH"},{"data":"Anger","floor":15.0,"key":"SMITH"},{"data":"Infernal Blade","floor":23.0,"key":"SMITH"},{"data":"Berserk","floor":28.0,"key":"SMITH"},{"data":"Bash","floor":30.0,"key":"SMITH"},{"data":"Brutality","floor":32.0,"key":"SMITH"},{"data":"Deep Breath","floor":40.0,"key":"SMITH"},{"floor":42.0,"key":"RECALL"},{"floor":45.0,"key":"REST"},{"data":"Berserk","floor":49.0,"key":"SMITH"},{"data":"Whirlwind","floor":52,"key":"SMITH"}],"circlet_count":0,"master_deck":["Strike_R","Strike_R","Strike_R+1","Bash+1","Uppercut+1","Thunderclap+1","Anger+1","Clash+1","Immolate+1","Combust","Clash","Berserk+1","Sever Soul+1","Headbutt+1","Pommel Strike+1","Infernal Blade+1","Flex+1","Sentinel","Brutality+1","CurseOfTheBell","Deep Breath+1","Berserk+1","Whirlwind+1"],"relics":["Burning Blood","Happy Flower","Tiny Chest","Gremlin Horn","PreservedInsect","Astrolabe","Red Mask","Ornamental Fan","Self Forming Clay","Singing Bowl","Calling Bell","Pen Nib","Blue Candle","TungstenRod","Champion Belt","Nunchaku","Whetstone","Dream Catcher","Blood Vial","Sundial"],"acts_visited":["TheCity","TheBeyond","TheEnding"],"potions_floor_usage":[50,50,55],"damage_taken":[{"damage":7.0,"enemies":"Small Slimes","floor":1.0,"turns":3.0},{"damage":6.0,"enemies":"Cultist","floor":2.0,"turns":3.0},{"damage":7.0,"enemies":"Jaw Worm","floor":4.0,"turns":3.0},{"damage":3.0,"enemies":"Blue Slaver","floor":7.0,"turns":2.0},{"damage":9.0,"enemies":"3 Sentries","floor":10.0,"turns":2.0},{"damage":0.0,"enemies":"Exordium Wildlife","floor":11.0,"turns":1.0},{"damage":19.0,"enemies":"Lagavulin","floor":12.0,"turns":3.0},{"damage":25.0,"enemies":"3 Sentries","floor":14.0,"turns":3.0},{"damage":35.0,"enemies":"Hexaghost","floor":16.0,"turns":6.0},{"damage":10.0,"enemies":"Chosen","floor":18.0,"turns":3.0},{"damage":16.0,"enemies":"Spheric Guardian","floor":20.0,"turns":3.0},{"damage":0.0,"enemies":"Masked Bandits","floor":21.0,"turns":1.0},{"damage":4.0,"enemies":"Cultist and Chosen","floor":24.0,"turns":3.0},{"damage":16.0,"enemies":"Book of Stabbing","floor":25.0,"turns":2.0},{"damage":12.0,"enemies":"Sentry and Sphere","floor":27.0,"turns":3.0},{"damage":3.0,"enemies":"Snecko","floor":29.0,"turns":3.0},{"damage":23.0,"enemies":"Snake Plant","floor":31.0,"turns":3.0},{"damage":4.0,"enemies":"Automaton","floor":33.0,"turns":4.0},{"damage":19.0,"enemies":"3 Darklings","floor":35.0,"turns":2.0},{"damage":16.0,"enemies":"3 Shapes","floor":44.0,"turns":3.0},{"damage":13.0,"enemies":"Reptomancer","floor":46.0,"turns":2.0},{"damage":9.0,"enemies":"Jaw Worm Horde","floor":48.0,"turns":2.0},{"damage":80,"enemies":"Awakened One","floor":50,"turns":7},{"damage":69,"enemies":"Shield and Spear","floor":54,"turns":4},{"damage":39,"enemies":"The Heart","floor":55,"turns":2}],"seed_played":"-2344259848043934408","potions_obtained":[{"floor":2.0,"key":"DuplicationPotion"},{"floor":4.0,"key":"LiquidBronze"},{"floor":7.0,"key":"Weak Potion"},{"floor":18.0,"key":"Weak Potion"},{"floor":27.0,"key":"Fire Potion"},{"floor":31.0,"key":"Block Potion"},{"floor":35.0,"key":"Fire Potion"},{"floor":46.0,"key":"Block Potion"},{"floor":48.0,"key":"SpeedPotion"}],"is_trial":false,"path_per_floor":["M","M","?","M","$","R","M","R","T","E","M","E","R","E","R","B",null,"M","?","M","?","$","R","M","E","T","M","R","M","R","M","R","B",null,"M","T","?","?","?","R","T","R","T","M","R","E","$","M","R","B",null,"R","$","E","B"],"character_chosen":"IRONCLAD","items_purchased":["Ornamental Fan","Sentinel","Dream Catcher","Berserk","Whirlwind","EntropicBrew","Blood Vial"],"campfire_rested":1,"item_purchase_floors":[22,22,47,47,47,47,47],"current_hp_per_floor":[79,79,79,78,78,78,80,80,80,77,80,67,67,48,48,19,80,76,76,66,72,72,72,74,64,64,60,60,65,65,48,48,52,86,75,75,75,75,75,75,75,75,75,67,90,85,85,86,86,14,94,94,94,33,0,0],"gold":128,"neow_bonus":"THREE_CARDS","is_daily":false,"chose_seed":false,"campfire_upgraded":11,"win_rate":0.0,"timestamp":1610587229,"path_taken":["M","M","?","M","?","R","M","R","T","E","M","E","R","E","R","BOSS","M","?","M","?","$","R","M","E","T","?","R","M","R","M","R","BOSS","M","?","?","?","?","R","?","R","T","M","R","E","?","?","R","BOSS","R","$","E","BOSS"],"items_purchased_type":["Relic","Card","Relic","Card","Card","Potion","Relic"],"build_version":"2020-12-22","purchased_purges":1,"victory":false,"max_hp_per_floor":[80,80,80,80,80,80,80,80,80,80,80,80,80,80,80,80,80,80,80,80,80,80,80,80,80,80,82,82,84,84,84,84,86,86,88,88,88,88,88,88,88,88,88,90,90,92,92,94,94,94,94,94,94,96,96,96],"card_choices":[{"not_picked":["Feel No Pain","Twin Strike"],"picked":"Uppercut","floor":0.0},{"not_picked":["Anger","Feel No Pain"],"picked":"Thunderclap","floor":1.0},{"not_picked":["Perfected Strike","Headbutt"],"picked":"Anger","floor":2.0},{"not_picked":["Heavy Blade","Havoc"],"picked":"Clash","floor":4.0},{"not_picked":["Uppercut","Rampage"],"picked":"Immolate","floor":7.0},{"not_picked":["Clothesline","Rupture"],"picked":"Combust","floor":10.0},{"not_picked":["Headbutt","Twin Strike","Thunderclap"],"picked":"SKIP","floor":11.0},{"not_picked":["Ghostly Armor","Evolve","Thunderclap"],"picked":"SKIP","floor":12.0},{"not_picked":["Limit Break","True Grit"],"picked":"Clash","floor":14.0},{"not_picked":["Reaper","Immolate"],"picked":"Berserk","floor":16.0},{"not_picked":["Twin Strike","Anger","Entrench"],"picked":"SKIP","floor":18.0},{"not_picked":["Second Wind","Sword Boomerang"],"picked":"Flex+1","floor":20.0},{"not_picked":["Uppercut","Wild Strike","Evolve+1"],"picked":"SKIP","floor":24.0},{"not_picked":["Dual Wield+1","Intimidate","Warcry"],"picked":"SKIP","floor":25.0},{"not_picked":["Rupture","True Grit","Uppercut"],"picked":"Singing Bowl","floor":27.0},{"not_picked":["Cleave+1","Heavy Blade","Dark Embrace"],"picked":"Singing Bowl","floor":29.0},{"not_picked":["Clash","Inflame+1"],"picked":"Brutality","floor":31.0},{"not_picked":["Corruption","Juggernaut","Fiend Fire"],"picked":"Singing Bowl","floor":33.0},{"not_picked":["Sword Boomerang","Sever Soul","Thunderclap+1"],"picked":"Singing Bowl","floor":35.0},{"not_picked":["Secret Technique","Chrysalis"],"picked":"Deep Breath","floor":37.0},{"not_picked":["Flex+1","Thunderclap+1","Clash+1"],"picked":"Singing Bowl","floor":44.0},{"not_picked":["Shrug It Off+1","Combust+1","Pommel Strike"],"picked":"Singing Bowl","floor":46.0},{"not_picked":["True Grit","Searing Blow","Iron Wave+1"],"picked":"Singing Bowl","floor":48.0},{"not_picked":["Cleave+1","Shrug It Off+1","Evolve"],"picked":"Singing Bowl","floor":54}],"player_experience":216405,"relics_obtained":[{"floor":9.0,"key":"Happy Flower"},{"floor":10.0,"key":"Tiny Chest"},{"floor":12.0,"key":"Gremlin Horn"},{"floor":14.0,"key":"PreservedInsect"},{"floor":21.0,"key":"Red Mask"},{"floor":25.0,"key":"Self Forming Clay"},{"floor":26.0,"key":"Singing Bowl"},{"floor":34.0,"key":"Pen Nib"},{"floor":34.0,"key":"Blue Candle"},{"floor":34.0,"key":"TungstenRod"},{"floor":36.0,"key":"Champion Belt"},{"floor":43.0,"key":"Nunchaku"},{"floor":46.0,"key":"Whetstone"},{"floor":54,"key":"Sundial"}],"event_choices":[{"cards_removed":["Strike_R"],"damage_healed":0.0,"max_hp_gain":0.0,"max_hp_loss":0.0,"gold_gain":0.0,"event_name":"Purifier","player_choice":"Purged","floor":3.0,"gold_loss":0.0,"damage_taken":0.0},{"damage_healed":0.0,"max_hp_gain":0.0,"max_hp_loss":0.0,"gold_gain":0.0,"event_name":"The Library","player_choice":"Read","floor":19.0,"gold_loss":0.0,"damage_taken":0.0,"cards_obtained":["Infernal Blade"]},{"damage_healed":0.0,"max_hp_gain":0.0,"max_hp_loss":0.0,"gold_gain":0.0,"event_name":"Masked Bandits","player_choice":"Fought Bandits","floor":21.0,"gold_loss":0.0,"damage_taken":0.0},{"damage_healed":0.0,"max_hp_gain":0.0,"max_hp_loss":0.0,"gold_gain":0.0,"event_name":"SensoryStone","player_choice":"Memory 1","floor":37.0,"gold_loss":0.0,"damage_taken":0.0},{"damage_healed":0.0,"max_hp_gain":0.0,"max_hp_loss":0.0,"gold_gain":222.0,"event_name":"Tomb of Lord Red Mask","player_choice":"Wore Mask","floor":38.0,"gold_loss":0.0,"damage_taken":0.0},{"cards_removed":["Strike_R"],"damage_healed":0.0,"max_hp_gain":0.0,"max_hp_loss":0.0,"gold_gain":0.0,"event_name":"Bonfire Elementals","player_choice":"Offered Basic","floor":39.0,"gold_loss":0.0,"damage_taken":0.0}],"is_beta":false,"boss_relics":[{"not_picked":["Cursed Key","Snecko Eye"],"picked":"Astrolabe"},{"not_picked":["Runic Pyramid","Mark of Pain"],"picked":"Calling Bell"}],"items_purged_floors":[5],"is_endless":false,"potions_floor_spawned":[2,4,7,18,27,31,35,46,48],"killed_by":"The Heart","ascension_level":2}}