{"host":"1u4zr9vl8my47i07","time":1610583909,"event":{"mods":["AchievementEnabler","BaseMod","DeckTracker","Highlight Path","Keyboard Shortcuts","Minty Spire (QoL Compilation)","Relic Stats","StSLib","SuperFastMode","Uncapped","Waifu the Spire","everything is the same but u backflip on backflip"],"gold_per_floor":[115,115,63,138,157,191,10,10,10],"floor_reached":8,"language":"KOR","playtime":182,"items_purged":["Strike_R"],"score":150,"play_id":"b36317a7-f810-415a-a480-c0ccd076e266","local_time":"20210114092509","is_ascension_mode":true,"campfire_choices":[],"circlet_count":0,"master_deck":["AscendersBane","Strike_R","Strike_R","Strike_R+1","Strike_R","Defend_R","Defend_R","Defend_R+1","Defend_R","Bash","Cleave","Shrug It Off","Second Wind"],"relics":["Burning Blood","NeowsBlessing","Molten Egg 2"],"acts_visited":["Exordium"],"potions_floor_usage":[7],"damage_taken":[{"damage":0,"enemies":"Jaw Worm","floor":1,"turns":1},{"damage":0,"enemies":"Small Slimes","floor":5,"turns":1},{"damage":0,"enemies":"Gremlin Nob","floor":6,"turns":1},{"damage":44,"enemies":"Lagavulin","floor":8,"turns":6}],"seed_played":"-2282499152746984790","potions_obtained":[{"floor":5,"key":"SpeedPotion"}],"is_trial":false,"path_per_floor":["M","?","$","?","M","E","$","E"],"character_chosen":"IRONCLAD","items_purchased":["Shrug It Off","Fruit Juice"],"campfire_rested":0,"item_purchase_floors":[3,7],"current_hp_per_floor":[74,51,51,40,46,52,57,13,13],"gold":10,"neow_bonus":"THREE_ENEMY_KILL","is_daily":false,"chose_seed":false,"campfire_upgraded":0,"win_rate":0.0,"timestamp":1610583909,"path_taken":["M","?","$","?","?","E","$","E"],"items_purchased_type":["Card","Potion"],"build_version":"2020-12-22","purchased_purges":1,"victory":false,"max_hp_per_floor":[75,75,75,75,75,75,80,80,80],"relic_stats":{"counters":[4,9],"obtain_stats":[{"NeowsBlessing":0,"Molten Egg 2":6,"Burning Blood":0},{"NeowsBlessing":0,"Molten Egg 2":3,"Burning Blood":0},{"NeowsBlessing":0,"Molten Egg 2":3,"Burning Blood":0}],"Burning Blood":18},"card_choices":[{"not_picked":["Iron Wave","True Grit"],"picked":"Cleave","floor":1},{"not_picked":["Ghostly Armor","Seeing Red","Flex"],"picked":"SKIP","floor":5},{"not_picked":["Uppercut+1","Flex"],"picked":"Second Wind","floor":6}],"player_experience":334199,"relics_obtained":[{"floor":6,"key":"Molten Egg 2"}],"event_choices":[{"damage_healed":0,"gold_gain":0,"player_choice":"Entered Light","damage_taken":23,"max_hp_gain":0,"max_hp_loss":0,"event_name":"Shining Light","floor":2,"gold_loss":0,"cards_upgraded":["Defend_R","Strike_R"]},{"damage_healed":0,"gold_gain":75,"player_choice":"Gather Gold","damage_taken":11,"max_hp_gain":0,"max_hp_loss":0,"event_name":"World of Goop","floor":4,"gold_loss":0}],"is_beta":false,"boss_relics":[],"items_purged_floors":[7],"is_endless":false,"potions_floor_spawned":[5],"killed_by":"Lagavulin","ascension_level":18}}