{"host":"ELF","time":1610637585,"event":{"mods":["BaseMod","Minty Spire (QoL Compilation)"],"gold_per_floor":[111,111,261,186,186,186,198,233,233,233,243,257,275,289,289,364,364,382,402,402,402,402],"floor_reached":21,"language":"ENG","playtime":923,"items_purged":["Doubt"],"score":412,"play_id":"15771119-0c02-4f45-a345-1e7f4ca0ad50","local_time":"20210114091945","is_ascension_mode":true,"campfire_choices":[{"data":"Neutralize","floor":6,"key":"SMITH"},{"data":"Survivor","floor":10,"key":"SMITH"},{"data":"Venomology","floor":15,"key":"SMITH"}],"circlet_count":0,"master_deck":["AscendersBane","Strike_G","Strike_G","Strike_G","Strike_G","Strike_G","Defend_G","Defend_G","Defend_G","Defend_G","Survivor+1","Neutralize+1","Acrobatics","Backstab","Catalyst","Quick Slash","Venomology+1","Deadly Poison","Crippling Poison","Malaise","Underhanded Strike+1","Skewer","Writhe"],"relics":["Ring of the Snake","NeowsBlessing","Anchor","Strawberry","Regal Pillow","SacredBark","Blood Vial"],"acts_visited":["Exordium","TheCity"],"potions_floor_usage":[13,14,14,16,19,21,21],"damage_taken":[{"damage":0,"enemies":"2 Louse","floor":1,"turns":1},{"damage":0,"enemies":"Small Slimes","floor":7,"turns":1},{"damage":0,"enemies":"Lagavulin","floor":8,"turns":1},{"damage":0,"enemies":"Jaw Worm","floor":11,"turns":5},{"damage":12,"enemies":"Gremlin Gang","floor":12,"turns":6},{"damage":0,"enemies":"Looter","floor":13,"turns":3},{"damage":12,"enemies":"Large Slime","floor":14,"turns":6},{"damage":50,"enemies":"Hexaghost","floor":16,"turns":12},{"damage":23,"enemies":"3 Byrds","floor":18,"turns":9},{"damage":9,"enemies":"2 Thieves","floor":19,"turns":5},{"damage":42,"enemies":"3 Cultists","floor":21,"turns":5}],"seed_played":"6918410458477380831","potions_obtained":[{"floor":1,"key":"FearPotion"},{"floor":8,"key":"Block Potion"},{"floor":12,"key":"FairyPotion"},{"floor":19,"key":"BlessingOfTheForge"}],"is_trial":false,"path_per_floor":["M","?","?","$","?","R","M","E","T","R","M","M","M","M","R","B",null,"M","M","?","M"],"character_chosen":"THE_SILENT","items_purchased":[],"campfire_rested":0,"item_purchase_floors":[],"current_hp_per_floor":[59,52,52,52,52,52,52,59,59,59,59,47,47,35,35,9,57,34,25,25,0,0],"gold":402,"neow_bonus":"THREE_ENEMY_KILL","is_daily":false,"chose_seed":false,"campfire_upgraded":3,"win_rate":0.0,"timestamp":1610637585,"path_taken":["M","?","?","$","?","R","M","E","T","R","M","M","?","M","R","BOSS","M","M","?","M"],"items_purchased_type":[],"build_version":"2020-12-18","purchased_purges":1,"victory":false,"max_hp_per_floor":[66,66,66,66,66,66,66,73,73,73,73,73,73,73,73,73,73,73,73,73,73,73],"card_choices":[{"not_picked":["Outmaneuver","PiercingWail"],"picked":"Acrobatics","floor":1},{"not_picked":["Setup","Endless Agony"],"picked":"Backstab","floor":7},{"not_picked":["Bane","Dodge and Roll"],"picked":"Catalyst","floor":8},{"not_picked":["Underhanded Strike","Outmaneuver"],"picked":"Quick Slash","floor":11},{"not_picked":["Caltrops","Terror"],"picked":"Venomology","floor":12},{"not_picked":["Slice","Backflip"],"picked":"Deadly Poison","floor":13},{"not_picked":["Predator","Underhanded Strike"],"picked":"Crippling Poison","floor":14},{"not_picked":["Glass Knife","A Thousand Cuts"],"picked":"Malaise","floor":16},{"not_picked":["Bane","Noxious Fumes"],"picked":"Underhanded Strike+1","floor":18},{"not_picked":["Flying Knee","Dodge and Roll"],"picked":"Skewer","floor":19}],"player_experience":3196261,"relics_obtained":[{"floor":8,"key":"Strawberry"},{"floor":9,"key":"Regal Pillow"}],"event_choices":[{"cards_removed":["Defend_G"],"damage_healed":0,"gold_gain":0,"player_choice":"Card Removal","damage_taken":7,"max_hp_gain":0,"max_hp_loss":0,"event_name":"Golden Wing","floor":2,"gold_loss":0},{"damage_healed":0,"gold_gain":150,"player_choice":"AGREE","damage_taken":0,"max_hp_gain":0,"max_hp_loss":0,"event_name":"Liars Game","floor":3,"gold_loss":0,"cards_obtained":["Doubt"]},{"damage_healed":0,"gold_gain":0,"player_choice":"Gave Potion","damage_taken":0,"relics_obtained":["Anchor"],"max_hp_gain":0,"max_hp_loss":0,"event_name":"WeMeetAgain","floor":5,"gold_loss":0},{"damage_healed":0,"gold_gain":0,"player_choice":"Opened","damage_taken":0,"relics_obtained":["Blood Vial"],"max_hp_gain":0,"max_hp_loss":0,"event_name":"The Mausoleum","floor":20,"gold_loss":0,"cards_obtained":["Writhe"]}],"is_beta":true,"boss_relics":[{"not_picked":["Empty Cage","Ectoplasm"],"picked":"SacredBark"}],"items_purged_floors":[4],"is_endless":false,"potions_floor_spawned":[1,8,12,13,19],"killed_by":"3 Cultists","ascension_level":20}}