{"host":"miejrq8yypas90n2","time":1610605619,"event":{"mods":["100% Spire Juice","Act Like it!","BaseMod","Colored Powertips","Gensokyo","Marisa£®ÏF”Í°°ƒß¿Ì…≥£©","Minty Spire (QoL Compilation)","Reimu£®≤©¿ˆ¡È√Œ£©","StSLib","The Gatherer"],"gold_per_floor":[118,134,152,152,82,82,110,121,144,155,189,189,206,206,206,206,206],"floor_reached":16,"language":"ZHS","playtime":539,"items_purged":[],"score":117,"play_id":"4a02bd63-344f-4375-9fed-8a45268b2e31","local_time":"20210114142659","is_ascension_mode":true,"campfire_choices":[{"data":"Conquer:ReiMu","floor":6.0,"key":"SMITH"},{"data":"NineCharacters:ReiMu","floor":12,"key":"SMITH"},{"data":"RunawayExorcism:ReiMu","floor":15,"key":"SMITH"}],"circlet_count":0,"master_deck":["Strike_Lin:ReiMu","Strike_Lin:ReiMu+1","Strike_Lin:ReiMu","Strike_Lin:ReiMu","Defend_Lin:ReiMu","Defend_Lin:ReiMu","Defend_Lin:ReiMu","Defend_Lin:ReiMu","NB:ReiMu","Stagnation:ReiMu","Conquer:ReiMu+1","AirStrike:ReiMu","SubcavityInstant:ReiMu+1","ShadowOfCrow2:ReiMu","RunawayExorcism:ReiMu+1","NineCharacters:ReiMu+1","SafetyPray:ReiMu","Pain"],"relics":["FlyPower:ReiMu","Bronze Scales","Smiling Mask","RuthlessExorcism:ReiMu","Bag of Preparation","Gensokyo:LunaticRedEyes"],"acts_visited":["Gensokyo:Gensokyo"],"potions_floor_usage":[],"damage_taken":[{"damage":2.0,"enemies":"Gensokyo:Python","floor":1.0,"turns":5.0},{"damage":5.0,"enemies":"Gensokyo:3_Fairies","floor":2.0,"turns":3.0},{"damage":0.0,"enemies":"Gensokyo:Gryphon","floor":3.0,"turns":3.0},{"damage":26,"enemies":"Gensokyo:Aya","floor":7,"turns":6},{"damage":0,"enemies":"Gensokyo:Kitsune","floor":8,"turns":3},{"damage":0,"enemies":"Gensokyo:2_Rabbits","floor":10,"turns":2},{"damage":2,"enemies":"Gensokyo:Cirno","floor":11,"turns":4},{"damage":2,"enemies":"Gensokyo:3_Kodama","floor":13,"turns":2},{"damage":33,"enemies":"Gensokyo:Reimu","floor":16,"turns":4}],"seed_played":"441463159883874249","potions_obtained":[{"floor":7,"key":"SkillPotion"},{"floor":11,"key":"SteroidPotion"}],"is_trial":false,"path_per_floor":["M","M","M","?","?","R","E","M","T","M","E","R","M","?","R","B"],"character_chosen":"REIMU","items_purchased":[],"campfire_rested":0,"item_purchase_floors":[],"current_hp_per_floor":[63,58,58,58,58,58,32,32,32,32,30,30,28,28,28,0,0],"gold":206,"neow_bonus":"RANDOM_COMMON_RELIC","is_daily":false,"chose_seed":false,"campfire_upgraded":3,"win_rate":0.0,"timestamp":1610605619,"path_taken":["M","M","M","?","?","R","E","M","T","?","E","R","M","?","R","BOSS"],"items_purchased_type":[],"build_version":"2020-12-22","purchased_purges":0,"victory":false,"max_hp_per_floor":[65,65,65,65,65,65,65,65,65,65,65,65,65,65,65,65,65],"card_choices":[{"not_picked":["Intuition:ReiMu","Revelation:ReiMu"],"picked":"Conquer:ReiMu","floor":1.0},{"not_picked":["PhosphorusFlame:ReiMu","Meditation:ReiMu"],"picked":"AirStrike:ReiMu","floor":2.0},{"not_picked":["AirStrike:ReiMu","SpringWay:ReiMu"],"picked":"SubcavityInstant:ReiMu","floor":3.0},{"not_picked":["TightArray:ReiMu","WonderfulDomain:ReiMu"],"picked":"ShadowOfCrow2:ReiMu","floor":7},{"not_picked":["Enchanting:ReiMu","SpringWay:ReiMu","UniversalSpiritual:ReiMu"],"picked":"SKIP","floor":8},{"not_picked":["AirStrike:ReiMu","Meditation:ReiMu"],"picked":"RunawayExorcism:ReiMu","floor":10},{"not_picked":["WonderfulDomain:ReiMu","Crusade:ReiMu"],"picked":"NineCharacters:ReiMu","floor":11},{"not_picked":["Meditation:ReiMu","SubcavityInstant:ReiMu"],"picked":"SafetyPray:ReiMu","floor":13}],"player_experience":254589,"relics_obtained":[{"floor":7,"key":"Smiling Mask"},{"floor":9,"key":"RuthlessExorcism:ReiMu"},{"floor":11,"key":"Bag of Preparation"}],"event_choices":[],"is_beta":false,"boss_relics":[],"items_purged_floors":[],"is_endless":false,"potions_floor_spawned":[7,11],"killed_by":"Gensokyo:Reimu","ascension_level":1}}