{"host":"bpkhhmvsfrvlto2l","time":1610653704,"event":{"mods":["2.2 Compatiblity","AchievementEnabler","Act Like it!","AlwaysNeverKeys","Aspiration","BaseMod","Better Silent Start","Challenge The Spire","Colored Map","Colored Powertips","Custom Start","Downfall","Energized Spire","Friendly Minions","GifTheSpireLib","Halation","Hubris","Infinite Spire","Ironclad Rager","Mimic Mod","Minty Spire (QoL Compilation)","Permanent Neow","Quick Restart","Random Character Button","Relic Sorter","Replay The Spire","Spikes Relics","StSLib","Stuff the Spire","Swap Starting Deck Mod","Trackpad"],"gold_per_floor":[110,129,129,129,147,173,231,231,231,256,256,290,290,306,306,405,405,415,425,4,20,20,51,66,91,146,158,158,187,207,226,226,323,323,337,337,337,348,348,348,348,348,348,378,378,378,378],"floor_reached":46,"language":"ENG","playtime":1022,"items_purged":[],"score":861,"play_id":"94b3a238-7fc9-41f4-831e-04de5543e590","local_time":"20210114144824","is_ascension_mode":true,"campfire_choices":[{"data":"FlyingSleeves","floor":8,"key":"SMITH"},{"floor":13,"key":"REST"},{"data":"Pray","floor":15,"key":"SMITH"},{"floor":32,"key":"REST"},{"data":"hubris:Rewind","floor":42,"key":"SMITH"},{"floor":45,"key":"REST"}],"circlet_count":0,"master_deck":["ReachHeaven","ReachHeaven","ReachHeaven","ReachHeaven","Prostrate+1","Prostrate","Prostrate","Prostrate","Prostrate","Pray+1","FlyingSleeves+1","MasterReality+1","hubris:Greed","Slimebound:Icky","hubris:Rewind+1"],"relics":["PureWater","ReplayTheSpireMod:Ring of Addiction","Chameleon Ring","Toy Ornithopter","trackpad:Mousetrap","StuffTheSpire:Mouthbags","Frozen Egg 2","ReplayTheSpireMod:TigerMarble","StuffTheSpire:PointBlank","energizedSpire:DeadBattery","halation:PrussianBluePaint","ClockworkSouvenir","PrismaticShard","Prayer Wheel","Replay:Bottled Flurry","aspiration:HiddenCompartment","hubris:DeckOfHolding","hubris:Backtick","infinitespire:DarkRift","aspiration:HatOfInfinitePower","Replay:Towering Pillar of Hats"],"acts_visited":["Exordium","TheCity","TheBeyond"],"potions_floor_usage":[5,6,7,10,12,21,21,23,23,29,33,33,33,44,44,46],"damage_taken":[{"damage":0,"enemies":"Jaw Worm","floor":1,"turns":2},{"damage":4,"enemies":"Small Slimes","floor":2,"turns":3},{"damage":0,"enemies":"Cultist","floor":5,"turns":2},{"damage":12,"enemies":"3 Sentries","floor":6,"turns":3},{"damage":0,"enemies":"3 Sentries","floor":7,"turns":2},{"damage":10,"enemies":"Gremlin Nob","floor":10,"turns":2},{"damage":2,"enemies":"3 Sentries","floor":12,"turns":3},{"damage":0,"enemies":"Looter","floor":14,"turns":2},{"damage":13,"enemies":"The Guardian","floor":16,"turns":5},{"damage":10,"enemies":"2 Thieves","floor":18,"turns":2},{"damage":4,"enemies":"Chosen","floor":19,"turns":2},{"damage":6,"enemies":"Snake Plant","floor":21,"turns":2},{"damage":8,"enemies":"Slavers","floor":23,"turns":3},{"damage":10,"enemies":"Centurion and Healer","floor":24,"turns":3},{"damage":2,"enemies":"Gremlin Leader","floor":25,"turns":3},{"damage":4,"enemies":"3 Cultists","floor":27,"turns":3},{"damage":8,"enemies":"Slavers","floor":29,"turns":4},{"damage":16,"enemies":"Snake Plant","floor":30,"turns":2},{"damage":0,"enemies":"Sentry and Sphere","floor":31,"turns":3},{"damage":10,"enemies":"hubris:MusketHawk","floor":33,"turns":3},{"damage":3,"enemies":"Orb Walker","floor":35,"turns":2},{"damage":10,"enemies":"3 Shapes","floor":38,"turns":3},{"damage":49,"enemies":"Nemesis","floor":44,"turns":7},{"damage":118,"enemies":"Nightmare","floor":46,"turns":4}],"seed_played":"-5519222763743568321","potions_obtained":[{"floor":2,"key":"Strength Potion"},{"floor":4,"key":"Block Potion"},{"floor":4,"key":"FearPotion"},{"floor":5,"key":"LiquidMemories"},{"floor":10,"key":"Venom Potion"},{"floor":18,"key":"FearPotion"},{"floor":21,"key":"Swift Potion"},{"floor":28,"key":"LifebloodPotion"},{"floor":28,"key":"BlessingOfTheForge"},{"floor":30,"key":"DuplicationPotion"},{"floor":31,"key":"Adrenaline Potion"},{"floor":33,"key":"champ:CounterPotion"},{"floor":40,"key":"Milkshake"},{"floor":40,"key":"StancePotion"}],"is_trial":false,"path_per_floor":["M","M","?","?","M","E","?","R","T","E","?","E","R","M","R","B",null,"M","M","$","M","?","E","M","E","T","M","R","E","M","M","R","B",null,"M","$","?","M","?","R","?","R","T","E","R","NM"],"character_chosen":"WATCHER","items_purchased":["DuplicationPotion","SkillPotion","halation:PrussianBluePaint","ClockworkSouvenir"],"campfire_rested":3,"item_purchase_floors":[20,20,20,20],"current_hp_per_floor":[33,29,29,29,34,27,32,32,32,27,27,30,51,51,51,42,63,53,49,49,53,45,47,37,35,35,31,31,28,12,26,45,50,61,58,58,58,48,48,48,48,48,48,9,26,0,0],"gold":378,"neow_bonus":"","is_daily":false,"chose_seed":false,"campfire_upgraded":3,"win_rate":0.0,"timestamp":1610653704,"path_taken":["M","M","?","?","M","E","?","R","T","E","?","E","R","?","R","BOSS","M","M","$","M","?","E","M","E","T","M","R","E","M","M","R","BOSS","M","$","?","?","?","R","?","R","T","E","R","NM"],"items_purchased_type":["Potion","Potion","Relic","Relic"],"build_version":"2020-12-22","purchased_purges":0,"victory":false,"max_hp_per_floor":[72,72,72,72,72,72,72,72,72,72,72,72,72,72,72,70,70,70,68,68,68,68,68,68,68,68,66,66,66,66,66,66,64,64,64,64,62,62,62,60,60,60,58,58,58,58,58],"card_choices":[{"not_picked":["ForeignInfluence","CrushJoints"],"picked":"FlyingSleeves","floor":1},{"not_picked":["Replay:Vibes","WaveOfTheHand","FlyingSleeves"],"picked":"SKIP","floor":10},{"not_picked":["Vault","DevaForm+1"],"picked":"MasterReality+1","floor":16},{"not_picked":["StuffTheSpire:Injection+1","hexamod:FastForward+1","hexamod:SpectersWail"],"picked":"SKIP","floor":31},{"not_picked":["Slimebound:SplitBruiser","Chaos+1","StuffTheSpire:Incineration"],"picked":"SKIP","floor":31},{"not_picked":["Run Through+1","Reprogram+1","Slimebound:GrowthPunch+1"],"picked":"SKIP","floor":35},{"not_picked":["Replay:SS_hec_2+1","Well Laid Plans+1","StuffTheSpire:SnapShoot+1"],"picked":"SKIP","floor":35},{"not_picked":["Streamline","hubris:ReadiedAction","hexamod:HauntingEcho+1"],"picked":"SKIP","floor":38},{"not_picked":["Beam Cell+1","Weave","sneckomod:UnknownCommonSkill"],"picked":"SKIP","floor":38},{"not_picked":["infinitespire:Menacing","ReplayTheSpireMod:Haul"],"picked":"hubris:Rewind","floor":41},{"not_picked":["Slimebound:Grow+1","Slimebound:SplitAcid+1","Survey Options+1"],"picked":"SKIP","floor":44}],"player_experience":77589,"relics_obtained":[{"floor":4,"key":"ReplayTheSpireMod:Ring of Addiction"},{"floor":4,"key":"Chameleon Ring"},{"floor":4,"key":"Toy Ornithopter"},{"floor":6,"key":"trackpad:Mousetrap"},{"floor":7,"key":"StuffTheSpire:Mouthbags"},{"floor":9,"key":"Frozen Egg 2"},{"floor":10,"key":"ReplayTheSpireMod:TigerMarble"},{"floor":12,"key":"StuffTheSpire:PointBlank"},{"floor":22,"key":"PrismaticShard"},{"floor":23,"key":"Prayer Wheel"},{"floor":25,"key":"Replay:Bottled Flurry"},{"floor":26,"key":"aspiration:HiddenCompartment"},{"floor":29,"key":"hubris:DeckOfHolding"},{"floor":43,"key":"aspiration:HatOfInfinitePower"},{"floor":44,"key":"Replay:Towering Pillar of Hats"}],"event_choices":[{"damage_healed":0,"gold_gain":0,"player_choice":"Ignored","damage_taken":0,"max_hp_gain":0,"max_hp_loss":0,"event_name":"Liars Game","floor":3,"gold_loss":0},{"damage_healed":0,"gold_gain":0,"player_choice":"Searched \u00272\u0027 times","damage_taken":0,"max_hp_gain":0,"max_hp_loss":0,"event_name":"Dead Adventurer","floor":7,"gold_loss":0},{"cards_removed":["Voices"],"damage_healed":0,"gold_gain":0,"player_choice":"Purged","damage_taken":0,"max_hp_gain":0,"max_hp_loss":0,"event_name":"Purifier","floor":11,"gold_loss":0},{"damage_healed":0,"gold_gain":0,"player_choice":"Upgraded","damage_taken":0,"max_hp_gain":0,"max_hp_loss":0,"event_name":"Upgrade Shrine","floor":37,"gold_loss":0,"cards_upgraded":["Prostrate"]}],"is_beta":false,"boss_relics":[{"not_picked":["Replay:Grab Bag","Pandora\u0027s Box"],"picked":"energizedSpire:DeadBattery"},{"not_picked":["halation:MonkeysPaw","StuffTheSpire:RunicHypercube"],"picked":"hubris:Backtick"}],"items_purged_floors":[],"is_endless":false,"potions_floor_spawned":[2,5,10,18,21,30,31,33],"killed_by":"Nightmare","ascension_level":7}}