{"host":"Stephanie","time":1610585850,"event":{"mods":["BaseMod","Colored Powertips","Minty Spire (QoL Compilation)","Rare Cards Sparkle","Relic Stats","StSLib","The Marked"],"gold_per_floor":[114,114,114,124,124,157,157,197,223,72,136,170,170,118,118,232,241,260,289,289,313,322,363,363,372,372,384,472,224,323,365,365,365,365],"floor_reached":33,"language":"ENG","playtime":1422,"items_purged":["Writhe"],"score":345,"play_id":"6ae79b16-cce1-47a5-8eef-d68e58c6e697","local_time":"20210113195730","is_ascension_mode":false,"campfire_choices":[{"data":"theMarked:HeritageOfTheMarked","floor":7.0,"key":"SMITH"},{"floor":13.0,"key":"REST"},{"data":"theMarked:PowerFlow","floor":15.0,"key":"SMITH"},{"floor":24,"key":"REST"},{"data":"theMarked:ElementalBlade","floor":32,"key":"SMITH"}],"circlet_count":0,"master_deck":["theMarked:Strike","theMarked:Strike","theMarked:Strike","theMarked:Strike","theMarked:Defend","theMarked:Defend","theMarked:Defend","theMarked:Defend","theMarked:SoldierOfQuellstein","theMarked:HeritageOfTheMarked+1","theMarked:GodGivenPower","theMarked:Overcharge","theMarked:PowerFlow+1","theMarked:DispelDoubt","theMarked:Indomitable","theMarked:EternalStudent","CurseOfTheBell","theMarked:SuspiciousRaven","theMarked:EnhanceMovement","theMarked:MaelstromOfLightning","theMarked:Frustration","theMarked:ElementalBlade+1","theMarked:EternalStudent"],"relics":["theMarked:ArtifactOfAir","PreservedInsect","Strawberry","Tiny Chest","CeramicFish","Centennial Puzzle","Blood Vial","Vajra","Toy Ornithopter","Potion Belt","Calling Bell","Happy Flower","White Beast Statue","Peace Pipe","Singing Bowl","Mummified Hand","Darkstone Periapt","MawBank","Sundial","OrangePellets","StrikeDummy"],"acts_visited":["Exordium","TheCity"],"potions_floor_usage":[23,31,31,33,33],"damage_taken":[{"damage":1.0,"enemies":"Jaw Worm","floor":1.0,"turns":4.0},{"damage":2.0,"enemies":"Small Slimes","floor":4.0,"turns":4.0},{"damage":16.0,"enemies":"Lagavulin","floor":6.0,"turns":6.0},{"damage":14.0,"enemies":"Gremlin Nob","floor":8.0,"turns":3.0},{"damage":21.0,"enemies":"3 Sentries","floor":11.0,"turns":4.0},{"damage":0.0,"enemies":"Lagavulin","floor":12.0,"turns":4.0},{"damage":44.0,"enemies":"Hexaghost","floor":16.0,"turns":8.0},{"damage":15,"enemies":"Spheric Guardian","floor":18,"turns":4},{"damage":25,"enemies":"2 Thieves","floor":19,"turns":4},{"damage":21,"enemies":"Snake Plant","floor":21,"turns":4},{"damage":18,"enemies":"Gremlin Leader","floor":23,"turns":5},{"damage":17,"enemies":"Slavers","floor":31,"turns":3},{"damage":87,"enemies":"Automaton","floor":33,"turns":6}],"seed_played":"3492893171218540753","potions_obtained":[{"floor":4.0,"key":"theMarked:ChargePotion"},{"floor":6.0,"key":"SteroidPotion"},{"floor":8.0,"key":"Strength Potion"},{"floor":18,"key":"Fruit Juice"},{"floor":19,"key":"Ancient Potion"},{"floor":21,"key":"Fire Potion"},{"floor":23,"key":"Swift Potion"},{"floor":31,"key":"SkillPotion"}],"is_trial":false,"path_per_floor":["M","?","T","M","?","E","R","E","T","$","?","E","R","?","R","B",null,"M","M","T","M","?","E","R","?","T","T","T","$","?","E","R","B"],"character_chosen":"THE_DEFAULT","items_purchased":["Blood Vial","OrangePellets","theMarked:ElementalBlade"],"campfire_rested":2,"item_purchase_floors":[10,29,29],"current_hp_per_floor":[76,69,69,67,67,51,51,37,37,37,18,20,45,45,45,3,84,69,46,46,27,27,16,41,47,47,47,47,47,47,42,42,0,0],"gold":365,"neow_bonus":"TEN_PERCENT_HP_BONUS","is_daily":false,"chose_seed":false,"campfire_upgraded":3,"win_rate":0.0,"timestamp":1610585850,"path_taken":["M","?","?","M","?","E","R","E","T","$","?","E","R","?","R","BOSS","M","?","?","M","?","E","R","?","T","?","?","$","?","E","R","BOSS"],"items_purchased_type":["Relic","Relic","Card"],"build_version":"2020-12-18","purchased_purges":1,"victory":false,"max_hp_per_floor":[77,77,77,77,84,84,84,84,84,84,84,84,84,84,84,84,84,84,84,84,84,84,84,84,90,90,90,90,90,90,90,90,95,95],"relic_stats":{"Darkstone Periapt":6,"Happy Flower":[8],"Singing Bowl":0,"counters":[13,59],"CeramicFish":108,"PreservedInsect":192,"MawBank":36,"Blood Vial":16,"Peace Pipe":0,"OrangePellets":[1],"Centennial Puzzle":[24],"Mummified Hand":[3],"Sundial":[0],"Tiny Chest":2,"obtain_stats":[{"Potion Belt":14,"Darkstone Periapt":25,"Happy Flower":17,"Singing Bowl":20,"CeramicFish":8,"Vajra":11,"PreservedInsect":3,"MawBank":26,"White Beast Statue":17,"Blood Vial":10,"Calling Bell":17,"Peace Pipe":17,"theMarked:ArtifactOfAir":0,"OrangePellets":29,"Centennial Puzzle":9,"Mummified Hand":23,"Sundial":28,"Strawberry":5,"Tiny Chest":6,"StrikeDummy":31,"Toy Ornithopter":12},{"Potion Belt":6,"Darkstone Periapt":11,"Happy Flower":7,"Singing Bowl":9,"CeramicFish":4,"Vajra":5,"PreservedInsect":1,"MawBank":11,"White Beast Statue":7,"Blood Vial":4,"Calling Bell":7,"Peace Pipe":7,"theMarked:ArtifactOfAir":0,"OrangePellets":11,"Centennial Puzzle":4,"Mummified Hand":11,"Sundial":11,"Strawberry":2,"Tiny Chest":3,"StrikeDummy":12,"Toy Ornithopter":6},{"Potion Belt":25,"Darkstone Periapt":50,"Happy Flower":33,"Singing Bowl":41,"CeramicFish":17,"Vajra":21,"PreservedInsect":4,"MawBank":50,"White Beast Statue":33,"Blood Vial":17,"Calling Bell":33,"Peace Pipe":33,"theMarked:ArtifactOfAir":0,"OrangePellets":50,"Centennial Puzzle":17,"Mummified Hand":50,"Sundial":50,"Strawberry":8,"Tiny Chest":14,"StrikeDummy":53,"Toy Ornithopter":25}],"Toy Ornithopter":25},"card_choices":[{"not_picked":["theMarked:Aftermath","theMarked:SwordAndMagic"],"picked":"theMarked:HeritageOfTheMarked","floor":1.0},{"not_picked":["theMarked:WastefulAttack","theMarked:Parkour"],"picked":"theMarked:GodGivenPower","floor":4.0},{"not_picked":["theMarked:SwordAndMagic","theMarked:Parkour"],"picked":"theMarked:Overcharge","floor":6.0},{"not_picked":["theMarked:ElectricStrings","theMarked:EmpowerWeapon"],"picked":"theMarked:PowerFlow","floor":8.0},{"not_picked":["theMarked:Parkour","theMarked:ElectricStrings"],"picked":"theMarked:DispelDoubt","floor":11.0},{"not_picked":["theMarked:Parkour","theMarked:WardOff"],"picked":"theMarked:Indomitable","floor":12.0},{"not_picked":["theMarked:SummonStrength","theMarked:SuspiciousRaven"],"picked":"theMarked:EternalStudent","floor":16.0},{"not_picked":["theMarked:WardOff","theMarked:Static","theMarked:ChainLightning+1"],"picked":"SKIP","floor":18},{"not_picked":["theMarked:Parkour+1","theMarked:HeightenedSenses"],"picked":"theMarked:SuspiciousRaven","floor":19},{"not_picked":["theMarked:ResourceFulStrike","theMarked:Parkour"],"picked":"theMarked:EnhanceMovement","floor":21},{"not_picked":["theMarked:ChainLightning","theMarked:BanishingStrike"],"picked":"theMarked:Frustration","floor":23},{"not_picked":["theMarked:WastefulAttack","theMarked:Static+1"],"picked":"theMarked:EternalStudent","floor":31}],"player_experience":847415,"relics_obtained":[{"floor":3.0,"key":"PreservedInsect"},{"floor":6.0,"key":"Tiny Chest"},{"floor":8.0,"key":"CeramicFish"},{"floor":9.0,"key":"Centennial Puzzle"},{"floor":11.0,"key":"Vajra"},{"floor":12.0,"key":"Toy Ornithopter"},{"floor":17,"key":"Happy Flower"},{"floor":17,"key":"White Beast Statue"},{"floor":17,"key":"Peace Pipe"},{"floor":20,"key":"Singing Bowl"},{"floor":23,"key":"Mummified Hand"},{"floor":26,"key":"MawBank"},{"floor":28,"key":"Sundial"},{"floor":31,"key":"StrikeDummy"}],"event_choices":[{"cards_removed":["theMarked:Strike"],"damage_healed":0.0,"max_hp_gain":0.0,"max_hp_loss":0.0,"gold_gain":0.0,"event_name":"Golden Wing","player_choice":"Card Removal","floor":2.0,"gold_loss":0.0,"damage_taken":7.0},{"damage_healed":0.0,"max_hp_gain":0.0,"max_hp_loss":0.0,"gold_gain":0.0,"event_name":"Scrap Ooze","player_choice":"Success","floor":5.0,"gold_loss":0.0,"damage_taken":7.0,"relics_obtained":["Strawberry"]},{"damage_healed":0.0,"max_hp_gain":0.0,"max_hp_loss":0.0,"gold_gain":0.0,"event_name":"Dead Adventurer","player_choice":"Searched \u00271\u0027 times","floor":11.0,"gold_loss":0.0,"damage_taken":0.0},{"damage_healed":0.0,"max_hp_gain":0.0,"max_hp_loss":0.0,"gold_gain":0.0,"event_name":"WeMeetAgain","player_choice":"Paid Gold","floor":14.0,"gold_loss":52.0,"damage_taken":0.0,"relics_obtained":["Potion Belt"]},{"damage_healed":0,"gold_gain":0,"player_choice":"Read","damage_taken":0,"max_hp_gain":0,"max_hp_loss":0,"event_name":"The Library","floor":22,"gold_loss":0,"cards_obtained":["theMarked:MaelstromOfLightning"]},{"damage_healed":0,"gold_gain":0,"player_choice":"Opened","damage_taken":0,"relics_obtained":["Darkstone Periapt"],"max_hp_gain":0,"max_hp_loss":0,"event_name":"The Mausoleum","floor":25,"gold_loss":0,"cards_obtained":["Writhe"]},{"damage_healed":0,"gold_gain":99,"player_choice":"Stole From Cult","damage_taken":0,"max_hp_gain":0,"max_hp_loss":0,"event_name":"Nest","floor":30,"gold_loss":0}],"is_beta":true,"boss_relics":[{"not_picked":["SlaversCollar","Snecko Eye"],"picked":"Calling Bell"}],"items_purged_floors":[29],"is_endless":false,"potions_floor_spawned":[4,6,8,18,19,21,23,31],"killed_by":"Automaton","ascension_level":0}}