{"host":"nsz9w3nbq5dzmcfk","time":1610665041,"event":{"mods":["AchievementEnabler","Bard","Bartender","BaseMod","Beaked The Cultist","Better Skull","Better Third Choice","Block Reminder","Card Forge","Challenge The Spire","Colored Map","DeckTracker","Downfall","Gremlin Mod","Gremlin Skip","Hermit","Magitek Elite","Minty Spire (QoL Compilation)","Quick Restart","Shade Mod","StSLib","Td1madao Mod","The Bladedancer","The Bug Knight","The Clintock","The Construct","The Dragon Tamer","The Exalted","The Florist","The Hayseed","The Hierophant","The IronCluck","The Judge","The Jungle","The Marked","The Necromancer","The Spell Scribe","TheArtist","TheSwordswoman"],"gold_per_floor":[112,112,112,127,139,170,185,256,306,321,337,350,350,364,364,462,462,475,11,21,21,40,66,66,85,164,164,7,7,7,7,7,109,109,109,109,109],"floor_reached":35,"language":"ENG","playtime":1437,"items_purged":[],"score":454,"play_id":"129a3d31-95ef-413d-b8bd-9ec4deb5f3a3","local_time":"20210114175721","is_ascension_mode":false,"metric_token":2515,"campfire_choices":[{"floor":13.0,"key":"REST"},{"floor":15.0,"key":"RECALL"},{"floor":24,"key":"REST"},{"floor":27,"key":"REST"},{"floor":29,"key":"REST"},{"floor":32,"key":"REST"}],"dtmod_dragon_data":[58,58,1,0,8,0],"circlet_count":0,"master_deck":["DTMod:Strike+1","DTMod:Strike+1","DTMod:Strike+1","DTMod:Strike+1","DTMod:DoubleHit+1","DTMod:TargetDefense+1","DTMod:TargetDefense+1","DTMod:TargetDefense+1","DTMod:TargetDefense+1","DTMod:SwitchingTactic+1","DTMod:BreakAttack+1","DTMod:Feint+1","DTMod:QuickFly+1","DTMod:Haste+1","DTMod:Multitask+1","DTMod:Feint+1","DTMod:DragonDance+1","DTMod:Training+1","DTMod:SealedStrike+5"],"relics":["DTMod:PactStone","Hammer of Thor","Seething Fire","Anvil of the Gods","Blue Candle","Whetstone","DTMod:AncientBone","HandDrill","Vajra","beaked:ShinyBauble","Angel_Ring","Bromod:ArcaneGuardian","SlaversCollar"],"acts_visited":["Exordium","TheCity","TheBeyond"],"potions_floor_usage":[25],"damage_taken":[{"damage":4.0,"enemies":"Jaw Worm","floor":1.0,"turns":5.0},{"damage":0.0,"enemies":"Jaw Worm","floor":3.0,"turns":4.0},{"damage":0.0,"enemies":"Small Slimes","floor":4.0,"turns":2.0},{"damage":0.0,"enemies":"2 Louse","floor":5.0,"turns":2.0},{"damage":4.0,"enemies":"3 Sentries","floor":6.0,"turns":6.0},{"damage":0.0,"enemies":"Lots of Slimes","floor":7.0,"turns":2.0},{"damage":0.0,"enemies":"Red Slaver","floor":10.0,"turns":2.0},{"damage":0.0,"enemies":"Exordium Wildlife","floor":11.0,"turns":2.0},{"damage":0.0,"enemies":"Blue Slaver","floor":12.0,"turns":2.0},{"damage":0.0,"enemies":"3 Louse","floor":14.0,"turns":2.0},{"damage":0.0,"enemies":"Slime Boss","floor":16.0,"turns":10.0},{"damage":0.0,"enemies":"3 Byrds","floor":18.0,"turns":6.0},{"damage":0.0,"enemies":"Spheric Guardian","floor":20.0,"turns":3.0},{"damage":0.0,"enemies":"Centurion and Healer","floor":22.0,"turns":4.0},{"damage":0,"enemies":"HollowMod:Nosk","floor":23,"turns":4},{"damage":0,"enemies":"Snecko","floor":25,"turns":5},{"damage":18,"enemies":"Collector","floor":33,"turns":8},{"damage":0,"enemies":"3 Darklings","floor":35,"turns":1}],"seed_played":"6698603951207203299","potions_obtained":[{"floor":3.0,"key":"Ancient Potion"},{"floor":4.0,"key":"DistilledChaos"},{"floor":6.0,"key":"Strength Potion"},{"floor":14.0,"key":"Energy Potion"},{"floor":18.0,"key":"FairyPotion"},{"floor":25,"key":"Dexterity Potion"}],"is_trial":false,"path_per_floor":["M","?","?","M","M","E","M","?","T","M","M","M","R","M","R","B",null,"M","$","M","?","M","E","R","M","T","R","$","R","T","?","R","B",null,"M"],"character_chosen":"THE_DT","items_purchased":["DTMod:DragonDance","DTMod:AncientBone","HandDrill","Angel_Ring"],"campfire_rested":5,"item_purchase_floors":[19,19,19,28],"current_hp_per_floor":[45,45,45,45,45,41,41,41,41,41,41,41,49,49,49,49,49,49,49,49,49,49,49,49,49,49,49,49,49,49,49,49,31,49,49,49,49],"gold":109,"neow_bonus":"TEN_PERCENT_HP_BONUS","is_daily":false,"chose_seed":false,"campfire_upgraded":0,"win_rate":0.0,"timestamp":1610665041,"path_taken":["M","?","?","M","M","E","M","?","T","M","M","M","R","M","R","BOSS","M","$","M","?","?","E","R","M","T","R","?","R","?","?","R","BOSS","M"],"items_purchased_type":["Card","Relic","Relic","Relic"],"build_version":"2020-12-22","purchased_purges":0,"victory":false,"max_hp_per_floor":[49,49,49,49,49,49,49,49,49,49,49,49,49,49,49,49,49,49,49,49,49,49,49,49,49,49,49,49,49,49,49,49,49,49,49,49,49],"card_choices":[{"not_picked":["DTMod:Training","DTMod:MagiciansMark"],"picked":"DTMod:BreakAttack","floor":1.0},{"not_picked":["DTMod:CleansingStrike","DTMod:ComboAttack"],"picked":"DTMod:Feint","floor":4.0},{"not_picked":["DTMod:CrossStep","DTMod:MasterPlan","DTMod:BurningEnergy"],"picked":"SKIP","floor":5.0},{"not_picked":["DTMod:ComboAttack","DTMod:GearUp"],"picked":"DTMod:QuickFly","floor":6.0},{"not_picked":["DTMod:Training","DTMod:GhostSkin"],"picked":"DTMod:Haste","floor":7.0},{"not_picked":["DTMod:BlazingStrike","DTMod:MasterPlan","DTMod:Training"],"picked":"SKIP","floor":10.0},{"not_picked":["DTMod:SneakAttack","DTMod:Adaptation","DTMod:Cover"],"picked":"SKIP","floor":11.0},{"not_picked":["DTMod:BlazingStrike","DTMod:GhostSkin","DTMod:BreakAttack"],"picked":"SKIP","floor":12.0},{"not_picked":["DTMod:TauntingStrike","DTMod:BuildUp","DTMod:Cover"],"picked":"SKIP","floor":14.0},{"not_picked":["DTMod:SealedStrike","DTMod:FierySynthesis"],"picked":"DTMod:Multitask","floor":16.0},{"not_picked":["DTMod:Training+1","DTMod:Punisher"],"picked":"DTMod:Feint","floor":18.0},{"not_picked":["DTMod:CalculatedDefense+1","DTMod:LastStand","DTMod:CleansingStrike"],"picked":"SKIP","floor":20.0},{"not_picked":["DTMod:Punisher","DTMod:BuildUp","DTMod:BlueScale"],"picked":"SKIP","floor":22.0},{"not_picked":["DTMod:BreakAttack+1","DTMod:Cover"],"picked":"DTMod:Training+1","floor":23},{"not_picked":["DTMod:Hide","DTMod:BlazingStrike","DTMod:MasterPlan+1"],"picked":"SKIP","floor":25}],"player_experience":472140,"relics_obtained":[{"floor":6.0,"key":"Blue Candle"},{"floor":9.0,"key":"Whetstone"},{"floor":23,"key":"Vajra"},{"floor":26,"key":"beaked:ShinyBauble"},{"floor":30,"key":"Bromod:ArcaneGuardian"}],"event_choices":[{"damage_healed":45.0,"max_hp_gain":0.0,"max_hp_loss":49.0,"gold_gain":0.0,"event_name":"betterThird:BetterShining","player_choice":"Leave","floor":2.0,"gold_loss":0.0,"damage_taken":0.0},{"damage_healed":0.0,"max_hp_gain":0.0,"max_hp_loss":0.0,"gold_gain":71.0,"event_name":"Golden Wing","player_choice":"Gained Gold","floor":8.0,"gold_loss":0.0,"damage_taken":0.0},{"damage_healed":0.0,"max_hp_gain":0.0,"max_hp_loss":0.0,"gold_gain":0.0,"event_name":"Lab","player_choice":"Got Potions","floor":21.0,"gold_loss":0.0,"damage_taken":0.0},{"damage_healed":0,"gold_gain":0,"player_choice":"Read","damage_taken":0,"max_hp_gain":0,"max_hp_loss":0,"event_name":"The Library","floor":31,"gold_loss":0,"cards_obtained":["DTMod:SealedStrike"]}],"is_beta":false,"boss_relics":[{"not_picked":["Snecko Eye","Philosopher\u0027s Stone","beaked:MawFillet"]},{"not_picked":["Bromod:ArcaneGrace","Cursed Key"],"picked":"SlaversCollar"}],"items_purged_floors":[],"is_endless":false,"potions_floor_spawned":[3,4,6,7,14,18,23,25,33],"killed_by":"3 Darklings","ascension_level":0}}