{"host":"dubvjd3hvlwuhjqk","time":1610620809,"event":{"mods":["BaseMod","Better Match","Better Third Choice","BetterRewards","Colored Map","Colored Powertips","Conspire","Curses Come First","Downfall","Energized Spire","Googly Eyes","GungeonMod","Hermit","Hubris","Infinite Spire","Minty Spire (QoL Compilation)","Permanent Neow","Quick Restart","Robot Space Explorer","Shade Mod","Shop Mod","StSLib","The Bladedancer","The Cursed","The Hayseed","The Jungle","TheBandit","UnlockEverythingMod","egg"],"gold_per_floor":[114,114,137,137,148,189,189,189,189,242,261,300,319,131,131,235,235,263,287,314,347,347,347,378,378,378,397,397,427,427,462,462,566,566,585,585,611,643,378,410,453,453,453,469,812,827,827,770,770,770,770],"floor_reached":50,"language":"ENG","playtime":3078,"items_purged":["DemoMod:FortunesFavor"],"score":695,"play_id":"eb32c05c-0b58-4dcc-9cd3-1ba26fcb782e","local_time":"20210114124009","is_ascension_mode":false,"campfire_choices":[{"data":"DemoMod:CrossBow","floor":8,"key":"SMITH"},{"floor":15,"key":"REST"},{"data":"DemoMod:ShadowBullets","floor":23,"key":"SMITH"},{"data":"1","floor":30,"key":"LIFT"},{"floor":32,"key":"REST"},{"floor":42,"key":"RECALL"},{"data":"2","floor":47,"key":"LIFT"},{"floor":49,"key":"REST"}],"circlet_count":0,"master_deck":["DemoMod:Strike_Huntress","DemoMod:Strike_Huntress","DemoMod:Strike_Huntress","DemoMod:Defend_Huntress","DemoMod:Defend_Huntress","DemoMod:Defend_Huntress","DemoMod:Defend_Huntress","DemoMod:Roll","DemoMod:ManualReload","DemoMod:RustySidearm","DemoMod:CrossBow+1","DemoMod:ProbeStrike","DemoMod:TripleGun","DemoMod:MegaHand","DemoMod:ShadowBullets+1","DemoMod:Polaris","DemoMod:BSG","DemoMod:Unity+1","DemoMod:Unmoved+1","DemoMod:FinishedGun","DemoMod:FastSwitch+1","DemoMod:JK47+1","DemoMod:Unity+1","DemoMod:BlankBullets+1","Discovery+1"],"relics":["DemoMod:Dog","hubris:SlimyHat","hubris:Towel","conspire:Dentures","CeramicFish","hubris:FruitBowl","Singing Bowl","hubris:CuriousFeather","DemoMod:ResourcefulSack","Membership Card","Sozu","conspire:SpecialSausage","DemoMod:HoleyGrail","Girya","StrikeDummy","infinitespire:CheckeredPen","Bag of Preparation","Strawberry","hubris:RunicObelisk","DemoMod:Metronome","Lantern","OrangePellets","The Courier","Thread and Needle","CaptainsWheel","DemoMod:Bottle","hubris:MedicalManual","Old Coin"],"acts_visited":["Exordium","TheCity","TheBeyond"],"potions_floor_usage":[12,13,13,16,19],"damage_taken":[{"damage":0,"enemies":"Small Slimes","floor":1,"turns":3},{"damage":0,"enemies":"Jaw Worm","floor":5,"turns":3},{"damage":28,"enemies":"3 Sentries","floor":6,"turns":8},{"damage":0,"enemies":"conspire:RoseBush","floor":10,"turns":3},{"damage":7,"enemies":"conspire:2 RoseBushes","floor":11,"turns":10},{"damage":0,"enemies":"Gremlin Nob","floor":12,"turns":2},{"damage":19,"enemies":"Gremlin Gang","floor":13,"turns":5},{"damage":33,"enemies":"The Guardian","floor":16,"turns":8},{"damage":11,"enemies":"2 Thieves","floor":18,"turns":3},{"damage":0,"enemies":"Chosen","floor":19,"turns":3},{"damage":7,"enemies":"Centurion and Healer","floor":20,"turns":3},{"damage":4,"enemies":"Chosen and Byrds","floor":21,"turns":3},{"damage":0,"enemies":"conspire:SneckoGhost","floor":24,"turns":2},{"damage":0,"enemies":"Snake Plant","floor":27,"turns":2},{"damage":5,"enemies":"Book of Stabbing","floor":29,"turns":2},{"damage":8,"enemies":"conspire:MimicChest","floor":31,"turns":3},{"damage":25,"enemies":"conspire:MysteriousRune","floor":33,"turns":5},{"damage":17,"enemies":"Orb Walker","floor":35,"turns":3},{"damage":1,"enemies":"3 Darklings","floor":37,"turns":3},{"damage":0,"enemies":"Transient","floor":38,"turns":5},{"damage":15,"enemies":"Giant Head","floor":40,"turns":4},{"damage":15,"enemies":"Sphere and 2 Shapes","floor":41,"turns":5},{"damage":0,"enemies":"Sphere and 2 Shapes","floor":44,"turns":2},{"damage":10,"enemies":"Maw","floor":45,"turns":5},{"damage":0,"enemies":"Maw","floor":46,"turns":4},{"damage":227,"enemies":"conspire:OrnateMirror","floor":50,"turns":4}],"seed_played":"648687329197696967","potions_obtained":[{"floor":1,"key":"Fire Potion"},{"floor":6,"key":"sneckomod:MuddlingPotion"},{"floor":10,"key":"sneckomod:MuddlingPotion"},{"floor":13,"key":"AttackPotion"},{"floor":16,"key":"Weak Potion"}],"is_trial":false,"path_per_floor":["M","?","T","?","M","E","$","R","T","M","M","E","M","$","R","B",null,"M","M","M","M","AVR","R","E","?","T","M","?","E","R","?","R","B",null,"M","?","M","M","$","E","?","R","T","M","?","M","R","?","R","B"],"character_chosen":"HUNTRESS","items_purchased":["hubris:FruitBowl","Membership Card","DemoMod:ShadowBullets","DemoMod:Polaris","DemoMod:Metronome","Lantern","OrangePellets"],"campfire_rested":3,"item_purchase_floors":[7,14,14,14,39,39,39],"current_hp_per_floor":[77,77,77,77,77,49,30,30,30,33,29,29,13,13,38,5,86,75,75,68,67,67,67,70,70,70,73,56,54,54,59,94,69,118,104,88,87,87,87,75,63,63,63,66,56,59,59,62,105,0,0],"gold":770,"neow_bonus":"TEN_PERCENT_HP_BONUS","is_daily":false,"chose_seed":false,"campfire_upgraded":2,"win_rate":0.0,"timestamp":1610620809,"path_taken":["M","?","?","?","M","E","?","R","T","?","M","E","M","$","R","BOSS","M","M","M","M","AVR","R","E","?","T","?","?","E","R","?","R","BOSS","M","?","M","M","$","E","?","R","T","M","?","?","R","?","R","BOSS"],"items_purchased_type":["Relic","Relic","Card","Card","Relic","Relic","Relic"],"build_version":"2020-12-22","purchased_purges":1,"victory":false,"max_hp_per_floor":[77,77,77,77,77,77,77,77,77,80,83,83,86,86,86,86,86,86,86,86,89,89,89,92,92,92,95,102,105,105,118,118,118,118,121,131,131,131,131,134,137,137,137,140,140,143,143,146,146,146,146],"card_choices":[{"not_picked":["DemoMod:HardPowerCard","DemoMod:BoxingGlove"],"picked":"DemoMod:ProbeStrike","floor":1},{"not_picked":["DemoMod:BoxingGlove","DemoMod:Unmoved"],"picked":"DemoMod:TripleGun","floor":5},{"not_picked":["DemoMod:TripleGun","DemoMod:TeaPot"],"picked":"DemoMod:DirectionalPad","floor":6},{"not_picked":["DemoMod:Ejector","DemoMod:Elimentaler","DemoMod:ConditionalReflex"],"picked":"Singing Bowl","floor":10},{"not_picked":["DemoMod:AbyssalTentacle","DemoMod:AC15","DemoMod:Unmoved"],"picked":"Singing Bowl","floor":11},{"not_picked":["DemoMod:HighKaliber","DemoMod:GunstockTap"],"picked":"DemoMod:MegaHand","floor":12},{"not_picked":["DemoMod:ChanceBullets","DemoMod:Unmoved","DemoMod:DirectionalPad"],"picked":"Singing Bowl","floor":13},{"not_picked":["DemoMod:BalloonGun","DemoMod:BulletBore"],"picked":"DemoMod:BSG","floor":16},{"not_picked":["DemoMod:ZorGun","DemoMod:Purify"],"picked":"DemoMod:Unity+1","floor":18},{"not_picked":["DemoMod:Purify+1","DemoMod:ProbeStrike"],"picked":"DemoMod:Unmoved+1","floor":19},{"not_picked":["DemoMod:SAA","DemoMod:Slinger"],"picked":"DemoMod:FortunesFavor","floor":20},{"not_picked":["DemoMod:ProbeStrike","DemoMod:MachoBrace+1","DemoMod:DirectionalPad"],"picked":"Singing Bowl","floor":21},{"not_picked":["DemoMod:MachoBrace","DemoMod:HungryBullets","DemoMod:AC15"],"picked":"Singing Bowl","floor":24},{"not_picked":["DemoMod:Camera","DemoMod:SkilledReload","DemoMod:StickyCrossBow+1"],"picked":"Singing Bowl","floor":27},{"not_picked":["DemoMod:ChanceBullets","DemoMod:AC15","DemoMod:GunstockTap"],"picked":"Singing Bowl","floor":29},{"not_picked":["DemoMod:Camera+1","DemoMod:DirectionalPad","DemoMod:RadGun"],"picked":"Singing Bowl","floor":31},{"not_picked":["DemoMod:DarkMarker","DemoMod:Slinger"],"picked":"DemoMod:FinishedGun","floor":33},{"not_picked":["DemoMod:Polaris+1","DemoMod:HighKaliber+1","DemoMod:HuntsMan"],"picked":"Singing Bowl","floor":35},{"not_picked":["DemoMod:ConditionalReflex","DemoMod:DirectionalPad+1"],"picked":"DemoMod:FastSwitch+1","floor":37},{"not_picked":["DemoMod:BoxingGlove+1","DemoMod:ProbeStrike+1"],"picked":"DemoMod:JK47+1","floor":38},{"not_picked":["DemoMod:DirectionalPad","DemoMod:ProbeStrike","DemoMod:SAA+1"],"picked":"Singing Bowl","floor":40},{"not_picked":["DemoMod:Purify","DemoMod:DirectionalPad","DemoMod:MachoBrace+1"],"picked":"Singing Bowl","floor":41},{"not_picked":["DemoMod:HuntsMan+1","DemoMod:AC15","DemoMod:StickyCrossBow"],"picked":"Singing Bowl","floor":44},{"not_picked":["DemoMod:Purify+1","DemoMod:SAA"],"picked":"DemoMod:Unity+1","floor":45},{"not_picked":["DemoMod:BoxingGlove+1","DemoMod:Unity","DemoMod:GunstockTap+1"],"picked":"Singing Bowl","floor":46},{"not_picked":["DemoMod:ThirdPartyController+1","DemoMod:BalloonGun+1"],"picked":"DemoMod:BlankBullets+1","floor":48},{"not_picked":["DemoMod:LifeOrb+1","DemoMod:Unity+1","DemoMod:GunShield+1"],"picked":"Singing Bowl","floor":48},{"not_picked":["Impatience+1","Deep Breath+1"],"picked":"Discovery+1","floor":48}],"player_experience":82391,"relics_obtained":[{"floor":3,"key":"hubris:SlimyHat"},{"floor":5,"key":"conspire:Dentures"},{"floor":6,"key":"CeramicFish"},{"floor":9,"key":"Singing Bowl"},{"floor":11,"key":"hubris:CuriousFeather"},{"floor":12,"key":"DemoMod:ResourcefulSack"},{"floor":24,"key":"Girya"},{"floor":25,"key":"StrikeDummy"},{"floor":26,"key":"infinitespire:CheckeredPen"},{"floor":29,"key":"Bag of Preparation"},{"floor":31,"key":"Strawberry"},{"floor":40,"key":"The Courier"},{"floor":41,"key":"Thread and Needle"},{"floor":41,"key":"CaptainsWheel"},{"floor":43,"key":"DemoMod:Bottle"},{"floor":45,"key":"hubris:MedicalManual"},{"floor":45,"key":"Old Coin"}],"event_choices":[{"damage_healed":0,"gold_gain":0,"player_choice":"Leave","damage_taken":0,"max_hp_gain":0,"max_hp_loss":0,"event_name":"conspire:Investor","floor":2,"gold_loss":0},{"damage_healed":0,"gold_gain":0,"player_choice":"Relic","damage_taken":0,"max_hp_gain":0,"max_hp_loss":0,"event_name":"Wheel of Change","floor":25,"gold_loss":0},{"damage_healed":0,"gold_gain":0,"player_choice":"Shed Blood","damage_taken":24,"max_hp_gain":5,"max_hp_loss":0,"event_name":"Forgotten Altar","floor":28,"gold_loss":0},{"damage_healed":0,"gold_gain":0,"player_choice":"Random: Orange","damage_taken":0,"max_hp_gain":0,"max_hp_loss":0,"event_name":"betterThird:BetterPortal","floor":48,"gold_loss":0},{"damage_healed":0,"gold_gain":0,"player_choice":"2","damage_taken":0,"max_hp_gain":0,"max_hp_loss":0,"event_name":"betterMatch:BetterMatch","floor":48,"gold_loss":0,"cards_obtained":["betterMatch:RareCard","betterMatch:UncommonCard","betterMatch:ColorlessUncommonCard"]}],"is_beta":false,"boss_relics":[{"not_picked":["hubris:TerracottaHorce","Tiny House"],"picked":"Sozu"},{"not_picked":["conspire:SeveredTorchhead","Pandora\u0027s Box"],"picked":"hubris:RunicObelisk"}],"items_purged_floors":[39],"is_endless":false,"potions_floor_spawned":[1,6,10,13,16,18,21,29,38,40,44],"killed_by":"conspire:OrnateMirror","ascension_level":0}}