{"host":"dhlnk6yox2l1s6up","time":1610665080,"event":{"mods":["BaseMod","Colored Map","Highlight Path","Minty Spire (QoL Compilation)","Relic Stats","StSLib"],"gold_per_floor":[112,0,0,11,11,46,60,77,77,112,185,204,224,238,238,338,338,355,373,387,387,411,411,429,444,444,444,473,488,488,523,523,627,627,647,647,667,85,85,85,85,110,110,110,121,132,132,150,150,150,150,150,45,76,76,76],"floor_reached":55,"language":"ENG","playtime":3511,"items_purged":["Clumsy","Cleave"],"score":1039,"play_id":"590c692c-c292-4362-8c41-1500903fac06","local_time":"20210114165800","is_ascension_mode":true,"campfire_choices":[{"data":"Inflame","floor":15.0,"key":"SMITH"},{"data":"Twin Strike","floor":23.0,"key":"SMITH"},{"data":"Dark Embrace","floor":27.0,"key":"SMITH"},{"data":"Bash","floor":32.0,"key":"SMITH"},{"floor":40.0,"key":"RECALL"},{"data":"Barricade","floor":44.0,"key":"SMITH"},{"data":"Feel No Pain","floor":47.0,"key":"SMITH"},{"floor":49.0,"key":"REST"},{"data":"Uppercut","floor":52.0,"key":"SMITH"}],"circlet_count":0,"master_deck":["Strike_R","Strike_R","Strike_R","Defend_R+1","Defend_R","Defend_R","Defend_R","Bash+1","Ghostly Armor","Twin Strike+1","Disarm+1","Inflame+1","Sword Boomerang","Shockwave","Spot Weakness","Impervious","Battle Trance+1","Armaments+1","Dark Embrace+1","Heavy Blade+1","Twin Strike","Barricade+1","True Grit+1","Fire Breathing","Feel No Pain+1","Uppercut+1","Dark Shackles","Blind","Flash of Steel","Panacea","Twin Strike"],"relics":["Burning Blood","Champion Belt","Singing Bowl","Eternal Feather","Bottled Tornado","War Paint","StrikeDummy","Sozu","Oddly Smooth Stone","Bottled Lightning","Gambling Chip","CeramicFish","Mark of Pain","FossilizedHelix","MealTicket","Centennial Puzzle"],"acts_visited":["Exordium","TheCity","TheBeyond","TheEnding"],"potions_floor_usage":[54],"damage_taken":[{"damage":6.0,"enemies":"Jaw Worm","floor":1.0,"turns":6.0},{"damage":0.0,"enemies":"2 Louse","floor":4.0,"turns":4.0},{"damage":45.0,"enemies":"Lagavulin","floor":6.0,"turns":8.0},{"damage":0.0,"enemies":"Cultist","floor":7.0,"turns":3.0},{"damage":1.0,"enemies":"Blue Slaver","floor":8.0,"turns":6.0},{"damage":24.0,"enemies":"Gremlin Nob","floor":10.0,"turns":5.0},{"damage":1.0,"enemies":"3 Louse","floor":12.0,"turns":2.0},{"damage":5.0,"enemies":"Red Slaver","floor":13.0,"turns":4.0},{"damage":3.0,"enemies":"Looter","floor":14.0,"turns":3.0},{"damage":8.0,"enemies":"The Guardian","floor":16.0,"turns":10.0},{"damage":13.0,"enemies":"3 Byrds","floor":18.0,"turns":5.0},{"damage":1.0,"enemies":"2 Thieves","floor":19.0,"turns":4.0},{"damage":8.0,"enemies":"Snake Plant","floor":20.0,"turns":5.0},{"damage":0.0,"enemies":"Centurion and Healer","floor":24.0,"turns":4.0},{"damage":1.0,"enemies":"Shelled Parasite and Fungi","floor":25.0,"turns":5.0},{"damage":0.0,"enemies":"Gremlin Leader","floor":28.0,"turns":6.0},{"damage":7.0,"enemies":"Chosen and Byrds","floor":29.0,"turns":6.0},{"damage":24.0,"enemies":"Slavers","floor":31.0,"turns":4.0},{"damage":39.0,"enemies":"Automaton","floor":33.0,"turns":9.0},{"damage":7.0,"enemies":"3 Darklings","floor":35.0,"turns":6.0},{"damage":6.0,"enemies":"Orb Walker","floor":37.0,"turns":4.0},{"damage":80.0,"enemies":"Reptomancer","floor":42.0,"turns":7.0},{"damage":11.0,"enemies":"Jaw Worm Horde","floor":45.0,"turns":5.0},{"damage":3.0,"enemies":"4 Shapes","floor":46.0,"turns":8.0},{"damage":72.0,"enemies":"Donu and Deca","floor":50.0,"turns":9.0},{"damage":74,"enemies":"Shield and Spear","floor":54,"turns":11},{"damage":53,"enemies":"The Heart","floor":55,"turns":8}],"seed_played":"8740989232564864079","potions_obtained":[{"floor":1.0,"key":"SneckoOil"},{"floor":7.0,"key":"AttackPotion"},{"floor":10.0,"key":"GamblersBrew"},{"floor":16.0,"key":"Regen Potion"}],"is_trial":false,"path_per_floor":["M","$","?","M","?","E","M","M","T","E","T","M","M","M","R","B",null,"M","M","M","?","T","R","M","M","T","R","E","M","?","E","R","B",null,"M","?","M","$","?","R","T","E","T","R","M","M","R","?","R","B",null,"R","$","E","B"],"character_chosen":"IRONCLAD","items_purchased":["Ghostly Armor","FossilizedHelix","Feel No Pain","Uppercut","Dark Shackles","Panacea","Twin Strike"],"campfire_rested":1,"item_purchase_floors":[2,38,38,38,38,53,53],"current_hp_per_floor":[72,72,60,66,59,22,28,33,33,17,17,22,23,26,35,33,71,66,73,71,71,71,80,86,88,88,88,88,89,71,53,65,32,79,78,78,78,78,78,93,93,21,21,36,33,38,53,45,90,24,83,98,103,52,0,0],"gold":76,"neow_bonus":"ONE_RARE_RELIC","is_daily":false,"chose_seed":false,"campfire_upgraded":7,"win_rate":0.0,"timestamp":1610665080,"path_taken":["M","$","?","M","?","E","M","M","T","E","?","M","M","M","R","BOSS","M","M","M","?","?","R","M","?","T","R","E","M","?","E","R","BOSS","M","?","?","$","?","R","?","E","T","R","?","M","R","?","R","BOSS","R","$","E","BOSS"],"items_purchased_type":["Card","Relic","Card","Card","Card","Card","Card"],"build_version":"2020-12-22","purchased_purges":2,"victory":false,"max_hp_per_floor":[80,80,80,80,80,82,82,82,82,84,84,84,84,84,84,84,84,86,88,88,88,88,88,88,88,88,88,88,90,95,95,95,95,95,95,95,95,95,95,95,95,97,97,97,99,101,101,103,103,103,103,103,103,105,105,105],"relic_stats":{"Sozu":7,"Centennial Puzzle":[3],"Singing Bowl":20,"counters":[27,157],"Gambling Chip":[16],"CeramicFish":99,"Eternal Feather":105,"MealTicket":5,"Champion Belt":[69],"War Paint":["Defend_R","Disarm"],"obtain_stats":[{"Singing Bowl":3,"CeramicFish":31,"Oddly Smooth Stone":22,"Eternal Feather":6,"Bottled Tornado":9,"War Paint":10,"Burning Blood":0,"Sozu":17,"Centennial Puzzle":54,"Gambling Chip":28,"MealTicket":42,"Mark of Pain":34,"Champion Belt":0,"Bottled Lightning":26,"StrikeDummy":11,"FossilizedHelix":38},{"Singing Bowl":1,"CeramicFish":18,"Oddly Smooth Stone":13,"Eternal Feather":3,"Bottled Tornado":5,"War Paint":6,"Burning Blood":0,"Sozu":10,"Centennial Puzzle":26,"Gambling Chip":16,"MealTicket":22,"Mark of Pain":19,"Champion Belt":0,"Bottled Lightning":15,"StrikeDummy":6,"FossilizedHelix":21},{"Singing Bowl":6,"CeramicFish":90,"Oddly Smooth Stone":65,"Eternal Feather":18,"Bottled Tornado":27,"War Paint":32,"Burning Blood":0,"Sozu":51,"Centennial Puzzle":149,"Gambling Chip":80,"MealTicket":116,"Mark of Pain":99,"Champion Belt":0,"Bottled Lightning":74,"StrikeDummy":32,"FossilizedHelix":109}],"Burning Blood":147},"card_choices":[{"not_picked":["Perfected Strike","Body Slam"],"picked":"Cleave","floor":1.0},{"not_picked":["Pommel Strike","Reckless Charge"],"picked":"Twin Strike","floor":4.0},{"not_picked":["Dual Wield","Clash","Searing Blow"],"picked":"Singing Bowl","floor":6.0},{"not_picked":["Armaments","Shrug It Off"],"picked":"Disarm","floor":7.0},{"not_picked":["Heavy Blade","Havoc"],"picked":"Inflame","floor":8.0},{"not_picked":["Rage","Body Slam","Iron Wave"],"picked":"Singing Bowl","floor":10.0},{"not_picked":["Body Slam","Sentinel"],"picked":"Sword Boomerang","floor":12.0},{"not_picked":["True Grit","Sentinel"],"picked":"Shockwave","floor":13.0},{"not_picked":["Exhume","Havoc"],"picked":"Spot Weakness","floor":14.0},{"not_picked":["Berserk","Barricade"],"picked":"Impervious","floor":16.0},{"not_picked":["Ghostly Armor","Inflame","Iron Wave"],"picked":"Singing Bowl","floor":18.0},{"not_picked":["Hemokinesis+1","Flex+1","True Grit"],"picked":"Singing Bowl","floor":19.0},{"not_picked":["Body Slam","Flame Barrier"],"picked":"Battle Trance+1","floor":20.0},{"not_picked":["Warcry","Sever Soul"],"picked":"Armaments+1","floor":24.0},{"not_picked":["Dropkick","Clash"],"picked":"Dark Embrace","floor":25.0},{"not_picked":["Feed","Havoc"],"picked":"Heavy Blade+1","floor":28.0},{"not_picked":["Flex","Cleave","Headbutt"],"picked":"Singing Bowl","floor":29.0},{"not_picked":["Havoc+1","Barricade"],"picked":"Twin Strike","floor":31.0},{"not_picked":["Limit Break","Immolate"],"picked":"Barricade","floor":33.0},{"not_picked":["Armaments","Uppercut"],"picked":"True Grit+1","floor":35.0},{"not_picked":["Iron Wave","Pommel Strike"],"picked":"Fire Breathing","floor":37.0},{"not_picked":["Reckless Charge+1","True Grit+1","Heavy Blade"],"picked":"Singing Bowl","floor":42.0},{"not_picked":["Shockwave","Sword Boomerang","Combust+1"],"picked":"Singing Bowl","floor":45.0},{"not_picked":["Carnage","Sword Boomerang+1","Rage+1"],"picked":"Singing Bowl","floor":46.0},{"not_picked":["Madness","Impatience"],"picked":"Blind","floor":48.0},{"not_picked":["Mind Blast","Swift Strike"],"picked":"Flash of Steel","floor":48.0},{"not_picked":["Bandage Up","HandOfGreed","Good Instincts"],"picked":"Singing Bowl","floor":48.0},{"not_picked":["Havoc+1","Sentinel","Clothesline"],"picked":"Singing Bowl","floor":54}],"player_experience":5794306,"relics_obtained":[{"floor":6.0,"key":"Eternal Feather"},{"floor":9.0,"key":"Bottled Tornado"},{"floor":10.0,"key":"War Paint"},{"floor":11.0,"key":"StrikeDummy"},{"floor":22.0,"key":"Oddly Smooth Stone"},{"floor":26.0,"key":"Bottled Lightning"},{"floor":28.0,"key":"Gambling Chip"},{"floor":31.0,"key":"CeramicFish"},{"floor":42.0,"key":"MealTicket"},{"floor":54,"key":"Centennial Puzzle"}],"event_choices":[{"damage_healed":0.0,"max_hp_gain":0.0,"max_hp_loss":0.0,"gold_gain":0.0,"event_name":"Scrap Ooze","player_choice":"Success","floor":3.0,"gold_loss":0.0,"damage_taken":12.0,"relics_obtained":["Singing Bowl"]},{"cards_removed":["Strike_R"],"damage_healed":0.0,"max_hp_gain":0.0,"max_hp_loss":0.0,"gold_gain":0.0,"event_name":"Golden Wing","player_choice":"Card Removal","floor":5.0,"gold_loss":0.0,"damage_taken":7.0},{"damage_healed":0.0,"max_hp_gain":0.0,"max_hp_loss":0.0,"gold_gain":0.0,"event_name":"Vampires","player_choice":"Ignored","floor":21.0,"gold_loss":0.0,"damage_taken":0.0},{"damage_healed":0.0,"max_hp_gain":5.0,"max_hp_loss":0.0,"gold_gain":0.0,"event_name":"Forgotten Altar","player_choice":"Shed Blood","floor":30.0,"gold_loss":0.0,"damage_taken":23.0},{"damage_healed":0.0,"max_hp_gain":0.0,"max_hp_loss":0.0,"gold_gain":0.0,"event_name":"Match and Keep!","player_choice":"0 cards matched","floor":36.0,"gold_loss":0.0,"damage_taken":0.0,"cards_obtained":[]},{"cards_removed":["Strike_R"],"damage_healed":0.0,"max_hp_gain":0.0,"max_hp_loss":0.0,"gold_gain":0.0,"event_name":"Falling","player_choice":"Removed Attack","floor":39.0,"gold_loss":0.0,"damage_taken":0.0},{"damage_healed":0.0,"max_hp_gain":0.0,"max_hp_loss":0.0,"gold_gain":0.0,"event_name":"SensoryStone","player_choice":"Memory 3","floor":48.0,"gold_loss":0.0,"damage_taken":10.0}],"is_beta":false,"boss_relics":[{"not_picked":["Philosopher\u0027s Stone","Pandora\u0027s Box"],"picked":"Sozu"},{"not_picked":["SlaversCollar","SacredBark"],"picked":"Mark of Pain"}],"items_purged_floors":[2,38],"is_endless":false,"potions_floor_spawned":[1,7,10,16,19,24,25,31,37,46,54],"killed_by":"The Heart","ascension_level":8}}