{"host":"3oax8yz66k5njorr","time":1610595785,"event":{"mods":["AchievementEnabler","BaseMod","Colored Map","Colored Powertips","DeckTracker","Minty Spire (QoL Compilation)","Rare Cards Sparkle"],"gold_per_floor":[116,130,143,143,158,191,0,0,45,80,98,109,127,140,140,245,245,258,271,285,298,309,41,41,41],"floor_reached":24,"language":"KOR","playtime":1500,"items_purged":["Strike_G"],"score":216,"play_id":"a714d60b-b12f-440f-a29d-6e6435c6f789","local_time":"20210114124305","is_ascension_mode":false,"campfire_choices":[{"data":"Accuracy","floor":8,"key":"SMITH"},{"floor":15,"key":"REST"}],"circlet_count":0,"master_deck":["Strike_G","Strike_G","Strike_G","Strike_G","Defend_G","Defend_G","Defend_G","Defend_G","Defend_G","Survivor","Neutralize","Quick Slash","Cloak And Dagger","Dagger Throw","Dash","Accuracy+1","Choke","Well Laid Plans","Finisher","Blur","Storm of Steel","Blur","Footwork","Backstab+1","Tactician+1","Blade Dance","Envenom"],"relics":["Ring of the Snake","NeowsBlessing","Shuriken","TwistedFunnel","MealTicket","Blood Vial","WristBlade"],"acts_visited":["Exordium","TheCity"],"potions_floor_usage":[6,10,10,16,20,24],"damage_taken":[{"damage":0,"enemies":"Small Slimes","floor":1,"turns":1},{"damage":0,"enemies":"Cultist","floor":2,"turns":1},{"damage":0,"enemies":"Jaw Worm","floor":3,"turns":1},{"damage":24,"enemies":"Gremlin Gang","floor":5,"turns":4},{"damage":21,"enemies":"Lagavulin","floor":6,"turns":8},{"damage":20,"enemies":"3 Sentries","floor":10,"turns":8},{"damage":0,"enemies":"Large Slime","floor":11,"turns":5},{"damage":20,"enemies":"Exordium Thugs","floor":12,"turns":5},{"damage":3,"enemies":"Gremlin Gang","floor":13,"turns":3},{"damage":4,"enemies":"2 Fungi Beasts","floor":14,"turns":3},{"damage":37,"enemies":"The Guardian","floor":16,"turns":13},{"damage":1,"enemies":"Shell Parasite","floor":18,"turns":5},{"damage":0,"enemies":"Chosen","floor":19,"turns":3},{"damage":15,"enemies":"3 Cultists","floor":20,"turns":6},{"damage":18,"enemies":"Centurion and Healer","floor":21,"turns":9},{"damage":12,"enemies":"Chosen and Byrds","floor":22,"turns":4},{"damage":52,"enemies":"Book of Stabbing","floor":24,"turns":7}],"seed_played":"5426816539358839056","potions_obtained":[{"floor":1,"key":"Regen Potion"},{"floor":3,"key":"Regen Potion"},{"floor":10,"key":"Fruit Juice"},{"floor":11,"key":"Block Potion"},{"floor":16,"key":"FearPotion"},{"floor":18,"key":"GhostInAJar"},{"floor":20,"key":"BlessingOfTheForge"},{"floor":22,"key":"Dexterity Potion"}],"is_trial":false,"path_per_floor":["M","M","M","?","M","E","$","R","T","E","M","M","M","M","R","B",null,"M","M","M","M","M","$","E"],"character_chosen":"THE_SILENT","items_purchased":["TwistedFunnel","Choke","Blade Dance","Envenom"],"campfire_rested":1,"item_purchase_floors":[7,7,23,23],"current_hp_per_floor":[70,70,70,70,46,40,40,40,40,40,42,24,23,21,43,8,75,74,75,60,44,34,49,0,0],"gold":41,"neow_bonus":"THREE_ENEMY_KILL","is_daily":false,"chose_seed":false,"campfire_upgraded":1,"win_rate":0.0,"timestamp":1610595785,"path_taken":["M","M","M","?","M","E","$","R","T","E","M","M","M","M","R","BOSS","M","M","M","M","M","?","E"],"items_purchased_type":["Relic","Card","Card","Card"],"build_version":"2020-12-22","purchased_purges":1,"victory":false,"max_hp_per_floor":[70,70,70,70,70,70,70,70,70,75,75,75,75,75,75,75,75,75,75,75,75,75,75,75,75],"card_choices":[{"not_picked":["Expertise","Slice"],"picked":"Quick Slash","floor":1},{"not_picked":["Deadly Poison","Flying Knee"],"picked":"Cloak And Dagger","floor":2},{"not_picked":["Crippling Poison","Prepared"],"picked":"Dagger Throw","floor":3},{"not_picked":["Catalyst","Well Laid Plans"],"picked":"Dash","floor":5},{"not_picked":["Underhanded Strike","Terror"],"picked":"Accuracy","floor":6},{"not_picked":["Flechettes","Dash","Crippling Poison"],"picked":"SKIP","floor":10},{"not_picked":["Dagger Throw","Bouncing Flask"],"picked":"Well Laid Plans","floor":11},{"not_picked":["Dagger Throw","Bane","Slice"],"picked":"SKIP","floor":12},{"not_picked":["Terror","Underhanded Strike"],"picked":"Finisher","floor":13},{"not_picked":["Masterful Stab","Malaise"],"picked":"Blur","floor":14},{"not_picked":["Wraith Form v2","Glass Knife"],"picked":"Storm of Steel","floor":16},{"not_picked":["Dagger Spray","Expertise+1"],"picked":"Blur","floor":18},{"not_picked":["Flechettes","Choke","Bane"],"picked":"SKIP","floor":19},{"not_picked":["Sucker Punch","Underhanded Strike"],"picked":"Footwork","floor":20},{"not_picked":["Deadly Poison+1","Calculated Gamble+1"],"picked":"Backstab+1","floor":21},{"not_picked":["Sucker Punch","Backflip"],"picked":"Tactician+1","floor":22}],"player_experience":47755,"relics_obtained":[{"floor":6,"key":"Shuriken"},{"floor":9,"key":"MealTicket"},{"floor":10,"key":"Blood Vial"}],"event_choices":[{"damage_healed":0,"gold_gain":0,"player_choice":"Ignored","damage_taken":0,"max_hp_gain":0,"max_hp_loss":0,"event_name":"NoteForYourself","floor":4,"gold_loss":0}],"is_beta":false,"boss_relics":[{"not_picked":["Sozu","Philosopher\u0027s Stone"],"picked":"WristBlade"}],"items_purged_floors":[23],"is_endless":false,"potions_floor_spawned":[1,3,10,11,16,18,20,22],"killed_by":"Book of Stabbing","ascension_level":0}}