{"host":"ugys05tpep779cl6","time":1610640173,"event":{"mods":["AchievementEnabler","Aspiration","BaseMod","Beaked The Cultist","CatGirl Mod","Colored Powertips","HololiveMod","Lobotomy","Minty Spire (QoL Compilation)","Quick Restart","Replay The Spire","Spicy Shops","StSLib","The Druid","vexMod"],"gold_per_floor":[103,103,133,174,38,75,75,119,171,196,231,240,282,296,296,417,417,448,468,491,514,545,588,588,617,644,644,674,720,749,792,792,900,900,932,949,949,974,616,691,703,757,769,781,793,631,671,697,697,705,705,705,331,409,480],"floor_reached":56,"language":"ENG","playtime":4610,"items_purged":[],"score":2203,"play_id":"82273dde-3259-4063-85bf-a55e6c086ae8","local_time":"20210114170253","is_ascension_mode":true,"campfire_choices":[{"data":"Hololive_CallSpadeEcho","floor":7.0,"key":"SMITH"},{"data":"Hololive_CallHoshimachiSuisei","floor":15.0,"key":"SMITH"},{"data":"Hololive_SoulCatcher","floor":24.0,"key":"SMITH"},{"data":"Hololive_FlareMind","floor":27.0,"key":"SMITH"},{"floor":32,"key":"DIG"},{"floor":41,"key":"DIG"},{"floor":44,"key":"RECALL"},{"data":"Hololive_DurableLive","floor":49,"key":"SMITH"},{"data":"Hololive_CallYukihanaLamy","floor":52,"key":"SMITH"}],"circlet_count":0,"master_deck":["Hololive_Strike+1","Hololive_Defend","Hololive_Defend","Hololive_OvertimeWork","Hololive_CallNekomataOkayu","Hololive_CallSpadeEcho+1","Hololive_CallShiranuiFlare","Hololive_CallAZKi","Hololive_CallDoris","Hololive_CallCivia","Hololive_CallYukihanaLamy+1","Hololive_CallYozoraMel","Hololive_CallArtia","Hololive_CallAyundaRisu","Hololive_CallHoshimachiSuisei+1","Hololive_CallUruhaRushia","Hololive_CallOkamiMio","Hololive_CocoNews+1","Hololive_CallAkaiHaato","Hololive_FlareMind+1","Hololive_Spy+1","Hololive_CallAkiRosenthal+1","Hololive_CallAmaneKanata","Hololive_CallShishiroBotan","Hololive_SoulCatcher+1","Hololive_CallMomosuzuNene+8","Hololive_FlyingPonyTail","Hololive_StarCraft","Hololive_Watashimo+1","Hololive_CandyCastle","Hololive_DiamondStrike","Hololive_Yoholoon+1","Hololive_CallSakuraMiko","Hololive_CallNatsuiroMatsuri+1","Hololive_FlyingPonyTail+1","Hololive_DurableLive+1","Hololive_Yoholoon","Hololive_CallRoboco","Hololive_CallYuzukiChoco","Hololive_HuntDinosaur+1"],"relics":["Hololive_TheStar","CeramicFish","Bag of Marbles","aspiration:HummingbirdHeart","Hololive_LightStick","Quantum Egg","Coffee Dripper","Potion Belt","Anchor","Bag of Preparation","vexMod:FocusSash","Shovel","Juzu Bracelet","Snecko Eye","Bronze Scales","MawBank","Hololive_FriedShrimpLion","Omamori","Whetstone","Thread and Needle","vexMod:ScavengeHelm"],"acts_visited":["Exordium","TheCity","TheBeyond","TheEnding"],"potions_floor_usage":[54,54,54,55,55,55,55,55,55,55],"damage_taken":[{"damage":0.0,"enemies":"Small Slimes","floor":1.0,"turns":3.0},{"damage":0.0,"enemies":"Cultist","floor":3.0,"turns":3.0},{"damage":0.0,"enemies":"Jaw Worm","floor":4.0,"turns":5.0},{"damage":11.0,"enemies":"Gremlin Nob","floor":6.0,"turns":6.0},{"damage":0.0,"enemies":"Lagavulin","floor":8.0,"turns":6.0},{"damage":0.0,"enemies":"Gremlin Gang","floor":10.0,"turns":4.0},{"damage":0.0,"enemies":"Looter","floor":11.0,"turns":3.0},{"damage":0.0,"enemies":"3 Sentries","floor":13.0,"turns":5.0},{"damage":0.0,"enemies":"Large Slime","floor":14.0,"turns":6.0},{"damage":10.0,"enemies":"Fading Forest","floor":16.0,"turns":11.0},{"damage":0.0,"enemies":"Spheric Guardian","floor":18.0,"turns":4.0},{"damage":0.0,"enemies":"Shell Parasite","floor":19.0,"turns":4.0},{"damage":0.0,"enemies":"Centurion and Healer","floor":20.0,"turns":8.0},{"damage":0.0,"enemies":"Snake Plant","floor":21.0,"turns":5.0},{"damage":0.0,"enemies":"Shelled Parasite and Fungi","floor":22.0,"turns":3.0},{"damage":0.0,"enemies":"Book of Stabbing","floor":23.0,"turns":4.0},{"damage":0.0,"enemies":"Replay:Snechameleon","floor":25.0,"turns":4.0},{"damage":0.0,"enemies":"Sentry and Sphere","floor":28.0,"turns":5.0},{"damage":6.0,"enemies":"Gremlin Leader","floor":29.0,"turns":6.0},{"damage":0.0,"enemies":"Centurion and Healer","floor":30.0,"turns":6.0},{"damage":0,"enemies":"Slavers","floor":31,"turns":4},{"damage":0,"enemies":"Pondfish","floor":33,"turns":13},{"damage":0,"enemies":"3 Darklings","floor":35,"turns":2},{"damage":0,"enemies":"3 Shapes","floor":36,"turns":3},{"damage":0,"enemies":"Jaw Worm Horde","floor":38,"turns":4},{"damage":20,"enemies":"Reptomancer","floor":40,"turns":5},{"damage":0,"enemies":"Giant Head","floor":42,"turns":7},{"damage":0,"enemies":"Sphere and 2 Shapes","floor":47,"turns":5},{"damage":0,"enemies":"Spire Growth","floor":48,"turns":4},{"damage":0,"enemies":"Time Eater","floor":50,"turns":11},{"damage":11,"enemies":"Shield and Spear","floor":54,"turns":7},{"damage":0,"enemies":"The Heart","floor":55,"turns":8}],"seed_played":"-5701816703604672340","potions_obtained":[{"floor":6.0,"key":"AttackPotion"},{"floor":8.0,"key":"Block Potion"},{"floor":10.0,"key":"EntropicBrew"},{"floor":19.0,"key":"Flashbang"},{"floor":25.0,"key":"SpeedPotion"},{"floor":28.0,"key":"AttackPotion"},{"floor":29.0,"key":"Dexterity Potion"},{"floor":48,"key":"Fire Potion"}],"is_trial":false,"path_per_floor":["M","?","M","M","$","E","R","E","T","M","M","?","E","M","R","B",null,"M","M","M","M","M","E","R","E","T","R","M","E","M","E","R","B",null,"M","M","$","M","$","E","R","E","T","R","?","$","M","M","R","B",null,"R","$","E","B",null],"character_chosen":"Hololive_HololiveCharacter","items_purchased":["Hololive_CallArtia","Bag of Marbles","Hololive_CallSakuraMiko","Bronze Scales","Hololive_DurableLive","Hololive_Yoholoon","Hololive_CallYuzukiChoco","Thread and Needle"],"campfire_rested":0,"item_purchase_floors":[5,5,39,39,46,46,53,53],"current_hp_per_floor":[35,35,35,35,35,24,24,24,24,24,24,24,24,24,24,14,35,35,35,35,35,35,35,35,35,35,35,35,29,29,29,29,29,35,35,35,35,35,35,15,15,15,15,15,12,12,12,12,12,12,35,35,35,24,24],"gold":480,"neow_bonus":"RANDOM_COMMON_RELIC","is_daily":false,"chose_seed":false,"campfire_upgraded":6,"win_rate":0.0,"timestamp":1610640173,"path_taken":["M","?","M","M","$","E","R","E","T","M","?","?","E","M","R","BOSS","M","M","M","M","M","E","R","E","T","R","M","E","?","E","R","BOSS","M","M","$","M","$","E","R","E","T","R","?","$","M","M","R","BOSS","R","$","E","BOSS"],"items_purchased_type":["Card","Relic","Card","Relic","Card","Card","Card","Relic"],"build_version":"2020-12-22","purchased_purges":0,"victory":true,"max_hp_per_floor":[35,35,35,35,35,35,35,35,35,35,35,35,35,35,35,35,35,35,35,35,35,35,35,35,35,35,35,35,35,35,35,35,35,35,35,35,35,35,35,35,35,35,35,35,35,35,35,35,35,35,35,35,35,35,35],"card_choices":[{"not_picked":["Hololive_Drill","Hololive_OvertimeWork","Hololive_ManjiGathering"],"picked":"Hololive_CallCivia","floor":1.0},{"not_picked":["Hololive_Breathe","Hololive_CallUruhaRushia","Hololive_CallCivia"],"picked":"Hololive_CallYukihanaLamy","floor":3.0},{"not_picked":["Hololive_HuntDinosaur","Hololive_CallAZKi","Hololive_CallOkamiMio"],"picked":"Hololive_CallYozoraMel","floor":4.0},{"not_picked":["Hololive_OvertimeWork","Hololive_Trident","Hololive_CocoNews"],"picked":"Hololive_CallAyundaRisu","floor":6.0},{"not_picked":["Hololive_CallSpadeEcho","Hololive_Psychosis","Hololive_Trident"],"picked":"Hololive_CallHoshimachiSuisei","floor":8.0},{"not_picked":["Hololive_RevenueBasedLive","Hololive_Breathe","Hololive_CallNekomataOkayu"],"picked":"Hololive_CallUruhaRushia","floor":10.0},{"not_picked":["Hololive_OvertimeWork","Hololive_CallArtia","Hololive_CallYukihanaLamy"],"picked":"Hololive_CallOkamiMio","floor":11.0},{"not_picked":["Hololive_RevenueBasedLive","Hololive_OvertimeWork","Hololive_HighAtkLowDef"],"picked":"Hololive_CallAkaiHaato","floor":13.0},{"not_picked":["Hololive_Rebound","Hololive_Drill","Hololive_RevenueBasedLive","Hololive_OvertimeWork"],"picked":"SKIP","floor":14.0},{"not_picked":["Hololive_ASMR","Hololive_HighAtkLowDef","Hololive_DDD"],"picked":"Hololive_FlareMind","floor":16.0},{"not_picked":["Hololive_Breathe","Hololive_Rebound","Hololive_FlyingPonyTail"],"picked":"Hololive_Spy+1","floor":18.0},{"not_picked":["Hololive_RevenueBasedLive","Hololive_StrengthChampion","Hololive_HuntDinosaur"],"picked":"Hololive_CallAkiRosenthal+1","floor":19.0},{"not_picked":["Hololive_CallRosalyn","Hololive_CallHoshimachiSuisei","Hololive_CallRoboco+1"],"picked":"Hololive_CallAmaneKanata","floor":20.0},{"not_picked":["Hololive_StrengthChampion","Hololive_BringToTrial","Hololive_LuckPotion"],"picked":"Hololive_CallShishiroBotan","floor":21.0},{"not_picked":["Hololive_Trident","Hololive_Psychosis","Hololive_CallHoshimachiSuisei+1"],"picked":"Hololive_SoulCatcher","floor":22.0},{"not_picked":["Hololive_Sequa","Hololive_StrengthChampion","Hololive_Breathe"],"picked":"Hololive_CallMomosuzuNene","floor":23.0},{"not_picked":["Hololive_Sequa","Hololive_WolfAndLamb","Hololive_RevenueBasedLive+1","Hololive_LuckPotion+1"],"picked":"SKIP","floor":25.0},{"not_picked":["Hololive_CocoNews","Hololive_RevenueBasedLive","Hololive_StrengthChampion"],"picked":"Hololive_FlyingPonyTail","floor":28.0},{"not_picked":["Hololive_CallCivia+1","Hololive_CallNekomataOkayu","Hololive_StrengthChampion"],"picked":"Hololive_StarCraft","floor":29.0},{"not_picked":["Hololive_Psychosis","Hololive_CallArtia","Hololive_StrengthChampion"],"picked":"Hololive_Watashimo+1","floor":30.0},{"not_picked":["Hololive_Breathe","Hololive_StrengthChampion","Hololive_Trident"],"picked":"Hololive_CandyCastle","floor":31},{"not_picked":["Hololive_IdolExercise","Hololive_FlareMind","Hololive_MaximGun"],"picked":"Hololive_DiamondStrike","floor":33},{"not_picked":["Hololive_SoulCatcher+1","Hololive_Drill","Hololive_Psychosis"],"picked":"Hololive_Yoholoon+1","floor":35},{"not_picked":["Hololive_Psychosis","Hololive_CallAmaneKanata","Hololive_OvertimeWork","Hololive_BringToTrial"],"picked":"SKIP","floor":36},{"not_picked":["Hololive_StrengthChampion","Hololive_Drill+1","Hololive_RevenueBasedLive+1","Hololive_HuntDinosaur"],"picked":"SKIP","floor":38},{"not_picked":["Hololive_CallTokinoSora+1","Hololive_Breathe","Hololive_CallHoushouMarine"],"picked":"Hololive_CallNatsuiroMatsuri+1","floor":40},{"not_picked":["Hololive_CallAkiRosenthal+1","Hololive_RevenueBasedLive+1","Hololive_Rebound"],"picked":"Hololive_FlyingPonyTail+1","floor":42},{"not_picked":["Hololive_CallAkaiHaato","Hololive_StarCraft","Hololive_Breathe+1","Hololive_Trident+1"],"picked":"SKIP","floor":47},{"not_picked":["Hololive_Psychosis","Hololive_LuckPotion","Hololive_CocoNews"],"picked":"Hololive_CallRoboco","floor":48},{"not_picked":["Hololive_Sequa+1","Hololive_LuckPotion","Hololive_StrengthChampion"],"picked":"Hololive_HuntDinosaur+1","floor":54}],"player_experience":1160909,"relics_obtained":[{"floor":6.0,"key":"aspiration:HummingbirdHeart"},{"floor":8.0,"key":"Hololive_LightStick"},{"floor":13.0,"key":"Quantum Egg"},{"floor":23.0,"key":"Potion Belt"},{"floor":25.0,"key":"Anchor"},{"floor":26.0,"key":"Bag of Preparation"},{"floor":29.0,"key":"vexMod:FocusSash"},{"floor":31,"key":"Shovel"},{"floor":32,"key":"Juzu Bracelet"},{"floor":40,"key":"MawBank"},{"floor":41,"key":"Hololive_FriedShrimpLion"},{"floor":42,"key":"Omamori"},{"floor":43,"key":"Whetstone"},{"floor":54,"key":"vexMod:ScavengeHelm"}],"event_choices":[{"cards_removed":["Hololive_Strike"],"damage_healed":0.0,"max_hp_gain":0.0,"max_hp_loss":0.0,"gold_gain":0.0,"event_name":"Purifier","player_choice":"Purged","floor":2.0,"gold_loss":0.0,"damage_taken":0.0},{"damage_healed":0.0,"max_hp_gain":0.0,"max_hp_loss":0.0,"gold_gain":0.0,"event_name":"Match and Keep!","player_choice":"1 cards matched","floor":12.0,"gold_loss":0.0,"damage_taken":0.0,"cards_obtained":["Hololive_CocoNews"]},{"damage_healed":0,"gold_gain":0,"player_choice":"Punched","damage_taken":3,"max_hp_gain":0,"max_hp_loss":0,"event_name":"Designer","floor":45,"gold_loss":0}],"is_beta":false,"boss_relics":[{"not_picked":["Cursed Key","Velvet Choker"],"picked":"Coffee Dripper"},{"not_picked":["Abe\u0027s Treasure","vexMod:EndlessSickness"],"picked":"Snecko Eye"}],"items_purged_floors":[],"is_endless":false,"potions_floor_spawned":[6,8,10,13,14,19,25,28,29,31,35,38,48],"ascension_level":4}}