{"host":"j4g6ia6asvpyu2b0","time":1610659956,"event":{"mods":["BaseMod","Colored Map","Minty Spire (QoL Compilation)","Permanent Neow","Quick Restart","Relic Stats","StSLib","Unceasing Turn Reminder"],"gold_per_floor":[360,38,51,62,237,237,237],"floor_reached":6,"language":"ENG","playtime":172,"items_purged":[],"score":56,"play_id":"bd1f81a0-66c5-422c-9b1d-aba46dbf7055","local_time":"20210114143236","is_ascension_mode":true,"campfire_choices":[],"circlet_count":0,"master_deck":["AscendersBane","Strike_B","Strike_B","Strike_B","Strike_B","Defend_B","Defend_B","Defend_B","Defend_B","Zap","Dualcast","Conserve Battery","Capacitor","Glacier","Cold Snap","Capacitor","Coolheaded","Doubt"],"relics":["Cracked Core","Lantern"],"acts_visited":["Exordium"],"potions_floor_usage":[],"damage_taken":[{"damage":7,"enemies":"Jaw Worm","floor":1,"turns":3},{"damage":2,"enemies":"2 Louse","floor":3,"turns":3},{"damage":0,"enemies":"Cultist","floor":4,"turns":5},{"damage":43,"enemies":"Gremlin Nob","floor":6,"turns":5}],"seed_played":"-3563464169769512195","potions_obtained":[{"floor":1,"key":"Explosive Potion"},{"floor":4,"key":"GamblersBrew"}],"is_trial":false,"path_per_floor":["M","$","M","M","?","E"],"character_chosen":"DEFECT","items_purchased":["Capacitor","Glacier","Lantern","Cold Snap"],"campfire_rested":0,"item_purchase_floors":[2,2,2,2],"current_hp_per_floor":[43,43,41,41,41,0,0],"gold":237,"neow_bonus":"TWO_FIFTY_GOLD","is_daily":false,"chose_seed":false,"campfire_upgraded":0,"win_rate":0.0,"timestamp":1610659956,"path_taken":["M","$","M","M","?","E"],"items_purchased_type":["Card","Card","Relic","Card"],"build_version":"2020-12-22","purchased_purges":0,"victory":false,"max_hp_per_floor":[75,75,75,75,75,75,75],"relic_stats":{"counters":[4,16],"obtain_stats":[{"Lantern":2,"Cracked Core":0},{"Lantern":1,"Cracked Core":0},{"Lantern":3,"Cracked Core":0}]},"card_choices":[{"not_picked":["Scrape","Steam"],"picked":"Conserve Battery","floor":1},{"not_picked":["Reinforced Body","Leap"],"picked":"Capacitor","floor":3},{"not_picked":["Redo","Sunder"],"picked":"Coolheaded","floor":4}],"player_experience":844667,"relics_obtained":[],"event_choices":[{"damage_healed":0,"gold_gain":175,"player_choice":"AGREE","damage_taken":0,"max_hp_gain":0,"max_hp_loss":0,"event_name":"Liars Game","floor":5,"gold_loss":0,"cards_obtained":["Doubt"]}],"is_beta":false,"boss_relics":[],"items_purged_floors":[],"is_endless":false,"potions_floor_spawned":[1,4],"killed_by":"Gremlin Nob","ascension_level":11}}