{"host":"64h6jdpsiwrne03s","time":1610636472,"event":{"mods":["Act Like it!","BaseMod","Bestiary","Colored Powertips","Gensokyo","Marisa£®ÏF”Í°°ƒß¿Ì…≥£©","Minty Spire (QoL Compilation)","Reimu£®≤©¿ˆ¡È√Œ£©","Remilia£®¿Ÿ√◊¿Ú—«£©","StSLib","The Servant 0.9.4","Youmu£®ªÍ∆«—˝√Œ£©"],"gold_per_floor":[13,33,42,42,69,112,112,141,141,166,166,182,216,233,233,346,346,365,378,397,103,112,148,0,300,300,300,337,262,262,306,306,416,416,431,453,216,238,238,265,300,300,326,360,395,395,395,415,415,415,415,415,107,138,138],"floor_reached":56,"language":"ZHS","playtime":3697,"items_purged":["Strike_RM","Defend_RM"],"score":1785,"play_id":"5cb2e89c-688d-4ff6-b7ba-5a3db874636d","local_time":"20210114230112","is_ascension_mode":true,"campfire_choices":[{"data":"Stigmanizer","floor":7.0,"key":"SMITH"},{"data":"HeartBreak","floor":11.0,"key":"SMITH"},{"data":"RedMoon","floor":15.0,"key":"SMITH"},{"data":"Stigmanizer","floor":30.0,"key":"SMITH"},{"floor":32.0,"key":"REST"},{"data":"DemonKingCradle","floor":42.0,"key":"SMITH"},{"data":"BloodySeventeenLaser","floor":47,"key":"SMITH"},{"floor":49,"key":"RECALL"},{"data":"Strike_RM","floor":52,"key":"PURGE"}],"circlet_count":0,"master_deck":["Strike_RM+1","Strike_RM+1","Defend_RM+1","Defend_RM","RedMoon+1","ScarletShoot","Stigmanizer+1","HeartBreak+1","ScarletCoffin","BloodySeventeenLaser+1","Stigmanizer+1","UnstableMagic+1","Stigmanizer+1","BloodHunter+1","DemonKingCradle+1","GlobalNightmare+1","BloodRain+1","MastersStateliness+1"],"relics":["ScarletHat","Gungnir","CeramicFish","Gensokyo:OccultBall","CaptainsWheel","HornCleat","WingedGreaves","Sundial","Empty Cage","Question Card","ClockworkSouvenir","Akabeko","Old Coin","RedBat","Gensokyo:SongOfSouls","Toxic Egg 2","Oddly Smooth Stone","Omamori","Anchor","Calling Bell","Lantern","Blue Candle","Du-Vu Doll","MawBank","PreservedInsect","Bag of Marbles","Gensokyo:TheCrow","Kunai","Peace Pipe","Nunchaku","Torii","Dead Branch","White Beast Statue","Ice Cream","Mercury Hourglass"],"acts_visited":["Gensokyo:Gensokyo","Gensokyo:Gensokyoer","Gensokyo:Gensokyoest","TheEnding"],"potions_floor_usage":[54,55,55,55],"damage_taken":[{"damage":0.0,"enemies":"Gensokyo:3_Fairies","floor":1.0,"turns":4.0},{"damage":0.0,"enemies":"Gensokyo:2_Kodama","floor":2.0,"turns":3.0},{"damage":4.0,"enemies":"Gensokyo:Gryphon","floor":5.0,"turns":5.0},{"damage":6.0,"enemies":"Gensokyo:Cirno","floor":6.0,"turns":6.0},{"damage":1.0,"enemies":"Gensokyo:Aya","floor":8.0,"turns":6.0},{"damage":8.0,"enemies":"Gensokyo:Mamizou","floor":10.0,"turns":9.0},{"damage":0.0,"enemies":"Gensokyo:LivingMonolith","floor":12.0,"turns":2.0},{"damage":5.0,"enemies":"Gensokyo:Cirno","floor":13.0,"turns":7.0},{"damage":4.0,"enemies":"Gensokyo:CorruptedTreant","floor":14.0,"turns":4.0},{"damage":22.0,"enemies":"Gensokyo:Kokoro","floor":16.0,"turns":10.0},{"damage":40.0,"enemies":"Gensokyo:AngelMirror","floor":18.0,"turns":1.0},{"damage":0.0,"enemies":"Gensokyo:Chomper","floor":19.0,"turns":4.0},{"damage":0.0,"enemies":"Gensokyo:Monolith_and_Dog","floor":20.0,"turns":2.0},{"damage":7.0,"enemies":"Gensokyo:Reisen","floor":23.0,"turns":3.0},{"damage":15.0,"enemies":"Gensokyo:Tenshi","floor":28.0,"turns":5.0},{"damage":0.0,"enemies":"Gensokyo:Koishi","floor":31.0,"turns":3.0},{"damage":49.0,"enemies":"Gensokyo:Eiki","floor":33.0,"turns":7.0},{"damage":0.0,"enemies":"Gensokyo:AncientGuardian","floor":35.0,"turns":3.0},{"damage":2.0,"enemies":"Gensokyo:3_Boulders","floor":36.0,"turns":7.0},{"damage":0.0,"enemies":"Gensokyo:AtlasGolem","floor":38.0,"turns":1.0},{"damage":0.0,"enemies":"Gensokyo:Doremy","floor":40.0,"turns":2.0},{"damage":26.0,"enemies":"Gensokyo:Marisa","floor":41.0,"turns":1.0},{"damage":6.0,"enemies":"Gensokyo:Kasen","floor":44.0,"turns":2.0},{"damage":0.0,"enemies":"Gensokyo:Doremy","floor":45.0,"turns":2.0},{"damage":0,"enemies":"Gensokyo:4_Bats","floor":48,"turns":3},{"damage":36,"enemies":"Gensokyo:Scarlet_Devils","floor":50,"turns":5},{"damage":37,"enemies":"Shield and Spear","floor":54,"turns":3},{"damage":86,"enemies":"The Heart","floor":55,"turns":6}],"seed_played":"4570476569220657147","potions_obtained":[{"floor":5.0,"key":"Swift Potion"},{"floor":10.0,"key":"Strength Potion"},{"floor":14.0,"key":"LiquidBronze"},{"floor":28.0,"key":"Swift Potion"},{"floor":31.0,"key":"DistilledChaos"},{"floor":36.0,"key":"GamblersBrew"},{"floor":40.0,"key":"Dexterity Potion"},{"floor":41.0,"key":"Swift Potion"},{"floor":54,"key":"PowerPotion"}],"is_trial":false,"path_per_floor":["M","M","?","?","M","E","R","E","T","E","R","M","E","M","R","B",null,"M","M","M","COS","?","E","?","T","T","?","E","$","R","E","R","B",null,"M","M","$","M","?","E","E","R","T","E","E","?","R","M","R","B",null,"R","$","E","B",null],"character_chosen":"REMILIA","items_purchased":["Bag of Marbles","Ice Cream"],"campfire_rested":1,"item_purchase_floors":[37,53],"current_hp_per_floor":[68,68,68,68,64,58,58,59,59,53,53,53,48,44,44,33,65,25,30,30,30,30,27,27,27,27,27,24,24,24,24,46,34,65,65,68,68,68,68,75,51,51,51,66,75,64,64,68,68,56,70,70,70,37,55],"gold":138,"neow_bonus":"ONE_RARE_RELIC","is_daily":false,"chose_seed":false,"campfire_upgraded":6,"win_rate":0.0,"timestamp":1610636472,"path_taken":["M","M","?","?","?","E","R","E","T","E","R","?","E","M","R","BOSS","M","M","?","COS","?","E","?","?","T","?","E","$","R","E","R","BOSS","M","M","$","M","?","E","E","R","T","E","E","?","R","M","R","BOSS","R","$","E","BOSS"],"items_purchased_type":["Relic","Relic"],"build_version":"2020-12-22","purchased_purges":2,"victory":true,"max_hp_per_floor":[75,75,75,75,75,75,75,75,75,75,75,75,75,75,75,75,75,75,75,75,75,75,75,75,75,75,75,75,75,75,75,75,75,75,75,75,75,75,75,75,75,75,75,75,75,75,75,75,75,75,75,75,75,75,75],"card_choices":[{"not_picked":["CharismaGuard","BloodyMagicSquare","ScarletDevil"],"picked":"SKIP","floor":1.0},{"not_picked":["StarOfDavid","CharismaGuard"],"picked":"FitfulNightmare","floor":2.0},{"not_picked":["VampireKiss","RedRainbow"],"picked":"Stigmanizer","floor":5.0},{"not_picked":["GlobalNightmare","AfternoonTea"],"picked":"HeartBreak","floor":6.0},{"not_picked":["ForbiddenFruit","CharismaGuard","ScarletImprint"],"picked":"SKIP","floor":8.0},{"not_picked":["StarOfDavid","RedRainbow","HunterOfTheNight"],"picked":"SKIP","floor":10.0},{"not_picked":["StarOfDavid","CharismaGuard","BlasphemousPunishment"],"picked":"SKIP","floor":12.0},{"not_picked":["BlasphemousPunishment","HunterOfTheNight"],"picked":"ScarletCoffin","floor":13.0},{"not_picked":["Maim","CharismaGuard","ScarletImprint"],"picked":"SKIP","floor":14.0},{"not_picked":["BatForm","ScarletCoffin"],"picked":"BloodySeventeenLaser","floor":16.0},{"not_picked":["VampireKiss+1","EndlessAdversity+1","UnderTheZenith"],"picked":"SKIP","floor":18.0},{"not_picked":["BloodHunter","Maim","TwelveNightmare"],"picked":"SKIP","floor":19.0},{"not_picked":["StarOfDavid","TwelveNightmare","MastersStateliness"],"picked":"SKIP","floor":20.0},{"not_picked":["TricksterDevil","ReincarnationDial","HeartBreak"],"picked":"UnstableMagic+1","floor":23.0},{"not_picked":["RedMagic+1","ChainGang+1","VampireKiss"],"picked":"Stigmanizer+1","floor":28.0},{"not_picked":["CharismaGuard","DiffusionOfMisfortune+1","EternalNight+1"],"picked":"BloodHunter+1","floor":31.0},{"not_picked":["EquivalentExchange","KillingBlow","BloodRain+1"],"picked":"DemonKingCradle","floor":33.0},{"not_picked":["UnstableMagic+1","RedMagic+1","UnderTheZenith+1","Stigmanizer"],"picked":"SKIP","floor":35.0},{"not_picked":["ScarletNetherworld+1","RedRainbow+1","ScarletDream+1","EndlessAdversity+1"],"picked":"SKIP","floor":36.0},{"not_picked":["UnstableMagic+1","ScarletDevil","KillingBlow"],"picked":"GlobalNightmare+1","floor":38.0},{"not_picked":["TwelveNightmare","StarOfDavid+1","BombardNight","Septette+1"],"picked":"SKIP","floor":40.0},{"not_picked":["ScarletImprint","AfternoonTea+1","FavorOfDestiny+1","BlasphemousPunishment+1"],"picked":"SKIP","floor":41.0},{"not_picked":["UltimateOffering+1","TricksterDevil","SuperhumanBloodyKnife"],"picked":"BloodRain+1","floor":44.0},{"not_picked":["ScarletDevil","AfternoonTea+1","BloodHunter+1"],"picked":"MastersStateliness+1","floor":45.0},{"not_picked":["StarOfDavid+1","UnderTheZenith+1","BloodyMagicSquare+1","RedNightlessCastle+1"],"picked":"SKIP","floor":48},{"not_picked":["UnstableMagic+1","BlasphemousPunishment+1","CharismaGuard+1","BadLadyScramble+1"],"picked":"SKIP","floor":54}],"player_experience":432050,"relics_obtained":[{"floor":6.0,"key":"CaptainsWheel"},{"floor":8.0,"key":"HornCleat"},{"floor":10.0,"key":"WingedGreaves"},{"floor":13.0,"key":"Sundial"},{"floor":16.0,"key":"Gensokyo:OccultBall"},{"floor":20.0,"key":"Question Card"},{"floor":23.0,"key":"Akabeko"},{"floor":25.0,"key":"Old Coin"},{"floor":26.0,"key":"RedBat"},{"floor":28.0,"key":"Toxic Egg 2"},{"floor":31.0,"key":"Oddly Smooth Stone"},{"floor":33.0,"key":"Gensokyo:OccultBall"},{"floor":34.0,"key":"Lantern"},{"floor":34.0,"key":"Blue Candle"},{"floor":34.0,"key":"Du-Vu Doll"},{"floor":35.0,"key":"MawBank"},{"floor":35.0,"key":"Gensokyo:OccultBall"},{"floor":36.0,"key":"PreservedInsect"},{"floor":40.0,"key":"Kunai"},{"floor":41.0,"key":"Peace Pipe"},{"floor":43.0,"key":"Nunchaku"},{"floor":44.0,"key":"Torii"},{"floor":45.0,"key":"Gensokyo:OccultBall"},{"floor":45.0,"key":"White Beast Statue"},{"floor":54,"key":"Mercury Hourglass"}],"event_choices":[],"is_beta":false,"boss_relics":[{"not_picked":["Pandora\u0027s Box","Astrolabe"],"picked":"Empty Cage"},{"not_picked":["RedLine:ReiMu","SlaversCollar"],"picked":"Calling Bell"}],"items_purged_floors":[29,37],"is_endless":false,"potions_floor_spawned":[5,10,28,31,40,41,44,48,54],"ascension_level":6}}