{"host":"lck2g1j0kcwr02ez","time":1610638101,"event":{"mods":["BaseMod","CapriCore","Hermit","Jorbs\u0027s Wanderer Trilogy","Marisa£®ÏF”Í°°ƒß¿Ì…≥£©","Minty Spire (QoL Compilation)","Rare Cards Sparkle","StSLib","The Alterego","The Hierophant"],"gold_per_floor":[114,8888,7640,7654,7665,7692,7692,6924,7003,7019,7019,7033,7047,7079,7079,7182,7182,7194,6459,6478,6491,5544,5544,5570,5570,5570,5570,4450,3444,3456,3491,3491,3591,3591,3603,2572,2588,6666,6666,6666,6677,6706,6732,6759,6759,5658,5658,5682,5682,5682,5682,5682,4775,4818,4818],"floor_reached":56,"language":"ZHS","playtime":3561,"items_purged":["Defend_MRS","Strike_MRS","Defend_MRS","Strike_MRS","Strike_MRS","Strike_MRS","Defend_MRS","Sadistic Nature","DarkMatter+1"],"score":1534,"play_id":"0eecac01-b0e4-4d3f-968b-6c4fdad90ff2","local_time":"20210114232821","is_ascension_mode":true,"campfire_choices":[{"floor":7,"key":"RECALL"},{"data":"PowerUp","floor":11,"key":"SMITH"},{"data":"MagicChant","floor":15,"key":"SMITH"},{"floor":23,"key":"DIG"},{"floor":25,"key":"DIG"},{"floor":32,"key":"DIG"},{"data":"MillisecondPulsars","floor":40,"key":"SMITH"},{"data":"Apotheosis","floor":45,"key":"SMITH"},{"floor":47,"key":"DIG"},{"floor":49,"key":"DIG"},{"floor":52,"key":"DIG"}],"circlet_count":0,"master_deck":["UpSweep","AsteroidBelt","UnstableBomb+1","Flash of Steel","NonDirectionalLaser","PowerUp+1","Swift Strike+1","MagicChant+1","Orbital","MilkyWay","Impatience","Orbital","Acceleration+1","MachineGunSpark+1","GasGiant","Apotheosis+1","Deep Breath","PowerUp","Singularity","MagicChant+1","ChargeUpSpray+1","PowerUp+1","MillisecondPulsars+1","Acceleration+1","AsteroidBelt","Swift Strike","CollectingQuirk","Deep Breath","Singularity","FairyDestructionRay","Violence","Blind","MachineGunSpark"],"relics":["MiniHakkero","Lantern","Pen Nib","Chemical X","SproutingBranch","WingedGreaves","Oddly Smooth Stone","Potion Belt","Orichalcum","Frozen Eye","Matryoshka","Regal Pillow","ExperimentalFamiliar","OrangePellets","Toy Ornithopter","Whetstone","Shovel","StoneCalendar","Bird Faced Urn","Boot","Mango","Bottled Flame","PreservedInsect","White Beast Statue","ClockworkSouvenir","Tiny Chest","MealTicket","DollysMirror","Singing Bowl","Sundial","Coffee Dripper","SimpleLauncher","Centennial Puzzle","Blue Candle","Red Mask","Girya","CeramicFish","Strawberry","CaptainsWheel","Anchor","Bag of Preparation","Sling","Mercury Hourglass","Happy Flower","Bronze Scales","Ornamental Fan","Ice Cream","Nunchaku","Calipers"],"acts_visited":["Exordium","TheCity","TheBeyond","TheEnding"],"potions_floor_usage":[6,6,12,14,21,24,24,30,33,44,55,55,55,55,55,55,55,55,55],"damage_taken":[{"damage":0,"enemies":"2 Louse","floor":1,"turns":2},{"damage":0,"enemies":"Cultist","floor":4,"turns":2},{"damage":4,"enemies":"Small Slimes","floor":5,"turns":3},{"damage":4,"enemies":"3 Sentries","floor":6,"turns":3},{"damage":0,"enemies":"Exordium Thugs","floor":10,"turns":3},{"damage":0,"enemies":"Lots of Slimes","floor":12,"turns":1},{"damage":0,"enemies":"Large Slime","floor":13,"turns":3},{"damage":3,"enemies":"Lagavulin","floor":14,"turns":5},{"damage":40,"enemies":"The Guardian","floor":16,"turns":10},{"damage":0,"enemies":"Chosen","floor":18,"turns":1},{"damage":0,"enemies":"3 Byrds","floor":20,"turns":3},{"damage":8,"enemies":"Centurion and Healer","floor":21,"turns":3},{"damage":29,"enemies":"Gremlin Leader","floor":24,"turns":3},{"damage":8,"enemies":"Snake Plant","floor":30,"turns":3},{"damage":6,"enemies":"Book of Stabbing","floor":31,"turns":2},{"damage":8,"enemies":"Automaton","floor":33,"turns":3},{"damage":0,"enemies":"3 Darklings","floor":35,"turns":3},{"damage":10,"enemies":"3 Shapes","floor":37,"turns":1},{"damage":5,"enemies":"Writhing Mass","floor":41,"turns":2},{"damage":0,"enemies":"Giant Head","floor":42,"turns":1},{"damage":8,"enemies":"Nemesis","floor":44,"turns":3},{"damage":6,"enemies":"Awakened One","floor":50,"turns":3},{"damage":0,"enemies":"Shield and Spear","floor":54,"turns":1},{"damage":0,"enemies":"The Heart","floor":55,"turns":3}],"seed_played":"-4054272808819095622","potions_obtained":[{"floor":4,"key":"LiquidMemories"},{"floor":10,"key":"AttackPotion"},{"floor":16,"key":"SkillPotion"},{"floor":18,"key":"SkillPotion"},{"floor":20,"key":"LiquidBronze"},{"floor":30,"key":"GamblersBrew"},{"floor":33,"key":"Ancient Potion"},{"floor":44,"key":"SpeedPotion"}],"is_trial":false,"path_per_floor":["M","?","$","M","M","E","R","$","T","M","R","M","M","E","R","B",null,"M","$","M","M","$","R","E","R","T","?","$","$","M","E","R","B",null,"M","$","M","?","?","R","M","E","T","E","R","$","R","T","R","B",null,"R","$","E","B",null],"character_chosen":"MARISA","items_purchased":["Chemical X","SproutingBranch","WingedGreaves","UnstableBomb","Flash of Steel","Dexterity Potion","LiquidBronze","BlessingOfTheForge","Potion Belt","Orichalcum","Frozen Eye","Ancient Potion","ColorlessPotion","Swift Strike","OrangePellets","Toy Ornithopter","Whetstone","Impatience","Orbital","Shovel","StoneCalendar","DistilledChaos","EntropicBrew","PreservedInsect","White Beast Statue","ClockworkSouvenir","Apotheosis","AttackPotion","LiquidBronze","Deep Breath","Tiny Chest","MealTicket","PowerUp","Singularity","Sadistic Nature","PowerPotion","DollysMirror","SimpleLauncher","Centennial Puzzle","Blue Candle","AsteroidBelt","Swift Strike","Anchor","Bag of Preparation","Sling","Deep Breath","Singularity","BlessingOfTheForge","FairyDestructionRay","Violence","Ice Cream","Nunchaku","Blind","Swift Potion","PowerPotion"],"campfire_rested":0,"item_purchase_floors":[3,3,3,3,3,3,3,3,8,8,8,8,8,8,19,19,19,19,19,22,22,22,22,28,28,28,28,28,28,28,29,29,29,29,29,29,29,36,36,36,36,36,46,46,46,46,46,46,46,46,53,53,53,53,53],"current_hp_per_floor":[75,75,75,75,75,75,75,75,75,75,75,75,75,72,72,36,75,75,75,75,71,71,71,46,60,60,60,60,60,72,73,73,81,89,89,89,79,79,79,79,87,91,98,98,98,100,100,100,100,100,100,100,100,100,100],"gold":4818,"neow_bonus":"RANDOM_COMMON_RELIC","is_daily":false,"chose_seed":false,"campfire_upgraded":4,"win_rate":0.0,"timestamp":1610638101,"path_taken":["M","?","$","M","M","E","R","$","T","M","R","?","M","E","R","BOSS","M","$","M","M","$","R","E","R","T","?","?","$","M","E","R","BOSS","M","$","?","?","?","R","M","E","T","E","R","$","R","?","R","BOSS","R","$","E","BOSS"],"items_purchased_type":["Relic","Relic","Relic","Card","Card","Potion","Potion","Potion","Relic","Relic","Relic","Potion","Potion","Card","Relic","Relic","Relic","Card","Card","Relic","Relic","Potion","Potion","Relic","Relic","Relic","Card","Potion","Potion","Card","Relic","Relic","Card","Card","Card","Potion","Relic","Relic","Relic","Relic","Card","Card","Relic","Relic","Relic","Card","Card","Potion","Card","Card","Relic","Relic","Card","Potion","Potion"],"build_version":"2020-12-22","purchased_purges":9,"victory":true,"max_hp_per_floor":[75,75,75,75,75,75,75,75,75,75,75,75,75,75,75,75,75,75,75,75,75,75,75,75,89,89,89,89,89,89,89,89,89,89,89,89,89,89,89,89,91,91,98,100,100,100,100,100,100,100,100,100,100,100,100],"card_choices":[{"not_picked":["WitchOfGreed","LuminesStrike"],"picked":"AsteroidBelt","floor":1},{"not_picked":["GalacticHalo","Occultation","StarlightTyphoon"],"picked":"SKIP","floor":4},{"not_picked":["ShootingEcho","WitchOfGreed"],"picked":"NonDirectionalLaser","floor":5},{"not_picked":["Robbery","SporeBomb"],"picked":"PowerUp","floor":6},{"not_picked":["StarlightTyphoon","GrandCross","GalacticHalo"],"picked":"SKIP","floor":10},{"not_picked":["MysteriousBeam","EarthLightRay","BlazeAway"],"picked":"SKIP","floor":12},{"not_picked":["FairyDestructionRay","DoubleSpark"],"picked":"MagicChant","floor":13},{"not_picked":["IllusionStar","WitchLeyline"],"picked":"Orbital","floor":14},{"not_picked":["IllusionStar+1","UnstableBomb"],"picked":"MilkyWay","floor":18},{"not_picked":["IllusionStar","ChargeUpSpray"],"picked":"Acceleration+1","floor":20},{"not_picked":["ShootingEcho","WitchOfGreed"],"picked":"MachineGunSpark+1","floor":21},{"not_picked":["MilkyWay","LuminesStrike+1","ManaRampage"],"picked":"SKIP","floor":24},{"not_picked":["DarkSpark+1","GasGiant"],"picked":"ChargeUpSpray+1","floor":30},{"not_picked":["WitchLeyline+1","OrrerysSun"],"picked":"PowerUp+1","floor":31},{"not_picked":["BlazingStar","TreasureHunter"],"picked":"MillisecondPulsars","floor":33},{"not_picked":["NonDirectionalLaser+1","ShootingEcho+1"],"picked":"Acceleration+1","floor":35},{"not_picked":["DoubleSpark","DC+1"],"picked":"DarkMatter+1","floor":37},{"not_picked":["WitchLeyline+1","MysteriousBeam","GalacticHalo+1"],"picked":"Singing Bowl","floor":41},{"not_picked":["MeteoricShower","StarlightTyphoon"],"picked":"CollectingQuirk","floor":42},{"not_picked":["WitchOfGreed","StarBarrage","GrandCross+1"],"picked":"Singing Bowl","floor":44},{"not_picked":["GravityBeat","FairyDestructionRay"],"picked":"MachineGunSpark","floor":54}],"player_experience":286727,"relics_obtained":[{"floor":6,"key":"Oddly Smooth Stone"},{"floor":9,"key":"Matryoshka"},{"floor":14,"key":"Regal Pillow"},{"floor":23,"key":"Bird Faced Urn"},{"floor":24,"key":"Boot"},{"floor":25,"key":"Mango"},{"floor":26,"key":"Bottled Flame"},{"floor":31,"key":"Singing Bowl"},{"floor":32,"key":"Sundial"},{"floor":42,"key":"Girya"},{"floor":43,"key":"CeramicFish"},{"floor":43,"key":"Strawberry"},{"floor":44,"key":"CaptainsWheel"},{"floor":47,"key":"Mercury Hourglass"},{"floor":48,"key":"Happy Flower"},{"floor":49,"key":"Bronze Scales"},{"floor":52,"key":"Ornamental Fan"},{"floor":54,"key":"Calipers"}],"event_choices":[{"damage_healed":0,"gold_gain":0,"player_choice":"Paid Gold","damage_taken":0,"relics_obtained":["Pen Nib"],"max_hp_gain":0,"max_hp_loss":0,"event_name":"WeMeetAgain","floor":2,"gold_loss":70},{"damage_healed":0,"gold_gain":0,"cards_transformed":["Defend_MRS"],"player_choice":"Transformed","damage_taken":0,"max_hp_gain":0,"max_hp_loss":0,"event_name":"Transmorgrifier","floor":27,"gold_loss":0,"cards_obtained":["GasGiant"]},{"damage_healed":0,"gold_gain":0,"player_choice":"Paid","damage_taken":0,"relics_obtained":["Red Mask"],"max_hp_gain":0,"max_hp_loss":0,"event_name":"Tomb of Lord Red Mask","floor":38,"gold_loss":2588},{"cards_removed":["MasterSpark"],"damage_healed":0,"gold_gain":0,"player_choice":"Removed Attack","damage_taken":0,"max_hp_gain":0,"max_hp_loss":0,"event_name":"Falling","floor":39,"gold_loss":0}],"is_beta":false,"boss_relics":[{"not_picked":["Pandora\u0027s Box","Astrolabe"],"picked":"ExperimentalFamiliar"},{"not_picked":["Runic Dome","Calling Bell"],"picked":"Coffee Dripper"}],"items_purged_floors":[3,8,19,22,28,29,36,46,53],"is_endless":false,"potions_floor_spawned":[4,10,16,18,20,30,31,33,35,37,41,42,44,54],"ascension_level":2}}