{"host":"9h1qbmp5h1ch7u4r","time":1610666886,"event":{"mods":["BaseMod","Minty Spire (QoL Compilation)","StSLib","The Animator"],"gold_per_floor":[121,121,134,178,197,242,259,283,283,310,310,321,321,360,360,458,458,476,401,420,439,473,500,500,543,543,543,543,575,604,618,618,720,720,738,611,1610,1610,1630,1663,1663,1682,1707,1718,1737,1737,1737,1757,1757,1757,1757,1757,593,643,698,777,777,17,92,172,172,172,267,267,267,99,214,214,214,214],"floor_reached":69,"language":"ENG","playtime":4967,"items_purged":["animator:Strike_Katanagatari"],"score":1282,"play_id":"cc3e4fe0-be7a-4a1f-b9c2-d1a113d70a61","local_time":"20210114182806","is_ascension_mode":true,"campfire_choices":[{"data":"animator:MetalKnight","floor":11.0,"key":"SMITH"},{"data":"animator:Sonic","floor":13.0,"key":"SMITH"},{"data":"animator:Shichika","floor":15.0,"key":"SMITH"},{"data":"animator:Shichika","floor":24.0,"key":"SMITH"},{"data":"animator:Vesta","floor":28.0,"key":"SMITH"},{"floor":32.0,"key":"REST"},{"floor":41.0,"key":"RECALL"},{"data":"animator:Hitei","floor":46.0,"key":"SMITH"},{"data":"animator:TakanashiRikka","floor":49.0,"key":"SMITH"},{"data":"animator:Biyorigo","floor":52.0,"key":"SMITH"},{"floor":68,"key":"REST"}],"circlet_count":0,"master_deck":["animator:Defend+1","animator:Defend+1","animator:Defend+1","animator:Azekura+1","animator:Emonzaemon+1","animator:MetalKnight+1","animator:Hakurou+1","animator:Sonic+1","animator:Shichika+1","animator:UneriGinkaku+1","animator:GazelDwargon+1","animator:ZankiKiguchi+1","animator:Biyorigo+1","animator:Shalltear+1","animator:Vesta+1","animator:Spearman+1","animator:TsurugaMeisai+1","animator:Shichika+1","animator:Geryuganshoop+1","animator:Kaijin+1","animator:Hitei+1","animator:MamiTomoe+1","animator:Ainz+1","animator:Melzalgald+1","animator:Yuuichirou+1","animator:Geryuganshoop+1","animator:Shichika+1","animator:TakanashiRikka+1","animator:Melzalgald+1","animator:Envy+1","animator:Kuroyukihime+1","animator:GazelDwargon+1"],"relics":["animator:TheEruzaStone","animator:AncientMedallion"],"acts_visited":["Exordium","TheCity","TheBeyond","TheEnding","EYB:TheUnnamedReign"],"potions_floor_usage":[59,63,67,69,69,69],"damage_taken":[{"damage":0.0,"enemies":"2 Louse","floor":1.0,"turns":2.0},{"damage":0.0,"enemies":"Cultist","floor":3.0,"turns":1.0},{"damage":0.0,"enemies":"Small Slimes","floor":5.0,"turns":2.0},{"damage":20.0,"enemies":"Lagavulin","floor":6.0,"turns":7.0},{"damage":0.0,"enemies":"Exordium Wildlife","floor":7.0,"turns":5.0},{"damage":2.0,"enemies":"3 Louse","floor":10.0,"turns":2.0},{"damage":15.0,"enemies":"Large Slime","floor":12.0,"turns":5.0},{"damage":1.0,"enemies":"Gremlin Nob","floor":14.0,"turns":3.0},{"damage":8.0,"enemies":"The Guardian","floor":16.0,"turns":10.0},{"damage":0.0,"enemies":"Chosen","floor":18.0,"turns":5.0},{"damage":19.0,"enemies":"2 Thieves","floor":20.0,"turns":4.0},{"damage":2.0,"enemies":"Cultist and Chosen","floor":21.0,"turns":6.0},{"damage":0.0,"enemies":"Sentry and Sphere","floor":22.0,"turns":3.0},{"damage":9.0,"enemies":"Gremlin Leader","floor":23.0,"turns":6.0},{"damage":1.0,"enemies":"animator:HornedBat","floor":25.0,"turns":5.0},{"damage":4.0,"enemies":"Shelled Parasite and Fungi","floor":29.0,"turns":3.0},{"damage":31.0,"enemies":"Slavers","floor":30.0,"turns":5.0},{"damage":20.0,"enemies":"Centurion and Healer","floor":31.0,"turns":5.0},{"damage":12.0,"enemies":"Champ","floor":33.0,"turns":7.0},{"damage":8.0,"enemies":"3 Shapes","floor":35.0,"turns":4.0},{"damage":0.0,"enemies":"3 Darklings","floor":39.0,"turns":5.0},{"damage":1.0,"enemies":"Giant Head","floor":40.0,"turns":5.0},{"damage":19.0,"enemies":"4 Shapes","floor":42.0,"turns":4.0},{"damage":10.0,"enemies":"Sphere and 2 Shapes","floor":44.0,"turns":3.0},{"damage":0.0,"enemies":"Spire Growth","floor":45.0,"turns":2.0},{"damage":0.0,"enemies":"Writhing Mass","floor":48.0,"turns":3.0},{"damage":21.0,"enemies":"Donu and Deca","floor":50.0,"turns":6.0},{"damage":32.0,"enemies":"animator:TRIPLE_SHAPES_WEAK","floor":54.0,"turns":6.0},{"damage":0.0,"enemies":"animator:UNNAMED_HAT","floor":55.0,"turns":11.0},{"damage":15,"enemies":"animator:TRIPLE_LAGAVULIN","floor":59,"turns":6},{"damage":32,"enemies":"animator:LARGE_WISP","floor":60,"turns":5},{"damage":0,"enemies":"animator:ULTIMATE_CRYSTAL","floor":63,"turns":5},{"damage":76,"enemies":"animator:ULTIMATE_CUBE","floor":67,"turns":9},{"damage":154,"enemies":"animator:TheUnnamed","floor":69,"turns":9}],"seed_played":"6107477159749266758","potions_obtained":[{"floor":5.0,"key":"Strength Potion"},{"floor":6.0,"key":"BlessingOfTheForge"},{"floor":7.0,"key":"AttackPotion"},{"floor":12.0,"key":"Dexterity Potion"},{"floor":16.0,"key":"PowerPotion"},{"floor":20.0,"key":"Weak Potion"},{"floor":21.0,"key":"PowerPotion"},{"floor":30.0,"key":"PowerPotion"},{"floor":31.0,"key":"Dexterity Potion"},{"floor":39.0,"key":"Dexterity Potion"},{"floor":42.0,"key":"SteroidPotion"},{"floor":45.0,"key":"Block Potion"},{"floor":54.0,"key":"animator:FalseLifePotion"},{"floor":55.0,"key":"animator:FalseLifePotion"},{"floor":59,"key":"animator:FalseLifePotion"},{"floor":60,"key":"animator:FalseLifePotion"},{"floor":63,"key":"animator:FalseLifePotion"},{"floor":67,"key":"animator:FalseLifePotion"}],"is_trial":false,"path_per_floor":["M","?","M","?","M","E","M","T","T","M","R","M","R","E","R","B",null,"M","?","M","M","M","E","R","E","T","?","R","M","E","M","R","B",null,"M","$","?","?","M","E","R","M","T","M","M","R","?","M","R","B",null,"R","??","M","M","T","?","$","M","M","?","$","E","T","?","$","E","R","B"],"character_chosen":"THE_ANIMATOR","items_purchased":["animator:Yuuichirou","animator:AncientMedallion","animator:AncientMedallion","animator:AncientMedallion","animator:Kuroyukihime","animator:GazelDwargon"],"campfire_rested":2,"item_purchase_floors":[36,58,58,58,66,66],"current_hp_per_floor":[59,59,59,59,60,40,41,41,41,39,45,30,36,35,44,37,61,61,61,43,41,41,32,44,50,50,50,62,58,29,9,44,32,67,60,60,60,80,80,79,80,61,61,51,51,66,66,66,80,59,75,80,98,86,90,90,90,90,83,66,78,78,98,98,98,98,22,51,0,0],"gold":214,"neow_bonus":"THREE_ENEMY_KILL","is_daily":false,"chose_seed":false,"campfire_upgraded":8,"win_rate":0.0,"timestamp":1610666886,"path_taken":["M","?","?","?","M","E","M","?","T","M","R","M","R","E","R","BOSS","M","?","M","M","M","E","R","E","T","?","R","M","E","?","R","BOSS","M","$","?","?","M","E","R","?","T","M","M","R","?","M","R","BOSS","R","??","M","M","T","?","$","M","M","?","$","E","T","?","$","E","R","BOSS"],"items_purchased_type":["Card","Relic","Relic","Relic","Card","Card"],"build_version":"2020-12-22","purchased_purges":1,"victory":false,"max_hp_per_floor":[66,66,66,66,67,67,68,68,68,68,68,68,68,68,68,69,69,69,69,70,70,70,70,70,77,77,77,77,77,79,79,79,79,79,80,80,80,80,80,80,80,80,80,80,80,80,80,80,80,80,80,80,98,98,98,98,98,98,98,98,98,98,98,98,98,98,98,98,98,98],"card_choices":[{"not_picked":["animator:Emonzaemon","animator:Entoma"],"picked":"animator:MetalKnight","floor":1.0},{"not_picked":["animator:Hakurou","animator:HiiragiShinya","animator:Mitsuba"],"picked":"SKIP","floor":3.0},{"not_picked":["animator:Shuna","animator:Scar"],"picked":"animator:Sonic","floor":5.0},{"not_picked":["animator:UneriGinkaku","animator:Azekura"],"picked":"animator:Shichika","floor":6.0},{"not_picked":["animator:NarberalGamma","animator:Emonzaemon"],"picked":"animator:UneriGinkaku","floor":7.0},{"not_picked":["animator:Vesta","animator:Shinoa"],"picked":"animator:GazelDwargon","floor":10.0},{"not_picked":["animator:SuzuneAmano","animator:Yoichi","animator:UneriGinkaku"],"picked":"SKIP","floor":12.0},{"not_picked":["animator:Konayuki","animator:Azekura"],"picked":"animator:ZankiKiguchi","floor":14.0},{"not_picked":["animator:Albedo","animator:Rimuru"],"picked":"animator:Biyorigo","floor":16.0},{"not_picked":["animator:NarberalGamma","animator:Benimaru"],"picked":"animator:Shalltear+1","floor":18.0},{"not_picked":["animator:Mitsuba","animator:RoryMercury"],"picked":"animator:Vesta","floor":20.0},{"not_picked":["animator:Vesta","animator:Kuribayashi+1"],"picked":"animator:Spearman","floor":21.0},{"not_picked":["animator:Konayuki","animator:Nanami"],"picked":"animator:TsurugaMeisai","floor":22.0},{"not_picked":["animator:ElricAlphonse","animator:Spearman"],"picked":"animator:Shichika","floor":23.0},{"not_picked":["animator:TukaLunaMarceau","animator:NarberalGamma"],"picked":"animator:Geryuganshoop","floor":25.0},{"not_picked":["animator:RoryMercury","animator:Shigure"],"picked":"animator:Kaijin","floor":29.0},{"not_picked":["animator:ZankiKiguchi","animator:Azekura"],"picked":"animator:Hitei","floor":30.0},{"not_picked":["animator:SuzuneAmano","animator:TsurugaMeisai"],"picked":"animator:MamiTomoe","floor":31.0},{"not_picked":["animator:Greed","animator:MadokaKaname"],"picked":"animator:Ainz","floor":33.0},{"not_picked":["animator:Mikaela+1","animator:Witch"],"picked":"animator:Melzalgald+1","floor":35.0},{"not_picked":["animator:Azekura","animator:TsurugaMeisai","animator:SilverFang"],"picked":"SKIP","floor":39.0},{"not_picked":["animator:SilverFang","animator:Melzalgald"],"picked":"animator:Geryuganshoop","floor":40.0},{"not_picked":["animator:Priestess","animator:Hakurou+1"],"picked":"animator:Shichika+1","floor":42.0},{"not_picked":["animator:UneriGinkaku","animator:CrowleyEusford","animator:RoryMercury+1"],"picked":"SKIP","floor":44.0},{"not_picked":["animator:Shion+1","animator:DolaSchwi+1","animator:Shuna"],"picked":"SKIP","floor":45.0},{"not_picked":["animator:Urushihara","animator:QuestionMark"],"picked":"animator:TakanashiRikka","floor":47.0},{"not_picked":["animator:Shigure+1","animator:DolaStephanie","animator:Shuna+1"],"picked":"SKIP","floor":54.0},{"not_picked":["animator:DolaRiku","animator:ChlammyZell"],"picked":"animator:Melzalgald","floor":55.0},{"not_picked":["animator:Yuuichirou+1","animator:TukaLunaMarceau+1","animator:KyokoSakura"],"picked":"SKIP","floor":59},{"not_picked":["animator:Kuribayashi","animator:DolaSchwi","animator:Melzalgald+1"],"picked":"SKIP","floor":60},{"not_picked":["animator:MadokaKaname","animator:Bozes","animator:MaesHughes"],"picked":"SKIP","floor":63},{"not_picked":["animator:Sora+1","animator:MadokaKaname+1"],"picked":"animator:Envy+1","floor":65},{"not_picked":["animator:Yuuichirou+1","animator:Melzalgald","animator:YuiTsuruno"],"picked":"SKIP","floor":67}],"player_experience":1034676,"relics_obtained":[{"floor":6.0,"key":"HornCleat"},{"floor":8.0,"key":"Omamori"},{"floor":9.0,"key":"Eternal Feather"},{"floor":14.0,"key":"Smiling Mask"},{"floor":23.0,"key":"Happy Flower"},{"floor":25.0,"key":"Strawberry"},{"floor":26.0,"key":"Bronze Scales"},{"floor":30.0,"key":"Letter Opener"},{"floor":40.0,"key":"Lantern"},{"floor":53.0,"key":"animator:TheEruzaStone"},{"floor":53.0,"key":"animator:AncientMedallion"},{"floor":56.0,"key":"animator:AncientMedallion"},{"floor":63,"key":"animator:AncientMedallion"},{"floor":64,"key":"animator:AncientMedallion"},{"floor":67,"key":"animator:AncientMedallion"}],"event_choices":[{"damage_healed":0.0,"max_hp_gain":0.0,"max_hp_loss":0.0,"gold_gain":0.0,"cards_transformed":["animator:Strike"],"event_name":"Transmorgrifier","player_choice":"Transformed","floor":2.0,"gold_loss":0.0,"damage_taken":0.0,"cards_obtained":["animator:Hakurou"]},{"cards_removed":["animator:Strike"],"damage_healed":0.0,"max_hp_gain":0.0,"max_hp_loss":0.0,"gold_gain":0.0,"event_name":"Beggar","player_choice":"Gave Gold","floor":19.0,"gold_loss":75.0,"damage_taken":0.0},{"cards_removed":["animator:Strike"],"damage_healed":0.0,"max_hp_gain":0.0,"max_hp_loss":0.0,"gold_gain":0.0,"event_name":"Bonfire Elementals","player_choice":"Offered Basic","floor":27.0,"gold_loss":0.0,"damage_taken":0.0},{"damage_healed":0.0,"max_hp_gain":0.0,"max_hp_loss":0.0,"gold_gain":999.0,"event_name":"MindBloom","player_choice":"Gold","floor":37.0,"gold_loss":0.0,"damage_taken":0.0,"cards_obtained":["Normality","Normality"]},{"damage_healed":20.0,"max_hp_gain":0.0,"max_hp_loss":0.0,"gold_gain":0.0,"event_name":"Wheel of Change","player_choice":"Full Heal","floor":38.0,"gold_loss":0.0,"damage_taken":0.0},{"damage_healed":0.0,"max_hp_gain":0.0,"max_hp_loss":0.0,"gold_gain":0.0,"event_name":"SensoryStone","player_choice":"Memory 1","floor":47.0,"gold_loss":0.0,"damage_taken":0.0}],"is_beta":false,"boss_relics":[{"not_picked":["Cursed Key","Fusion Hammer"],"picked":"Velvet Choker"},{"not_picked":["Calling Bell","Black Star"],"picked":"animator:CursedBlade"}],"items_purged_floors":[36],"is_endless":false,"potions_floor_spawned":[5,6,7,12,16,20,21,30,31,39,42,45,60,63,67],"killed_by":"animator:TheUnnamed","ascension_level":6}}