{"host":"1cd1aqaox6jesai3","time":1610602375,"event":{"mods":["Act Like it!","Arknights The Spire","Astrologer","Bartender","BaseMod","Colored Powertips","Googly Eyes","Hallownest","Infinite Spire","Mimic Mod","Minty Spire (QoL Compilation)","Replay The Spire","StSLib","The Bladedancer","The Bug Knight","The Construct","The Factory","The Hierophant"],"gold_per_floor":[117,117,140,156,171,211,211,242,287,287,287,305,320,338,338,458,458,472,493,493,536,557,557,557,557,557,557],"floor_reached":26,"language":"ENG","playtime":1897,"items_purged":[],"score":245,"play_id":"b015f4b2-6b2c-4016-a616-b252100ff875","local_time":"20210114003255","is_ascension_mode":false,"campfire_choices":[{"data":"blademaster:Quickstep","floor":7.0,"key":"SMITH"},{"data":"blademaster:AspectOfWind","floor":11.0,"key":"SMITH"},{"data":"blademaster:EyeOfTheTornado","floor":25,"key":"SMITH"}],"circlet_count":0,"master_deck":["blademaster:Strike","blademaster:Strike","blademaster:Strike","blademaster:Strike","blademaster:Defend","blademaster:Defend","blademaster:Defend","blademaster:Defend","blademaster:RagingBlow","blademaster:HighVoltage","blademaster:EyeOfTheTornado+1","blademaster:Safeguard","blademaster:DancingEdge","blademaster:Quickstep+1","blademaster:AwakeningStrike","blademaster:Rupture","blademaster:AspectOfWind+1","blademaster:BladeCross","blademaster:LightningCrash","blademaster:Reversal","blademaster:StanceMastery","blademaster:Quickness+1","blademaster:Momentum+1","blademaster:Vortex","blademaster:Sharpen"],"relics":["blademaster:DancersAmulet","NeowsBlessing","Golden Idol","ReplayTheSpireMod:Ninjato","Bottled Tornado","Replay:Rubber Ducky","Coffee Dripper","Red Mask"],"acts_visited":["Exordium","TheCity"],"potions_floor_usage":[21,22],"damage_taken":[{"damage":0.0,"enemies":"2 Louse","floor":1.0,"turns":2.0},{"damage":0.0,"enemies":"Cultist","floor":3.0,"turns":1.0},{"damage":0.0,"enemies":"Small Slimes","floor":4.0,"turns":2.0},{"damage":1.0,"enemies":"3 Louse","floor":5.0,"turns":6.0},{"damage":0.0,"enemies":"Lagavulin","floor":6.0,"turns":5.0},{"damage":45.0,"enemies":"3 Sentries","floor":8.0,"turns":10.0},{"damage":0.0,"enemies":"Looter","floor":12.0,"turns":4.0},{"damage":14.0,"enemies":"Gremlin Gang","floor":13.0,"turns":5.0},{"damage":1.0,"enemies":"Exordium Wildlife","floor":14.0,"turns":4.0},{"damage":11.0,"enemies":"Hexaghost","floor":16.0,"turns":10.0},{"damage":14.0,"enemies":"Spheric Guardian","floor":18.0,"turns":6.0},{"damage":41.0,"enemies":"3 Byrds","floor":19.0,"turns":7.0},{"damage":17,"enemies":"Masked Bandits","floor":21,"turns":4},{"damage":14,"enemies":"Snake Plant","floor":22,"turns":4},{"damage":7,"enemies":"Shelled Parasite and Fungi","floor":26,"turns":4}],"seed_played":"-6586291306392366154","potions_obtained":[{"floor":1.0,"key":"SpeedPotion"},{"floor":3.0,"key":"Block Potion"},{"floor":5.0,"key":"Adrenaline Potion"},{"floor":8.0,"key":"Weak Potion"},{"floor":12.0,"key":"GamblersBrew"},{"floor":15.0,"key":"PowerPotion"},{"floor":15.0,"key":"Dexterity Potion"},{"floor":16.0,"key":"Explosive Potion"},{"floor":18.0,"key":"Adrenaline Potion"}],"is_trial":false,"path_per_floor":["M","?","M","M","M","E","R","E","T","?","R","M","M","M","R","B",null,"M","M","?","?","M","PTL","PTL","R","M"],"character_chosen":"THE_BLADEMASTER","items_purchased":[],"campfire_rested":0,"item_purchase_floors":[],"current_hp_per_floor":[75,69,69,69,68,68,68,29,29,29,29,35,27,32,32,21,69,61,26,26,15,7,7,7,7,0,0],"gold":557,"neow_bonus":"THREE_ENEMY_KILL","is_daily":false,"chose_seed":false,"campfire_upgraded":3,"win_rate":0.0,"timestamp":1610602375,"path_taken":["M","?","M","M","M","E","R","E","T","?","R","?","?","M","R","BOSS","M","M","?","?","M","PTL","PTL","R","M"],"items_purchased_type":[],"build_version":"2020-12-22","purchased_purges":0,"victory":false,"max_hp_per_floor":[75,69,69,69,69,69,69,69,69,69,69,69,69,69,69,69,69,69,69,69,69,69,69,69,69,69,69],"card_choices":[{"not_picked":["blademaster:SlyStabs","blademaster:Sunder"],"picked":"blademaster:EyeOfTheTornado","floor":1.0},{"not_picked":["blademaster:Frenzy","blademaster:AspectOfWind"],"picked":"blademaster:Safeguard","floor":3.0},{"not_picked":["blademaster:AwakeningDefend","blademaster:CullingStrike"],"picked":"blademaster:DancingEdge","floor":4.0},{"not_picked":["blademaster:AspectOfWind","blademaster:Sunder"],"picked":"blademaster:Quickstep","floor":5.0},{"not_picked":["blademaster:DeadlyDance","blademaster:Frontflip"],"picked":"blademaster:AwakeningStrike","floor":6.0},{"not_picked":["blademaster:Slice","blademaster:RagingBlow"],"picked":"blademaster:Rupture","floor":8.0},{"not_picked":["blademaster:Sunder","blademaster:DragonStrike"],"picked":"blademaster:BladeCross","floor":12.0},{"not_picked":["blademaster:Cut","blademaster:DragonStrike"],"picked":"blademaster:LightningCrash","floor":13.0},{"not_picked":["blademaster:Quickstep","blademaster:Thrust"],"picked":"blademaster:Reversal","floor":14.0},{"not_picked":["blademaster:Blindside","blademaster:HighVoltage"],"picked":"blademaster:StanceMastery","floor":16.0},{"not_picked":["blademaster:ParryingStrike","blademaster:IcyWind"],"picked":"blademaster:Quickness+1","floor":18.0},{"not_picked":["blademaster:Meditate","blademaster:Discharge+1"],"picked":"blademaster:Momentum+1","floor":19.0},{"not_picked":["blademaster:Sunder","blademaster:KiBarrier+1"],"picked":"blademaster:Vortex","floor":21},{"not_picked":["blademaster:Quickstep","blademaster:AspectOfWind"],"picked":"blademaster:Sharpen","floor":22}],"player_experience":163084,"relics_obtained":[{"floor":6.0,"key":"ReplayTheSpireMod:Ninjato"},{"floor":6.0,"key":"blademaster:StanceHealPerk"},{"floor":8.0,"key":"Bottled Tornado"},{"floor":8.0,"key":"blademaster:DextrousPerk"},{"floor":9.0,"key":"Replay:Rubber Ducky"},{"floor":21,"key":"Red Mask"}],"event_choices":[{"damage_healed":0.0,"max_hp_gain":0.0,"max_hp_loss":6.0,"gold_gain":0.0,"event_name":"Golden Idol","player_choice":"Lose Max HP","floor":2.0,"gold_loss":0.0,"damage_taken":0.0,"relics_obtained":["Golden Idol"]},{"damage_healed":0.0,"max_hp_gain":0.0,"max_hp_loss":0.0,"gold_gain":0.0,"event_name":"Match and Keep!","player_choice":"1 cards matched","floor":10.0,"gold_loss":0.0,"damage_taken":0.0,"cards_obtained":["blademaster:AspectOfWind"]},{"damage_healed":0,"gold_gain":0,"player_choice":"Fought Bandits","damage_taken":0,"max_hp_gain":0,"max_hp_loss":0,"event_name":"Masked Bandits","floor":21,"gold_loss":0}],"is_beta":false,"boss_relics":[{"not_picked":["Kintsugi","Tiny House"],"picked":"Coffee Dripper"}],"items_purged_floors":[],"is_endless":false,"potions_floor_spawned":[1,3,5,8,12,16,18],"killed_by":"Shelled Parasite and Fungi","ascension_level":0}}