{"host":"7uuqqk35leady37t","time":1610614235,"event":{"mods":["BaseMod","Colored Map","Colored Powertips","Marisa£®ÏF”Í°°ƒß¿Ì…≥£©","Minty Spire (QoL Compilation)","Relic Stats","Remilia£®¿Ÿ√◊¿Ú—«£©","Replay The Spire","Robot Space Explorer","StSLib","The Bug Knight","The Servant 0.9.4","UnlockEverythingMod","Waifu the Spire","Yuri Mod","[IsaacMod]“‘»ˆº‚À˛"],"gold_per_floor":[115,128,141,153,168,211,254,287,310,310,310],"floor_reached":10,"language":"ZHS","playtime":326,"items_purged":[],"score":78,"play_id":"29c61c16-8ba3-4207-858a-b75b39d25e17","local_time":"20210114165035","is_ascension_mode":true,"campfire_choices":[],"circlet_count":0,"master_deck":["Strike_MRS","Strike_MRS","Strike_MRS","Strike_MRS","Defend_MRS","Defend_MRS","Defend_MRS","Defend_MRS","MasterSpark","UpSweep","BettingIsNotGood","DarkMatter","PropBag","PowerUp","Singularity","WitchOfGreed","BigCrunch","ChargeUpSpray"],"relics":["MiniHakkero","HushsDoor","HowToJump","Frozen Egg 2","Ornamental Fan"],"acts_visited":["Exordium"],"potions_floor_usage":[7,7,7,8],"damage_taken":[{"damage":0,"enemies":"Small Slimes","floor":1,"turns":1},{"damage":7,"enemies":"2 Louse","floor":2,"turns":2},{"damage":5,"enemies":"Cultist","floor":3,"turns":4},{"damage":7,"enemies":"Looter","floor":4,"turns":2},{"damage":20,"enemies":"Exordium Wildlife","floor":5,"turns":3},{"damage":9,"enemies":"2 Fungi Beasts","floor":6,"turns":3},{"damage":24,"enemies":"Lagavulin","floor":7,"turns":6},{"damage":0,"enemies":"Looter","floor":8,"turns":3},{"damage":17,"enemies":"3 Sentries","floor":10,"turns":2}],"seed_played":"-7665215017761639821","potions_obtained":[{"floor":2,"key":"Venom Potion"},{"floor":3,"key":"Weak Potion"},{"floor":5,"key":"Fire Potion"},{"floor":6,"key":"Venom Potion"},{"floor":7,"key":"SkillPotion"},{"floor":8,"key":"SteroidPotion"}],"is_trial":false,"path_per_floor":["M","M","M","M","M","M","E","M","T","E"],"character_chosen":"MARISA","items_purchased":[],"campfire_rested":0,"item_purchase_floors":[],"current_hp_per_floor":[82,75,70,63,43,34,10,10,10,0,0],"gold":310,"neow_bonus":"TEN_PERCENT_HP_BONUS","is_daily":false,"chose_seed":false,"campfire_upgraded":0,"win_rate":0.0,"timestamp":1610614235,"path_taken":["M","M","M","M","M","M","E","M","T","E"],"items_purchased_type":[],"build_version":"2020-12-22","purchased_purges":0,"victory":false,"max_hp_per_floor":[82,82,82,82,82,82,82,82,82,82,82],"relic_stats":{"counters":[9,26],"Ornamental Fan":[4],"obtain_stats":[{"KeepersGift":0,"AmplifyWand":7,"HowToJump":0,"Ornamental Fan":3,"Sundial":5,"Mummified Hand":6,"MiniHakkero":0,"Kunai":4,"Frozen Egg 2":7,"HushsDoor":0},{"KeepersGift":0,"AmplifyWand":7,"HowToJump":0,"Ornamental Fan":3,"Sundial":5,"Mummified Hand":6,"MiniHakkero":0,"Kunai":4,"Frozen Egg 2":7,"HushsDoor":0},{"KeepersGift":0,"AmplifyWand":16,"HowToJump":0,"Ornamental Fan":5,"Sundial":12,"Mummified Hand":13,"MiniHakkero":0,"Kunai":8,"Frozen Egg 2":21,"HushsDoor":0}]},"card_choices":[{"not_picked":[],"picked":"BettingIsNotGood","floor":0},{"not_picked":["DeepEcoloBomb","Occultation"],"picked":"DarkMatter","floor":1},{"not_picked":["Acceleration","MysteriousBeam"],"picked":"PropBag","floor":2},{"not_picked":["ShootingEcho","OrrerysSun"],"picked":"PowerUp","floor":3},{"not_picked":["SporeBomb","StarBarrage"],"picked":"Singularity","floor":4},{"not_picked":["GalacticHalo","ShootingEcho"],"picked":"WitchOfGreed","floor":5},{"not_picked":["AsteroidBelt","LuminesStrike"],"picked":"BigCrunch","floor":6},{"not_picked":["DragonMeteor","DarkSpark","Occultation"],"picked":"SKIP","floor":7},{"not_picked":["WitchLeyline","DragonMeteor"],"picked":"ChargeUpSpray","floor":8}],"player_experience":56092,"relics_obtained":[{"floor":7,"key":"Frozen Egg 2"}],"event_choices":[],"is_beta":false,"boss_relics":[],"items_purged_floors":[],"is_endless":false,"potions_floor_spawned":[2,3,5],"killed_by":"3 Sentries","ascension_level":1}}