{"host":"umc2kcp6syiz6ck1","time":1610584788,"event":{"mods":["Act Like it!","BaseMod","Colored Map","Colored Powertips","Downfall","Friendly Minions","Hallownest","Marisa????????","Minty Spire (QoL Compilation)","Prisma Mod","Quick Restart","StSLib","Td1madao Mod","The Animator","The Bug Knight","The Cursed"],"gold_per_floor":[119,4,4,22,22,49,49,63,90,102,34,34,61,75,75,173,173,187,187,187,465,465,465,384,402,425,435,435,451,451,469,469,574,574,584,484,484,500,510,544,544,560,586,586,586],"floor_reached":44,"language":"ENG","playtime":4962,"items_purged":[],"score":498,"play_id":"61706e98-f258-4fc4-86dd-6b1181ef2d57","local_time":"20210113183948","is_ascension_mode":false,"campfire_choices":[{"data":"HollowMod:SoulEater","floor":7,"key":"SMITH"},{"data":"HollowMod:ZotesMagnificence","floor":15,"key":"SMITH"},{"data":"HollowMod:CycloneSlash","floor":23,"key":"SMITH"},{"data":"HollowMod:FocusHealStart","floor":30,"key":"SMITH"},{"data":"HollowMod:SiblingsSouls","floor":32,"key":"SMITH"}],"circlet_count":0,"master_deck":["HollowMod:NailStrikeStart","HollowMod:NailStrikeStart","HollowMod:NailStrikeStart","HollowMod:NailStrikeStart","HollowMod:QuickDashStart","HollowMod:QuickDashStart","HollowMod:QuickDashStart","HollowMod:QuickDashStart","HollowMod:FocusHealStart+1","HollowMod:PogoStrike","HollowMod:SoulEater+1","HollowMod:SoulSplash","HollowMod:QuirrelsAssistance","HollowMod:SoulShaman","HollowMod:SoulStrike","HollowMod:SoulVessel","HollowMod:ZotesMagnificence+1","HollowMod:HornetsHelp","HollowMod:CycloneSlash+1","HollowMod:CoiledNail+1","HollowMod:GoodIntentions","HollowMod:BaldurShell","HollowMod:DesolateDive+1","HollowMod:CycloneSlash+1","HollowMod:SiblingsSouls+1","HollowMod:SoulMaster","HollowMod:SoulSplash+1","HollowMod:MantisMark+1","HollowMod:SharpenedNail+1","HollowMod:CornifersMapStart","HollowMod:MantisMark+1"],"relics":["HollowMod:VesselMask","NeowsBlessing","Odd Mushroom","Hallownest:DreamNailRelic","Pen Nib","HollowMod:PaleOreRelic","Sozu","Hallownest:WatcherSealRelic","Hallownest:SoulVesselRelic","White Beast Statue","Oddly Smooth Stone"],"acts_visited":["Exordium","Hallownest:Greenpath","Hallownest:CityofTears"],"potions_floor_usage":[16,16,40],"damage_taken":[{"damage":0,"enemies":"Hallownest:2_Baldur","floor":1,"turns":1},{"damage":0,"enemies":"Hallownest:monsterHuskWarrior","floor":4,"turns":1},{"damage":0,"enemies":"Hallownest:eliteMossKnight","floor":6,"turns":1},{"damage":0,"enemies":"Hallownest:monsterHuskGuard","floor":8,"turns":4},{"damage":0,"enemies":"Hallownest:monsterAspidMother","floor":10,"turns":6},{"damage":6,"enemies":"Hallownest:eliteVengeflyKing","floor":13,"turns":10},{"damage":0,"enemies":"Hallownest:monsterMossCharger","floor":14,"turns":4},{"damage":35,"enemies":"Hallownest:BossFalseKnight","floor":16,"turns":6},{"damage":7,"enemies":"Hallownest:3_Youths","floor":18,"turns":8},{"damage":6,"enemies":"Hallownest:Flukemon_and_Top","floor":25,"turns":5},{"damage":20,"enemies":"Hallownest:2_Flukemon","floor":27,"turns":5},{"damage":5,"enemies":"Hallownest:monsterMisterMushroom","floor":29,"turns":6},{"damage":1,"enemies":"Hallownest:Warrior_and_Youth","floor":31,"turns":3},{"damage":34,"enemies":"Hallownest:BossSoulMaster","floor":33,"turns":13},{"damage":5,"enemies":"Hallownest:Shield_Heavy","floor":35,"turns":5},{"damage":38,"enemies":"Hallownest:2_Littles","floor":38,"turns":7},{"damage":21,"enemies":"Hallownest:2_Great","floor":39,"turns":7},{"damage":29,"enemies":"Hallownest:eliteHiveKnight","floor":40,"turns":9},{"damage":0,"enemies":"Hallownest:Shield_Sturdy","floor":42,"turns":4},{"damage":7,"enemies":"Hallownest:2_Soldiers_and_1_Guardian","floor":44,"turns":1}],"seed_played":"-6718852093082724435","potions_obtained":[{"floor":4,"key":"Strength Potion"},{"floor":6,"key":"SkillPotion"},{"floor":10,"key":"FearPotion"}],"is_trial":false,"path_per_floor":["M","?","?","M","?","E","R","M","T","M","$","?","E","M","R","B",null,"M","?","$","?","?","R","$","M","T","M","?","M","R","M","R","B",null,"M","?","?","M","M","E","?","M","T","M"],"character_chosen":"THE_BUGKNIGHT","items_purchased":["HollowMod:SoulVessel","HollowMod:BaldurShell"],"campfire_rested":0,"item_purchase_floors":[11,24],"current_hp_per_floor":[75,75,75,75,75,75,75,75,75,75,75,75,75,75,75,40,75,74,74,74,74,74,74,74,68,68,54,68,69,69,68,68,44,75,70,70,75,43,32,9,5,5,5,0,0],"gold":586,"neow_bonus":"THREE_ENEMY_KILL","is_daily":false,"chose_seed":false,"campfire_upgraded":5,"win_rate":0.0,"timestamp":1610584788,"path_taken":["M","?","?","M","?","E","R","?","T","?","$","?","E","M","R","BOSS","M","?","?","?","?","R","$","M","T","M","?","?","R","M","R","BOSS","M","?","?","M","?","E","?","M","T","M"],"items_purchased_type":["Card","Card"],"build_version":"2020-12-22","purchased_purges":0,"victory":false,"max_hp_per_floor":[75,75,75,75,75,75,75,75,75,75,75,75,75,75,75,75,75,75,75,75,75,75,75,75,75,75,75,75,75,75,75,75,75,75,75,75,75,75,75,75,75,75,75,75,75],"card_choices":[{"not_picked":["HollowMod:HeavyBlow","HollowMod:WraithStrike"],"picked":"HollowMod:SoulEater","floor":1},{"not_picked":["HollowMod:InfectedAttack","HollowMod:HuntersJournal"],"picked":"HollowMod:SoulSplash","floor":4},{"not_picked":["HollowMod:TaintedHusks","HollowMod:WraithStrike"],"picked":"HollowMod:QuirrelsAssistance","floor":6},{"not_picked":["HollowMod:TaintedHusks","HollowMod:DescendingDark"],"picked":"HollowMod:SoulShaman","floor":8},{"not_picked":["HollowMod:VengefulVoid","HollowMod:MantisMark"],"picked":"HollowMod:SoulStrike","floor":10},{"not_picked":["HollowMod:SiblingsShadow","HollowMod:InfectedCysts"],"picked":"HollowMod:ZotesMagnificence","floor":13},{"not_picked":["HollowMod:SoulSplash","HollowMod:InfectedAttack","HollowMod:NewLittleFool"],"picked":"SKIP","floor":14},{"not_picked":["HollowMod:Hiveblood","HollowMod:AwokenDreamNail"],"picked":"HollowMod:HornetsHelp","floor":16},{"not_picked":["HollowMod:SoulStrike","HollowMod:BaldurShell"],"picked":"HollowMod:CycloneSlash","floor":18},{"not_picked":["HollowMod:AbyssShriek","HollowMod:DungDefenderAura"],"picked":"HollowMod:CoiledNail+1","floor":22},{"not_picked":["HollowMod:DreamGate+1","HollowMod:SoulVessel+1"],"picked":"HollowMod:GoodIntentions","floor":22},{"not_picked":["HollowMod:CloakDash","HollowMod:NewJinnsSoul"],"picked":"HollowMod:DesolateDive+1","floor":25},{"not_picked":["HollowMod:Grubsong","HollowMod:InfectedCysts"],"picked":"HollowMod:CycloneSlash+1","floor":27},{"not_picked":["HollowMod:HeavyBlow","HollowMod:AbyssShriek","HollowMod:VengefulVoid"],"picked":"SKIP","floor":29},{"not_picked":["HollowMod:InfectedAttack","HollowMod:PerfectDash"],"picked":"HollowMod:SiblingsSouls","floor":31},{"not_picked":["HollowMod:NewInfectedGuardian","HollowMod:VoidDash"],"picked":"HollowMod:SoulMaster","floor":33},{"not_picked":["HollowMod:FallenFury+1","HollowMod:PureNailStrike"],"picked":"HollowMod:SoulSplash+1","floor":35},{"not_picked":["HollowMod:SiblingsSouls+1","HollowMod:CycloneSlash+1"],"picked":"HollowMod:MantisMark+1","floor":38},{"not_picked":["HollowMod:Grubsong","HollowMod:InfectedCysts"],"picked":"HollowMod:SharpenedNail+1","floor":39},{"not_picked":["HollowMod:DescendingDark+1","HollowMod:SharpenedNail"],"picked":"HollowMod:CornifersMapStart","floor":40},{"not_picked":["HollowMod:DashSlash+1","HollowMod:AbyssShriek"],"picked":"HollowMod:MantisMark+1","floor":42}],"player_experience":78495,"relics_obtained":[{"floor":6,"key":"Pen Nib"},{"floor":9,"key":"Regal Pillow"},{"floor":13,"key":"HollowMod:PaleOreRelic"},{"floor":40,"key":"White Beast Statue"},{"floor":43,"key":"Oddly Smooth Stone"}],"event_choices":[],"is_beta":false,"boss_relics":[{"not_picked":["Cursed Key","Velvet Choker"],"picked":"Sozu"},{"not_picked":["Astrolabe","Busted Crown","Philosopher\u0027s Stone"]}],"items_purged_floors":[],"is_endless":false,"potions_floor_spawned":[4,6,10,25,27,29,35,39,42],"killed_by":"Hallownest:2_Soldiers_and_1_Guardian","ascension_level":0}}