{"host":"aas8f8jvicx6tcxp","time":1610660271,"event":{"mods":["BaseMod","Better Third Choice","BetterRewards","Downfall","Hermit","Minty Spire (QoL Compilation)","Robot Space Explorer","StSLib","The Cursed"],"gold_per_floor":[99,113,17,17,122,36,109,120,133,144,144,162,182,198,210,309,359,359,409,426,526,40,68,68,53,53,64,88,88,88,101,111,215,215,215,230,244,259,259,259,307,323,353,367,367,367],"floor_reached":45,"language":"ENG","playtime":6493,"items_purged":[],"score":563,"play_id":"7cd2bbfd-ea9c-4c14-8eb2-2cf4a88dd4c1","local_time":"20210114153751","is_ascension_mode":false,"campfire_choices":[{"data":"sneckomod:SnekBite","floor":1.0,"key":"SMITH"},{"floor":11.0,"key":"REST"},{"data":"sneckomod:UnlimitedRolls","floor":18.0,"key":"SMITH"},{"floor":29.0,"key":"REST"},{"data":"expansioncontent:StudyTheSpire","floor":35.0,"key":"SMITH"}],"circlet_count":0,"master_deck":["sneckomod:Strike+1","sneckomod:Strike+1","sneckomod:Defend+1","sneckomod:Defend","sneckomod:Defend","sneckomod:TailWhip+1","sneckomod:SnekBite+1","sneckomod:Unknown","sneckomod:Unknown","sneckomod:RainOfDice","sneckomod:UnknownRareSkill","sneckomod:UnknownUncommonPower+1","sneckomod:UnknownColorless","sneckomod:MorePower","sneckomod:UnknownRareSkill+1","sneckomod:ImprovisedAttack","sneckomod:CheapStock","Madness+1","sneckomod:SoulDraw","sneckomod:Unknown1Cost+1","sneckomod:SnakeSap","sneckomod:UnknownRareSkill+1","sneckomod:UnknownUncommonAttack","sneckomod:UnknownBlock","sneckomod:DiceBlock","sneckomod:UnlimitedRolls+1","sneckomod:UnknownUncommonSkill+1","sneckomod:Nope","sneckomod:UnknownRareSkill","sneckomod:Unknown1Cost+1","expansioncontent:StudyTheSpire+1","sneckomod:UnknownRareSkill+1","sneckomod:UnknownUncommonPower+1","sneckomod:UnknownRareSkill+1","sneckomod:UnknownBlock+1","sneckomod:UnknownColorless+1","sneckomod:DangerNoodle","sneckomod:UnknownClassHEXA_GHOST_PURPLE+1","sneckomod:CheapStock","sneckomod:UnknownClassGUARDIAN+1","expansioncontent:AwakenDeath","expansioncontent:ManipulateTime","sneckomod:UnknownClassPURPLE+1","sneckomod:UnknownRareAttack","sneckomod:UnknownRarePower"],"relics":["sneckomod:SneckoSoul","Ornamental Fan","Guardian:PocketSentry","Tiny House","Lizard Tail","Boot","Nloth\u0027s Gift","Velvet Choker","Kunai"],"acts_visited":["Exordium","TheCity","TheBeyond"],"potions_floor_usage":[44],"damage_taken":[{"damage":0.0,"enemies":"Small Slimes","floor":2.0,"turns":3.0},{"damage":10.0,"enemies":"downfall:FleeingMerchant","floor":3.0,"turns":4.0},{"damage":43.0,"enemies":"downfall:Heads","floor":5.0,"turns":5.0},{"damage":10.0,"enemies":"downfall:FleeingMerchant","floor":6.0,"turns":4.0},{"damage":0.0,"enemies":"2 Louse","floor":8.0,"turns":3.0},{"damage":6.0,"enemies":"Jaw Worm","floor":9.0,"turns":5.0},{"damage":9.0,"enemies":"Blue Slaver","floor":10.0,"turns":4.0},{"damage":2.0,"enemies":"Gremlin Gang","floor":12.0,"turns":2.0},{"damage":0.0,"enemies":"Exordium Thugs","floor":13.0,"turns":3.0},{"damage":1.0,"enemies":"Exordium Wildlife","floor":14.0,"turns":2.0},{"damage":3.0,"enemies":"Red Slaver","floor":15.0,"turns":2.0},{"damage":19.0,"enemies":"downfall:Silent","floor":16.0,"turns":8.0},{"damage":1.0,"enemies":"3 Byrds","floor":19.0,"turns":3.0},{"damage":10.0,"enemies":"Chosen","floor":20.0,"turns":6.0},{"damage":11.0,"enemies":"downfall:FleeingMerchant","floor":22.0,"turns":4.0},{"damage":34.0,"enemies":"Gremlin Leader","floor":23.0,"turns":6.0},{"damage":15.0,"enemies":"downfall:FleeingMerchant","floor":25.0,"turns":4.0},{"damage":32.0,"enemies":"Shelled Parasite and Fungi","floor":27.0,"turns":6.0},{"damage":10.0,"enemies":"Snake Plant","floor":28.0,"turns":3.0},{"damage":0.0,"enemies":"downfall:FleeingMerchant","floor":30.0,"turns":2.0},{"damage":11.0,"enemies":"Centurion and Healer","floor":31.0,"turns":8.0},{"damage":8.0,"enemies":"Shelled Parasite and Fungi","floor":32.0,"turns":4.0},{"damage":11.0,"enemies":"downfall:Defect","floor":33.0,"turns":9.0},{"damage":14.0,"enemies":"3 Darklings","floor":36.0,"turns":5.0},{"damage":10.0,"enemies":"3 Shapes","floor":37.0,"turns":6.0},{"damage":49.0,"enemies":"Spire Growth","floor":38.0,"turns":6.0},{"damage":23.0,"enemies":"Jaw Worm Horde","floor":42.0,"turns":4.0},{"damage":125,"enemies":"Giant Head","floor":43,"turns":11},{"damage":34,"enemies":"Sphere and 2 Shapes","floor":44,"turns":5},{"damage":23,"enemies":"Transient","floor":45,"turns":1}],"seed_played":"-5462777092072267470","potions_obtained":[{"floor":2.0,"key":"Slimebound:ThreeZeroPotion"},{"floor":10.0,"key":"sneckomod:CheatPotion"},{"floor":14.0,"key":"FearPotion"},{"floor":15.0,"key":"ColorlessPotion"},{"floor":16.0,"key":"Weak Potion"},{"floor":17.0,"key":"LiquidBronze"},{"floor":20.0,"key":"LiquidBronze"},{"floor":23.0,"key":"GamblersBrew"},{"floor":27.0,"key":"LiquidBronze"},{"floor":28.0,"key":"Weak Potion"},{"floor":32.0,"key":"DistilledChaos"},{"floor":33.0,"key":"Energy Potion"},{"floor":36.0,"key":"Regen Potion"},{"floor":38.0,"key":"champ:CounterPotion"},{"floor":44,"key":"Block Potion"}],"is_trial":false,"path_per_floor":["R","M","$","?","?","$","T","M","M","M","R","M","M","M","M","B",null,"R","M","M","?","$","E","T","$","?","M","M","R","$","M","M","B",null,"R","M","M","M","?","?","T","M","E","M","M"],"character_chosen":"THE_SNECKO","items_purchased":["sneckomod:UnknownUncommonPower","sneckomod:CheapStock","Lizard Tail","expansioncontent:StudyTheSpire"],"campfire_rested":2,"item_purchase_floors":[3,6,22,22],"current_hp_per_floor":[99,99,91,91,49,40,40,41,36,29,61,59,63,65,62,46,120,120,119,110,110,100,68,68,53,53,26,16,53,53,43,35,25,127,127,113,125,92,92,87,87,65,26,18,0,0],"gold":367,"neow_bonus":"TEN_PERCENT_HP_BONUS","is_daily":false,"chose_seed":false,"campfire_upgraded":3,"win_rate":0.0,"timestamp":1610660271,"path_taken":["R","M","$","?","?","?","T","M","M","?","R","M","?","M","M","BOSS","R","M","M","?","$","E","T","$","?","M","?","R","?","?","M","BOSS","R","M","M","M","?","?","T","M","E","M","M"],"items_purchased_type":["Card","Card","Relic","Card"],"build_version":"2020-12-22","purchased_purges":0,"victory":false,"max_hp_per_floor":[99,99,101,101,102,103,103,104,105,107,107,107,111,114,114,115,120,120,120,121,121,122,124,124,124,124,125,125,125,125,126,126,127,127,127,127,134,135,135,135,135,136,137,138,138,138],"card_choices":[{"not_picked":["sneckomod:UnknownStrike","sneckomod:UnknownCommonSkill"],"picked":"sneckomod:RainOfDice","floor":2.0},{"not_picked":["sneckomod:WideSting","sneckomod:DiceBlock"],"picked":"sneckomod:UnknownRareSkill","floor":3.0},{"not_picked":["sneckomod:QuickMove","sneckomod:IronFang"],"picked":"sneckomod:UnknownColorless","floor":5.0},{"not_picked":["sneckomod:UnknownEthereal+1","sneckomod:Unknown0Cost+1"],"picked":"sneckomod:UnknownRareSkill+1","floor":6.0},{"not_picked":["sneckomod:SoulCleanse","sneckomod:DiceBlock"],"picked":"sneckomod:ImprovisedAttack","floor":6.0},{"not_picked":["sneckomod:UnknownDexterity+1","sneckomod:UnknownColorless+1"],"picked":"sneckomod:UnknownClassWANDERER_GRAY_COLOR+1","floor":8.0},{"not_picked":["sneckomod:UnknownWeak","sneckomod:UnknownStrike"],"picked":"sneckomod:SoulDraw","floor":8.0},{"not_picked":["sneckomod:UnknownClassDEFAULT_GRAY_COLOR+1","sneckomod:UnknownEthereal+1"],"picked":"sneckomod:Unknown1Cost+1","floor":9.0},{"not_picked":["sneckomod:SoulDraw","sneckomod:DiceBlock"],"picked":"sneckomod:SnakeSap","floor":9.0},{"not_picked":["sneckomod:UnknownDexterity+1","sneckomod:Unknown0Cost+1"],"picked":"sneckomod:UnknownRareSkill+1","floor":10.0},{"not_picked":["sneckomod:QuickMove","sneckomod:UnknownExhaust"],"picked":"sneckomod:UnknownUncommonAttack","floor":10.0},{"not_picked":["sneckomod:Unknown1Cost","sneckomod:UnknownCommonSkill","sneckomod:UnknownVulnerable"],"picked":"SKIP","floor":12.0},{"not_picked":["sneckomod:UnknownWeak","sneckomod:UnknownClassBLUE","sneckomod:SoulDraw"],"picked":"SKIP","floor":13.0},{"not_picked":["sneckomod:WideSting","sneckomod:RainOfDice"],"picked":"sneckomod:UnknownBlock","floor":14.0},{"not_picked":["sneckomod:IronFang","sneckomod:UnknownUncommonPower"],"picked":"sneckomod:DiceBlock","floor":15.0},{"not_picked":["sneckomod:UnknownColorless","sneckomod:SerpentMind"],"picked":"sneckomod:UnlimitedRolls","floor":16.0},{"not_picked":["sneckomod:UnknownUncommonAttack+1","sneckomod:Unknown+1"],"picked":"sneckomod:UnknownUncommonSkill+1","floor":16.0},{"not_picked":["sneckomod:WideSting","sneckomod:UnknownClassPURPLE"],"picked":"sneckomod:Nope","floor":17.0},{"not_picked":["sneckomod:UnknownVulnerable","sneckomod:UnknownWeak","sneckomod:Unknown1Cost"],"picked":"SKIP","floor":19.0},{"not_picked":["sneckomod:UnknownWeak","sneckomod:UnknownClassPURPLE"],"picked":"sneckomod:UnknownRareSkill","floor":20.0},{"not_picked":["sneckomod:UnknownStrike+1","sneckomod:UnknownClassSLIMEBOUND+1","sneckomod:UnknownClassBLUE+1"],"picked":"SKIP","floor":20.0},{"not_picked":["sneckomod:DiceBoulder","sneckomod:UnknownClassWANDERER_GRAY_COLOR"],"picked":"sneckomod:Unknown1Cost+1","floor":22.0},{"not_picked":["sneckomod:UnknownVulnerable+1","sneckomod:UnknownClassTHE_CHAMP_GRAY+1"],"picked":"sneckomod:UnknownRareSkill+1","floor":23.0},{"not_picked":["sneckomod:UnknownWeak+1","sneckomod:UnknownClassGUARDIAN"],"picked":"sneckomod:UnknownUncommonPower+1","floor":23.0},{"not_picked":["sneckomod:PureSnecko+1","sneckomod:UnknownClassCULL_RED_COLOR","sneckomod:SoulDraw"],"picked":"SKIP","floor":25.0},{"not_picked":["sneckomod:UnknownClassROBOT_ORANGE_COLOR+1","sneckomod:UnknownUncommonPower+1"],"picked":"sneckomod:UnknownRareSkill+1","floor":27.0},{"not_picked":["sneckomod:UnknownClassGREEN","sneckomod:SoulDraw+1","sneckomod:Unknown1Cost"],"picked":"SKIP","floor":27.0},{"not_picked":["sneckomod:RainOfDice","sneckomod:MorePower","sneckomod:UnknownClassTHE_CURSED_PURPLE"],"picked":"SKIP","floor":28.0},{"not_picked":["sneckomod:UnknownClassCULL_RED_COLOR+1","sneckomod:UnknownEthereal+1"],"picked":"sneckomod:UnknownBlock+1","floor":31.0},{"not_picked":["sneckomod:Unknown0Cost","sneckomod:UnknownClassTHE_CURSED_PURPLE","sneckomod:UnknownWeak"],"picked":"SKIP","floor":31.0},{"not_picked":["sneckomod:RainOfDice","sneckomod:WideSting","sneckomod:UnknownBlock"],"picked":"SKIP","floor":32.0},{"not_picked":["sneckomod:UnknownClassTHE_CURSED_PURPLE+1","sneckomod:UnknownClassPURPLE+1"],"picked":"sneckomod:UnknownColorless+1","floor":33.0},{"not_picked":["sneckomod:UnlimitedRolls","sneckomod:Restock"],"picked":"sneckomod:DangerNoodle","floor":33.0},{"not_picked":["sneckomod:QuickMove+1","sneckomod:QuickBite+1","sneckomod:DiceCrush"],"picked":"SKIP","floor":36.0},{"not_picked":["sneckomod:UnknownCommonAttack+1","sneckomod:UnknownClassDEFAULT_GRAY_COLOR+1"],"picked":"sneckomod:UnknownClassHEXA_GHOST_PURPLE+1","floor":37.0},{"not_picked":["sneckomod:UnknownColorless","sneckomod:RainOfDice"],"picked":"sneckomod:CheapStock","floor":37.0},{"not_picked":["sneckomod:UnknownClassROBOT_ORANGE_COLOR+1","sneckomod:UnknownCommonAttack+1"],"picked":"sneckomod:UnknownClassGUARDIAN+1","floor":38.0},{"not_picked":["sneckomod:UnknownExhaust+1","sneckomod:UnknownCommonSkill","sneckomod:DiceCrush+1"],"picked":"SKIP","floor":38.0},{"not_picked":["expansioncontent:TimeRipple","expansioncontent:DarkVoid"],"picked":"expansioncontent:AwakenDeath","floor":40.0},{"not_picked":["expansioncontent:BronzeBeam","expansioncontent:FaceSlap"],"picked":"expansioncontent:ManipulateTime","floor":40.0},{"not_picked":["sneckomod:QuickBite","sneckomod:DiceCrush"],"picked":"sneckomod:UnknownClassPURPLE+1","floor":42.0},{"not_picked":["sneckomod:UnknownWeak+1","sneckomod:UnknownClassCULL_RED_COLOR+1","sneckomod:UnknownClassTHE_CHAMP_GRAY+1"],"picked":"SKIP","floor":42.0},{"not_picked":["sneckomod:UnknownX","sneckomod:UnknownRareSkill"],"picked":"sneckomod:UnknownRareAttack","floor":43},{"not_picked":["sneckomod:SoulDraw+1","sneckomod:UnknownStrike"],"picked":"sneckomod:UnknownRarePower","floor":44}],"player_experience":289867,"relics_obtained":[{"floor":7.0,"key":"Ornamental Fan"},{"floor":9.0,"key":"Guardian:PocketSentry"},{"floor":23.0,"key":"sneckomod:LoadedDie"},{"floor":24.0,"key":"Boot"},{"floor":43,"key":"Kunai"}],"event_choices":[],"is_beta":false,"boss_relics":[{"not_picked":["Astrolabe","Runic Dome"],"picked":"Tiny House"},{"not_picked":["Empty Cage","Snecko Eye"],"picked":"Velvet Choker"}],"items_purged_floors":[],"is_endless":false,"potions_floor_spawned":[2,10,14,15,16,20,23,27,28,32,33,36,38,44],"killed_by":"Transient","ascension_level":0}}