{"host":"avq773cl9g5msfol","time":1610637870,"event":{"mods":["100% Spire Juice","AchievementEnabler","Act Like it!","Ascension Unlocker","Aspiration","Astrologer","Bard","Bartender","BaseMod","Better Altar","Better Third Choice","BetterRewards","CapriCore","ChefMod","Colored Map","Colored Powertips","Conspire","Dio Mod","Downfall","Elementarium","Energized Spire","Gensokyo","GifTheSpireLib","GungeonMod","Hallownest","Hermit","Highlight Path","Hubris","Humility","Infinite Spire","Jorbs\u0027s Wanderer Trilogy","Koishi","Magitek Elite","Marisa????????","Marked Mod","Menagerie","Minty Spire (QoL Compilation)","Pale of the Ancients","Potionbrewer","Quarter Circle Forward PUNCH!","Rare Cards Sparkle","Reimu??????","Relic Stats","Remilia??????","Replay The Spire","SacredBarkPlus","Shade Mod","Somnambulant","Spicy Shops","StSLib","Synergy Search","The Administrix","The Blue Laboratory","The Bug Knight","The Construct","The Cursed","The Disciple","The Dragon Tamer","The Exalted","The Hayseed","The Hierophant","The Immortal","The Judge","The Marked","The Mystic","The Problem Sleuth","The Runesmith","The Senshi","The Vixen","The Wild Card","TheArtist","TheFirefly","Wandering Minibosses","vexMod"],"gold_per_floor":[116,135,135,153,153,183,183,218,218,53,53,79,79,100,100,199,199,217,217,217,217,217,255,255,291,291,334,334,348,348,372,372,468,468,502,515,515,535,579,613,613,632,632,632,542,307,307,332,332,332,352],"floor_reached":52,"language":"ENG","playtime":5582,"items_purged":["HellCatastrophe+1","Sickly","Elementarium:StickyTar"],"score":3864,"play_id":"1e8cffa1-6905-465b-8912-14ef8c4f422b","local_time":"20210114222430","is_ascension_mode":true,"campfire_choices":[{"data":"Septette","floor":7,"key":"SMITH"},{"data":"RedMoon","floor":11,"key":"SMITH"},{"data":"DiffusionOfMisfortune","floor":15,"key":"SMITH"},{"data":"infinitespire:FutureSight","floor":24,"key":"SMITH"},{"data":"infinitespire:NeuralNetwork","floor":30,"key":"SMITH"},{"data":"FitfulNightmare","floor":32,"key":"SMITH"},{"floor":41,"key":"REST"},{"floor":47,"key":"REST"},{"floor":49,"key":"REST"}],"circlet_count":0,"master_deck":["AscendersBane","RedMoon+1","ScarletShoot+1","Ultimatum+1","HellCatastrophe+1","TricksterDevil+1","VampirishNight+1","MastersStateliness+1","HeartBreak+1","FavorOfDestiny+1","UnderTheZenith+1","BloodRain+1","ForecastOfChange+1","VampireFantasy+1","RedRainbow+1","UnstableMagic+1","ScarletDevil+1","ScarletImprint+1","ReplayTheSpireMod:Private Reserves+1","DiffusionOfMisfortune+1","Septette+1","BloodyHallows+1","Injury","ScarletMeister+1","Maim+1","infinitespire:FutureSight+1","infinitespire:NeuralNetwork+1","FitfulNightmare+1","Gensokyo:CustomPotion"],"relics":["ScarletHat","Golden Egg","Quantum Egg","Potion Belt","champ:DeflectingBracers","Oddly Smooth Stone","DemoMod:Orange","aspiration:FrozenJewel","infinitespire:ShieldingShard","theSenshi:SuperSailorFukuRelic","OrangePellets","potionbrewer:Torch","DemoMod:GlassGuonStoneRelic","qcfpunch:Combat_Fatigues","ReplayTheSpireMod:TigerMarble","qcfpunch:Wrestler\u0027s_Cloak","conspire:GlowingRock","Golden Idol","energizedSpire:NeverEndingSparkler","infinitespire:Bottled Soul","ReplayTheSpireMod:Lightbulb","infinitespire:CursedDice","wanderingMiniBosses:CarrionFlame","Orichalcum","Elementarium:ElementariumTrophy","energizedSpire:RedRose","Cleaning_Rag","infinitespire:EmpoweringShard","Medical Kit"],"acts_visited":["Exordium","Elementarium:Elementarium","Gensokyo:Gensokyoest"],"potions_floor_usage":[1,2,6,12,16,27,29,29,33,36,40,40,42,50,50,51,51,51,51,51],"damage_taken":[{"damage":0,"enemies":"conspire:RoseBush","floor":1,"turns":2},{"damage":0,"enemies":"2 Louse","floor":2,"turns":3},{"damage":0,"enemies":"Jaw Worm","floor":4,"turns":2},{"damage":0,"enemies":"HollowMod:MossKnight","floor":6,"turns":4},{"damage":0,"enemies":"Gremlin Nob","floor":8,"turns":2},{"damage":0,"enemies":"Lagavulin","floor":12,"turns":2},{"damage":0,"enemies":"conspire:2 RoseBushes","floor":14,"turns":3},{"damage":0,"enemies":"Fading Forest","floor":16,"turns":13},{"damage":0,"enemies":"Elementarium:2_ELEMENTALS","floor":18,"turns":1},{"damage":0,"enemies":"Elementarium:WarGolem","floor":23,"turns":1},{"damage":0,"enemies":"Elementarium:FIRE_NOBILITY","floor":25,"turns":4},{"damage":0,"enemies":"Nightmare","floor":27,"turns":6},{"damage":0,"enemies":"Elementarium:MUD_AND_TAR_GOLEMS","floor":29,"turns":6},{"damage":0,"enemies":"Elementarium:GolemEmperor","floor":33,"turns":6},{"damage":0,"enemies":"Gensokyo:AncientGuardian","floor":35,"turns":3},{"damage":0,"enemies":"Gensokyo:3_Bats","floor":36,"turns":2},{"damage":0,"enemies":"Gensokyo:Dusk_and_Dawn","floor":38,"turns":3},{"damage":0,"enemies":"Gensokyo:Kasen","floor":40,"turns":4},{"damage":4,"enemies":"Gensokyo:SeedOfUnknown","floor":42,"turns":3},{"damage":0,"enemies":"Gensokyo:Rafflesia","floor":48,"turns":3},{"damage":0,"enemies":"Gensokyo:Shinki","floor":50,"turns":6},{"damage":0,"enemies":"Gensokyo:Scarlet_Devils","floor":51,"turns":4}],"seed_played":"4859372578944592998","potions_obtained":[{"floor":12,"key":"DuplicationPotion"},{"floor":25,"key":"blueLaboratory:FrostheartPotion"},{"floor":27,"key":"Strength Potion"},{"floor":29,"key":"EntropicBrew"},{"floor":36,"key":"blueLaboratory:BubblePotion"},{"floor":48,"key":"blueLaboratory:BottledHope"}],"is_trial":false,"path_per_floor":["M","M","?","M","?","E","R","E","T","$","R","E","?","M","R","B",null,"M","?","AVR","?","?","E","R","E","T","NM","?","M","R","T","R","B",null,"M","M","?","M","?","E","R","M","T","?","?","$","R","M","R","B","B",null],"character_chosen":"REMILIA","items_purchased":["Potion Belt","champ:DeflectingBracers","Oddly Smooth Stone","potionbrewer:EndurancePotion","Slimebound:ThreeZeroPotion","UnderTheZenith","blueLaboratory:BubblePotion","DemoMod:Orange","BloodRain","ForecastOfChange","aspiration:FrozenJewel","VampireFantasy+1","RedRainbow","infinitespire:ShieldingShard","UnstableMagic","blueLaboratory:FruitPunch","theSenshi:SuperSailorFukuRelic","ScarletDevil","OrangePellets","ScarletImprint","potionbrewer:Torch","ReplayTheSpireMod:Private Reserves","SkillPotion","qcfpunch:Wrestler\u0027s_Cloak","Medical Kit","blueLaboratory:BubblePotion"],"campfire_rested":3,"item_purchase_floors":[0,0,0,0,0,0,0,0,0,0,0,0,0,0,0,0,0,0,0,0,0,0,0,10,46,46],"current_hp_per_floor":[77,83,83,83,83,84,84,84,84,84,84,84,84,84,84,84,84,84,84,84,84,84,84,84,84,84,84,84,84,84,84,84,84,84,84,86,86,86,86,86,86,85,85,85,85,85,86,86,86,86,86],"gold":352,"neow_bonus":"","is_daily":false,"chose_seed":false,"campfire_upgraded":6,"win_rate":0.0,"timestamp":1610637870,"path_taken":["M","M","?","M","?","E","R","E","T","?","R","E","?","M","R","BOSS","M","?","AVR","?","?","E","R","E","T","NM","?","?","R","?","R","BOSS","M","?","?","M","?","E","R","?","T","?","?","?","R","M","R","BOSS","BOSS"],"items_purchased_type":["Relic","Relic","Relic","Potion","Potion","Card","Potion","Relic","Card","Card","Relic","Card","Card","Relic","Card","Potion","Relic","Card","Relic","Card","Relic","Card","Potion","Relic","Relic","Potion"],"build_version":"2020-12-22","purchased_purges":3,"victory":true,"max_hp_per_floor":[84,84,84,84,84,84,84,84,84,84,84,84,84,84,84,84,84,84,84,84,84,84,84,84,84,84,84,84,84,84,84,84,84,84,84,86,86,86,86,86,86,86,86,86,86,86,86,86,86,86,86],"relic_stats":{"OrangePellets":[9],"counters":[204,721],"Golden Idol":137,"Orichalcum":[54],"Medical Kit":[0],"obtain_stats":[{"Golden Egg":0,"infinitespire:BottledMercury":43,"vexMod:MemoryStick":43,"ScarletDevilRocket":34,"Bromod:ArcaneNullifier":46,"wanderingMiniBosses:OtherGremlinHorn":31,"Ginger":23,"vexMod:RockOfEvil":34,"aspiration:RitualStick":19,"Replay:Wanted Poster":34,"Replay:Ringing Soul":26,"conspire:GlowingRock":6,"infinitespire:ShieldingShard":0,"Ribbon":0,"vexMod:EndlessSickness":17,"Replay:Bronze Core":34,"DemoMod:MeltedRock":14,"DemoMod:LamentConfigurum":20,"qcfpunch:Red_Cyclone_Teachings":26,"aspiration:DSix":44,"HollowMod:QueensCombRelic":6,"construct:RocketBooster":24,"Gensokyo:TheCrow":41,"DemoMod:OrangeGuonStone":0,"HollowMod:JonisBlessing":0,"Pen Nib":27,"Guardian:PocketSentry":11,"aspiration:FrozenJewel":0,"Akabeko":27,"infinitespire:EvilPickle":37,"potionbrewer:Torch":0,"qcfpunch:Combat_Fatigues":8,"SlaversCollar":40,"Elementarium:ElementariumTrophy":33,"qcfpunch:Broken_Tusk":46,"Pandora\u0027s Box":0,"energizedSpire:MagnifyingGlass":28,"paleoftheancients:SoulOfTheShowman":53,"vexMod:PlasmaPancake":11,"Lantern":0,"StoneCalendar":40,"AdministrixMod:CrackedTaijitu":0,"wanderingMiniBosses:AbyssPearl":37,"Mythril_Glove":38,"hubris:EmptyBottle":0,"White_Cape":0,"Hallownest:GodTamersBeastRelic":37,"qcfpunch:Crimson_Sash":4,"hubris:EvacipatedBox":0,"ScarletHat":0,"Replay:Rubber Ducky":23,"Cleaning_Rag":40,"Matryoshka":0,"FadedRune:ReiMu":0,"infinitespire:Bottled Soul":20,"Ring of Peace":27,"AntiCross":6,"hubris:CuriousFeather":0,"WingedGreaves":2,"DemoMod:GnawedKey":0,"qcfpunch:Cattail":44,"InkBottle":28,"AdministrixMod:DragonsEyeCharm":0,"Potion Belt":0,"Lee\u0027s Waffle":0,"Runesmith:Nanobots":6,"construct:ClawGrip":17,"hubris:64BitClover":9,"Golden Idol":13,"Guardian:GemstoneGun":0,"DemoMod:WeirdEgg":8,"PreservedInsect":0,"The Courier":26,"DemoMod:PinkGuonStone":0,"champ:DeflectingBracers":0,"Protect_Vest":49,"infinitespire:CheckeredPen":6,"infinitespire:Lucky Rock":6,"hubris:Towel":1,"MawBank":10,"PureWhite:ReiMu":26,"Busted Crown":34,"Bottled Lightning":48,"AdministrixMod:PrescriptionBottle":0,"ReplayTheSpireMod:Lightbulb":23,"wanderingMiniBosses:Inkheart":20,"Elementarium:FlickeringLantern":21,"Toy Ornithopter":44,"hubris:BottledRain":29,"DemoMod:GreenGuonStone":0,"Ice Cream":0,"DemoMod:BlueGuonStone":48,"hubris:CrystalStatue":0,"Calipers":0,"Menagerie:HuntersKnife":5,"Vajra":0,"ZunR:ReiMu":21,"DemoMod:GlassGuonStoneRelic":11,"AdministrixMod:ConductorRitualBaton":0,"DemoMod:RiddleOfLead":34,"RedLine:ReiMu":17,"HornCleat":48,"vexMod:RetaliationKit":31,"Girya":9,"chefmod:TrustyPot":0,"paleoftheancients:KeyRelic":51,"DemoMod:Orange":0,"Choco_Feather":8,"Dead Branch":0,"Oddly Smooth Stone":28,"wanderingMiniBosses:MasterThiefsPresence":22,"conspire:Boomerang":25,"aspiration:SeaSaltIceCream":4,"Letter Opener":48,"War Paint":29,"paleoftheancients:Timepiece":51,"OrangePellets":42,"Bottled Flame":13,"Replay:Baseball":29,"ReplayTheSpireMod:Shallot":4,"energizedSpire:NeverEndingSparkler":17,"Bronze Scales":46,"ReplayTheSpireMod:TigerMarble":9,"infinitespire:EmpoweringShard":43,"hubris:ToyBattleship":14,"Mirror":40,"FlyPower:ReiMu":0,"hermit:Momento":0,"ReplayTheSpireMod:Ring of Exchange":27,"theSenshi:SuperSailorFukuRelic":0,"SacredBark":34,"conspire:SpecialSausage":3,"aspiration:TomeofQuesting":43,"Yang":0,"Juzu Bracelet":0,"Hallownest:DreamNailRelic":3,"hubris:SlimyHat":0,"Replay:Mystery Machine":13,"DemoMod:WhiteGuonStone":0,"Bow_fan:ReiMu":0,"PrismaticShard":31,"conspire:TopHat":26,"ClockworkSouvenir":0,"DemoMod:SevenLeafClover":0,"Frozen Eye":29,"Nunchaku":0,"energizedSpire:CursedPentagram":17,"Bromod:ArcaneTrickery":0,"Bromod:ArcaneTempo":24,"qcfpunch:Wrestler\u0027s_Cloak":0,"Cracked Core":0,"Hallownest:BeastSealRelic":39,"hubris:KleinBottle":46,"energizedSpire:RedRose":34,"Hallownest:SalubrasBlessingRelic":10,"qcfpunch:Army_Boots":13,"hubris:DisguiseKit":27,"ReplayTheSpireMod:Ninjato":3,"Replay:Towering Pillar of Hats":0,"infinitespire:CursedDice":43,"aspiration:RunicSpoon":0,"Quantum Egg":2,"aspiration:HummingbirdHeart":55,"aspiration:SecretTechniqueScroll":17,"Orichalcum":31,"Medical Kit":46,"White Beast Statue":43,"Anchor":0,"CaptainsWheel":5,"infinitespire:WardingShard":6,"wanderingMiniBosses:CarrionFlame":29,"vexMod:HeadHunter":0,"infinitespire:Satchel":30,"Runesmith:UraniumAnvil":34,"LetterFromLob":1,"qcfpunch:Red_Headband":24,"Bag of Marbles":40,"Membership Card":0,"PureWater":0,"DemoMod:Bottle":0,"DemoMod:VorpalBullet":24,"FossilizedHelix":0,"aspiration:MarisaSkillbook":17,"RuthlessExorcism:ReiMu":0,"ReplayTheSpireMod:ShopPack":0},{"Golden Egg":0,"infinitespire:BottledMercury":21,"vexMod:MemoryStick":72,"ScarletDevilRocket":92,"Bromod:ArcaneNullifier":179,"wanderingMiniBosses:OtherGremlinHorn":35,"Ginger":118,"vexMod:RockOfEvil":36,"aspiration:RitualStick":141,"Replay:Wanted Poster":17,"Replay:Ringing Soul":11,"conspire:GlowingRock":2,"infinitespire:ShieldingShard":78,"Ribbon":130,"vexMod:EndlessSickness":60,"Replay:Bronze Core":169,"DemoMod:MeltedRock":29,"DemoMod:LamentConfigurum":61,"qcfpunch:Red_Cyclone_Teachings":32,"aspiration:DSix":98,"HollowMod:QueensCombRelic":134,"construct:RocketBooster":32,"Gensokyo:TheCrow":72,"DemoMod:OrangeGuonStone":107,"HollowMod:JonisBlessing":78,"Pen Nib":64,"Guardian:PocketSentry":27,"aspiration:FrozenJewel":43,"Akabeko":145,"infinitespire:EvilPickle":71,"potionbrewer:Torch":182,"qcfpunch:Combat_Fatigues":187,"SlaversCollar":97,"Elementarium:ElementariumTrophy":36,"qcfpunch:Broken_Tusk":40,"Pandora\u0027s Box":24,"energizedSpire:MagnifyingGlass":64,"paleoftheancients:SoulOfTheShowman":105,"vexMod:PlasmaPancake":160,"Lantern":43,"StoneCalendar":20,"AdministrixMod:CrackedTaijitu":78,"wanderingMiniBosses:AbyssPearl":95,"Mythril_Glove":19,"hubris:EmptyBottle":24,"White_Cape":43,"Hallownest:GodTamersBeastRelic":174,"qcfpunch:Crimson_Sash":25,"hubris:EvacipatedBox":130,"ScarletHat":182,"Replay:Rubber Ducky":142,"Cleaning_Rag":200,"Matryoshka":130,"FadedRune:ReiMu":157,"infinitespire:Bottled Soul":191,"Ring of Peace":89,"AntiCross":2,"hubris:CuriousFeather":24,"WingedGreaves":25,"DemoMod:GnawedKey":43,"qcfpunch:Cattail":72,"InkBottle":64,"AdministrixMod:DragonsEyeCharm":78,"Potion Belt":43,"Lee\u0027s Waffle":43,"Runesmith:Nanobots":81,"construct:ClawGrip":115,"hubris:64BitClover":53,"Golden Idol":188,"Guardian:GemstoneGun":43,"DemoMod:WeirdEgg":135,"PreservedInsect":24,"The Courier":89,"DemoMod:PinkGuonStone":107,"champ:DeflectingBracers":182,"Protect_Vest":41,"infinitespire:CheckeredPen":26,"infinitespire:Lucky Rock":52,"hubris:Towel":108,"MawBank":57,"PureWhite:ReiMu":11,"Busted Crown":148,"Bottled Lightning":128,"AdministrixMod:PrescriptionBottle":78,"ReplayTheSpireMod:Lightbulb":88,"wanderingMiniBosses:Inkheart":117,"Elementarium:FlickeringLantern":117,"Toy Ornithopter":177,"hubris:BottledRain":146,"DemoMod:GreenGuonStone":43,"Ice Cream":157,"DemoMod:BlueGuonStone":101,"hubris:CrystalStatue":43,"Calipers":78,"Menagerie:HuntersKnife":45,"Vajra":78,"ZunR:ReiMu":141,"DemoMod:GlassGuonStoneRelic":4,"AdministrixMod:ConductorRitualBaton":53,"DemoMod:RiddleOfLead":68,"RedLine:ReiMu":162,"HornCleat":180,"vexMod:RetaliationKit":16,"Girya":3,"chefmod:TrustyPot":130,"paleoftheancients:KeyRelic":103,"DemoMod:Orange":182,"Choco_Feather":3,"Dead Branch":53,"Oddly Smooth Stone":33,"wanderingMiniBosses:MasterThiefsPresence":10,"conspire:Boomerang":89,"aspiration:SeaSaltIceCream":25,"Letter Opener":155,"War Paint":14,"paleoftheancients:Timepiece":103,"OrangePellets":39,"Bottled Flame":28,"Replay:Baseball":121,"ReplayTheSpireMod:Shallot":25,"energizedSpire:NeverEndingSparkler":190,"Bronze Scales":100,"ReplayTheSpireMod:TigerMarble":26,"infinitespire:EmpoweringShard":127,"hubris:ToyBattleship":161,"Mirror":39,"FlyPower:ReiMu":157,"hermit:Momento":0,"ReplayTheSpireMod:Ring of Exchange":89,"theSenshi:SuperSailorFukuRelic":182,"SacredBark":92,"conspire:SpecialSausage":50,"aspiration:TomeofQuesting":98,"Yang":107,"Juzu Bracelet":0,"Hallownest:DreamNailRelic":1,"hubris:SlimyHat":78,"Replay:Mystery Machine":28,"DemoMod:WhiteGuonStone":53,"Bow_fan:ReiMu":157,"PrismaticShard":168,"conspire:TopHat":63,"ClockworkSouvenir":24,"DemoMod:SevenLeafClover":0,"Frozen Eye":13,"Nunchaku":130,"energizedSpire:CursedPentagram":86,"Bromod:ArcaneTrickery":107,"Bromod:ArcaneTempo":118,"qcfpunch:Wrestler\u0027s_Cloak":78,"Cracked Core":43,"Hallownest:BeastSealRelic":174,"hubris:KleinBottle":127,"energizedSpire:RedRose":196,"Hallownest:SalubrasBlessingRelic":3,"qcfpunch:Army_Boots":84,"hubris:DisguiseKit":119,"ReplayTheSpireMod:Ninjato":50,"Replay:Towering Pillar of Hats":107,"infinitespire:CursedDice":21,"aspiration:RunicSpoon":0,"Quantum Egg":1,"aspiration:HummingbirdHeart":105,"aspiration:SecretTechniqueScroll":6,"Orichalcum":195,"Medical Kit":201,"White Beast Statue":152,"Anchor":107,"CaptainsWheel":133,"infinitespire:WardingShard":46,"wanderingMiniBosses:CarrionFlame":195,"vexMod:HeadHunter":0,"infinitespire:Satchel":121,"Runesmith:UraniumAnvil":123,"LetterFromLob":44,"qcfpunch:Red_Headband":62,"Bag of Marbles":151,"Membership Card":24,"PureWater":107,"DemoMod:Bottle":78,"DemoMod:VorpalBullet":11,"FossilizedHelix":78,"aspiration:MarisaSkillbook":140,"RuthlessExorcism:ReiMu":130,"ReplayTheSpireMod:ShopPack":157},{"Golden Egg":0,"infinitespire:BottledMercury":74,"vexMod:MemoryStick":236,"ScarletDevilRocket":319,"Bromod:ArcaneNullifier":628,"wanderingMiniBosses:OtherGremlinHorn":115,"Ginger":447,"vexMod:RockOfEvil":123,"aspiration:RitualStick":512,"Replay:Wanted Poster":52,"Replay:Ringing Soul":34,"conspire:GlowingRock":6,"infinitespire:ShieldingShard":264,"Ribbon":486,"vexMod:EndlessSickness":194,"Replay:Bronze Core":599,"DemoMod:MeltedRock":94,"DemoMod:LamentConfigurum":198,"qcfpunch:Red_Cyclone_Teachings":104,"aspiration:DSix":352,"HollowMod:QueensCombRelic":493,"construct:RocketBooster":104,"Gensokyo:TheCrow":236,"DemoMod:OrangeGuonStone":405,"HollowMod:JonisBlessing":264,"Pen Nib":209,"Guardian:PocketSentry":89,"aspiration:FrozenJewel":147,"Akabeko":522,"infinitespire:EvilPickle":234,"potionbrewer:Torch":638,"qcfpunch:Combat_Fatigues":651,"SlaversCollar":349,"Elementarium:ElementariumTrophy":123,"qcfpunch:Broken_Tusk":130,"Pandora\u0027s Box":83,"energizedSpire:MagnifyingGlass":209,"paleoftheancients:SoulOfTheShowman":389,"vexMod:PlasmaPancake":564,"Lantern":147,"StoneCalendar":71,"AdministrixMod:CrackedTaijitu":264,"wanderingMiniBosses:AbyssPearl":341,"Mythril_Glove":60,"hubris:EmptyBottle":83,"White_Cape":147,"Hallownest:GodTamersBeastRelic":613,"qcfpunch:Crimson_Sash":85,"hubris:EvacipatedBox":486,"ScarletHat":638,"Replay:Rubber Ducky":514,"Cleaning_Rag":705,"Matryoshka":486,"FadedRune:ReiMu":554,"infinitespire:Bottled Soul":670,"Ring of Peace":305,"AntiCross":6,"hubris:CuriousFeather":83,"WingedGreaves":85,"DemoMod:GnawedKey":147,"qcfpunch:Cattail":236,"InkBottle":209,"AdministrixMod:DragonsEyeCharm":264,"Potion Belt":147,"Lee\u0027s Waffle":147,"Runesmith:Nanobots":273,"construct:ClawGrip":435,"hubris:64BitClover":171,"Golden Idol":653,"Guardian:GemstoneGun":147,"DemoMod:WeirdEgg":497,"PreservedInsect":83,"The Courier":305,"DemoMod:PinkGuonStone":405,"champ:DeflectingBracers":638,"Protect_Vest":131,"infinitespire:CheckeredPen":87,"infinitespire:Lucky Rock":169,"hubris:Towel":406,"MawBank":182,"PureWhite:ReiMu":34,"Busted Crown":531,"Bottled Lightning":476,"AdministrixMod:PrescriptionBottle":264,"ReplayTheSpireMod:Lightbulb":298,"wanderingMiniBosses:Inkheart":444,"Elementarium:FlickeringLantern":444,"Toy Ornithopter":622,"hubris:BottledRain":525,"DemoMod:GreenGuonStone":147,"Ice Cream":554,"DemoMod:BlueGuonStone":365,"hubris:CrystalStatue":147,"Calipers":264,"Menagerie:HuntersKnife":152,"Vajra":264,"ZunR:ReiMu":512,"DemoMod:GlassGuonStoneRelic":10,"AdministrixMod:ConductorRitualBaton":171,"DemoMod:RiddleOfLead":226,"RedLine:ReiMu":572,"HornCleat":631,"vexMod:RetaliationKit":45,"Girya":9,"chefmod:TrustyPot":486,"paleoftheancients:KeyRelic":377,"DemoMod:Orange":638,"Choco_Feather":9,"Dead Branch":171,"Oddly Smooth Stone":107,"wanderingMiniBosses:MasterThiefsPresence":29,"conspire:Boomerang":305,"aspiration:SeaSaltIceCream":85,"Letter Opener":546,"War Paint":39,"paleoftheancients:Timepiece":377,"OrangePellets":127,"Bottled Flame":92,"Replay:Baseball":457,"ReplayTheSpireMod:Shallot":85,"energizedSpire:NeverEndingSparkler":669,"Bronze Scales":360,"ReplayTheSpireMod:TigerMarble":87,"infinitespire:EmpoweringShard":473,"hubris:ToyBattleship":567,"Mirror":127,"FlyPower:ReiMu":554,"hermit:Momento":0,"ReplayTheSpireMod:Ring of Exchange":305,"theSenshi:SuperSailorFukuRelic":638,"SacredBark":319,"conspire:SpecialSausage":167,"aspiration:TomeofQuesting":352,"Yang":405,"Juzu Bracelet":0,"Hallownest:DreamNailRelic":1,"hubris:SlimyHat":264,"Replay:Mystery Machine":92,"DemoMod:WhiteGuonStone":171,"Bow_fan:ReiMu":554,"PrismaticShard":591,"conspire:TopHat":204,"ClockworkSouvenir":83,"DemoMod:SevenLeafClover":0,"Frozen Eye":37,"Nunchaku":486,"energizedSpire:CursedPentagram":291,"Bromod:ArcaneTrickery":405,"Bromod:ArcaneTempo":447,"qcfpunch:Wrestler\u0027s_Cloak":264,"Cracked Core":147,"Hallownest:BeastSealRelic":613,"hubris:KleinBottle":473,"energizedSpire:RedRose":693,"Hallownest:SalubrasBlessingRelic":9,"qcfpunch:Army_Boots":280,"hubris:DisguiseKit":451,"ReplayTheSpireMod:Ninjato":167,"Replay:Towering Pillar of Hats":405,"infinitespire:CursedDice":74,"aspiration:RunicSpoon":0,"Quantum Egg":1,"aspiration:HummingbirdHeart":389,"aspiration:SecretTechniqueScroll":16,"Orichalcum":687,"Medical Kit":708,"White Beast Statue":539,"Anchor":405,"CaptainsWheel":491,"infinitespire:WardingShard":157,"wanderingMiniBosses:CarrionFlame":687,"vexMod:HeadHunter":0,"infinitespire:Satchel":457,"Runesmith:UraniumAnvil":463,"LetterFromLob":150,"qcfpunch:Red_Headband":202,"Bag of Marbles":536,"Membership Card":83,"PureWater":405,"DemoMod:Bottle":264,"DemoMod:VorpalBullet":34,"FossilizedHelix":264,"aspiration:MarisaSkillbook":509,"RuthlessExorcism:ReiMu":486,"ReplayTheSpireMod:ShopPack":554}]},"card_choices":[{"not_picked":["BloodHunter","DevilSight"],"picked":"DiffusionOfMisfortune","floor":1},{"not_picked":["BombardNight","Stigmanizer"],"picked":"Septette","floor":2},{"not_picked":["DiffusionOfMisfortune","ScarletDream","LeisurelyOfLord"],"picked":"SKIP","floor":4},{"not_picked":["ReincarnationDial","ScarletGensokyo","UnstableMagic"],"picked":"SKIP","floor":6},{"not_picked":["StarOfDavid","ScarletDevilSign"],"picked":"BloodyHallows","floor":8},{"not_picked":["CharismaGuard","DiffusionOfMisfortune","EmergencyRegeneration"],"picked":"SKIP","floor":12},{"not_picked":["SuperhumanBloodyKnife","UnderTheZenith","NightDance"],"picked":"SKIP","floor":14},{"not_picked":["QueenOfMidnight","BloodyHallows"],"picked":"ScarletMeister","floor":16},{"not_picked":["Stigmanizer","BloodHunter"],"picked":"Maim+1","floor":18},{"not_picked":["MastersStateliness","KillingBlow","RedMagic"],"picked":"SKIP","floor":23},{"not_picked":["ScarletDevilSign","Stigmanizer","MastersStateliness+1"],"picked":"SKIP","floor":25},{"not_picked":["Replay:Fractal Strike","ReplayTheSpireMod:Haul"],"picked":"infinitespire:NeuralNetwork","floor":27},{"not_picked":["HeartBreak","FitfulNightmare","CharismaGuard"],"picked":"SKIP","floor":27},{"not_picked":["HeartBreak","CharismaGuard"],"picked":"FitfulNightmare","floor":27},{"not_picked":["BadLadyScramble","BloodHunter+1","ScarletGensokyo"],"picked":"SKIP","floor":29},{"not_picked":["VampireClaw","BadLadyScramble","ScarletDevil"],"picked":"SKIP","floor":29},{"not_picked":["UnstableMagic+1","ScarletDream","Septette"],"picked":"SKIP","floor":35},{"not_picked":["BlasphemousPunishment","CeilingFear","CharismaGuard"],"picked":"SKIP","floor":36},{"not_picked":["CharismaGuard","ScarletSymphony+1","ForbiddenFruit"],"picked":"SKIP","floor":38},{"not_picked":["VampireSweep","NightDance","UltimateOffering"],"picked":"SKIP","floor":40},{"not_picked":["ScarletImprint","UnstableMagic+1","DiffusionOfMisfortune"],"picked":"SKIP","floor":42},{"not_picked":["NightDance+1","RedRainbow+1","BombardNight"],"picked":"SKIP","floor":48}],"player_experience":1323971,"relics_obtained":[{"floor":8,"key":"qcfpunch:Combat_Fatigues"},{"floor":9,"key":"ReplayTheSpireMod:TigerMarble"},{"floor":12,"key":"conspire:GlowingRock"},{"floor":25,"key":"ReplayTheSpireMod:Lightbulb"},{"floor":27,"key":"infinitespire:CursedDice"},{"floor":29,"key":"wanderingMiniBosses:CarrionFlame"},{"floor":31,"key":"Orichalcum"},{"floor":40,"key":"Cleaning_Rag"},{"floor":43,"key":"infinitespire:EmpoweringShard"}],"event_choices":[{"damage_healed":0,"gold_gain":0,"player_choice":"Take Wound","damage_taken":0,"relics_obtained":["Golden Idol"],"max_hp_gain":0,"max_hp_loss":0,"event_name":"Golden Idol","floor":13,"gold_loss":0,"cards_obtained":["Injury"]},{"damage_healed":0,"gold_gain":0,"player_choice":"Ignored","damage_taken":0,"max_hp_gain":0,"max_hp_loss":0,"event_name":"Elementarium:FountainOfGold","floor":19,"gold_loss":0},{"damage_healed":0,"gold_gain":0,"player_choice":"Ignored","damage_taken":0,"max_hp_gain":0,"max_hp_loss":0,"event_name":"Elementarium:ElementalBlades","floor":22,"gold_loss":0},{"damage_healed":0,"gold_gain":44,"player_choice":"Grab what you can","damage_taken":0,"max_hp_gain":0,"max_hp_loss":0,"event_name":"Creature of the Night","floor":39,"gold_loss":0}],"is_beta":false,"boss_relics":[{"not_picked":["vexMod:ImprovementManual","Empty Cage"],"picked":"energizedSpire:NeverEndingSparkler"},{"not_picked":["aspiration:SecretTechniqueScroll","hubris:GrandSneckoEye"],"picked":"energizedSpire:RedRose"}],"items_purged_floors":[0,20,46],"is_endless":false,"potions_floor_spawned":[2,6,8,12,16,25,27,29,36,40,48],"ascension_level":20}}