{"host":"5unvcuco0qq3uuek","time":1610645251,"event":{"mods":["BaseMod","Downfall","Minty Spire (QoL Compilation)","Somnambulant","StSLib","The Construct","The Cursed"],"gold_per_floor":[111,111,129,139,159,188,188,208,208,208,208,93,93,116,116,245,245,263,286,62,85,103,103,119,119,119,19,19,19,19,43,43,174,174,189,210,223,556,571,571,605,605,605,657,657,674,674,690,690,690,690,690,89,115,115,115],"floor_reached":55,"language":"ENG","playtime":4641,"items_purged":["Injury","Pain"],"score":812,"play_id":"68817b88-47bc-40a7-8bf3-e230af31e4f2","local_time":"20210114122731","is_ascension_mode":true,"campfire_choices":[{"floor":10,"key":"REST"},{"floor":13,"key":"REST"},{"floor":15,"key":"REST"},{"data":"somnambulantmod: GalaxyBrain","floor":23,"key":"SMITH"},{"floor":28,"key":"RECALL"},{"floor":30,"key":"REST"},{"floor":32,"key":"REST"},{"floor":40,"key":"REST"},{"floor":42,"key":"REST"},{"floor":47,"key":"REST"},{"floor":49,"key":"REST"},{"floor":52,"key":"REST"}],"circlet_count":0,"master_deck":["somnambulantmod: SomnambulantStrike","somnambulantmod: SomnambulantStrike+1","somnambulantmod: SomnambulantStrike+1","somnambulantmod: Defend_Somnambulant","somnambulantmod: Defend_Somnambulant+1","somnambulantmod: Defend_Somnambulant+1","somnambulantmod: Defend_Somnambulant","somnambulantmod: Defend_Somnambulant","somnambulantmod: QuickNap","somnambulantmod: PrimingPunch","somnambulantmod: HeadSmack","somnambulantmod: Pinch+1","somnambulantmod: HeavyLids","somnambulantmod: Stumble","somnambulantmod: MuscleMemory","somnambulantmod: Reinterpret+1","somnambulantmod: Hush+1","somnambulantmod: InLimbo+1","somnambulantmod: MindWave+1","somnambulantmod: SleepParalysis","somnambulantmod: SnuggleUp","somnambulantmod: DeeperSleep","somnambulantmod: SnuggleUp+1","somnambulantmod: GalaxyBrain+1","somnambulantmod: Lucidity+1","somnambulantmod: SleepingBody"],"relics":["somnambulantmod: DreamJournal","Happy Flower","Blood Vial","expansioncontent:StudyCardRelic","Lee\u0027s Waffle","WarpedTongs","Lantern","construct:WeddingRing","Peace Pipe","Dream Catcher","Thread and Needle","Lizard Tail","somnambulantmod: MemoryHouse","Bird Faced Urn","TheAbacus","Anchor"],"acts_visited":["Exordium","TheCity","TheBeyond","TheEnding"],"potions_floor_usage":[5,6,8,18,33,39,44,46,55],"damage_taken":[{"damage":4,"enemies":"2 Louse","floor":1,"turns":4},{"damage":10,"enemies":"Jaw Worm","floor":3,"turns":4},{"damage":1,"enemies":"Cultist","floor":4,"turns":4},{"damage":9,"enemies":"3 Louse","floor":5,"turns":5},{"damage":20,"enemies":"Lagavulin","floor":6,"turns":6},{"damage":2,"enemies":"Exordium Thugs","floor":8,"turns":4},{"damage":7,"enemies":"Looter","floor":14,"turns":3},{"damage":31,"enemies":"Hexaghost","floor":16,"turns":7},{"damage":0,"enemies":"3 Byrds","floor":18,"turns":4},{"damage":30,"enemies":"2 Thieves","floor":19,"turns":3},{"damage":18,"enemies":"Centurion and Healer","floor":21,"turns":6},{"damage":5,"enemies":"Shelled Parasite and Fungi","floor":22,"turns":6},{"damage":2,"enemies":"Cultist and Chosen","floor":24,"turns":3},{"damage":5,"enemies":"Centurion and Healer","floor":31,"turns":2},{"damage":1,"enemies":"Automaton","floor":33,"turns":6},{"damage":17,"enemies":"Orb Walker","floor":35,"turns":3},{"damage":5,"enemies":"3 Shapes","floor":36,"turns":3},{"damage":13,"enemies":"Writhing Mass","floor":37,"turns":4},{"damage":0,"enemies":"Jaw Worm Horde","floor":39,"turns":2},{"damage":2,"enemies":"Giant Head","floor":41,"turns":4},{"damage":77,"enemies":"2 Orb Walkers","floor":44,"turns":6},{"damage":0,"enemies":"4 Shapes","floor":46,"turns":4},{"damage":0,"enemies":"Transient","floor":48,"turns":5},{"damage":109,"enemies":"Awakened One","floor":50,"turns":9},{"damage":72,"enemies":"Shield and Spear","floor":54,"turns":6},{"damage":77,"enemies":"The Heart","floor":55,"turns":3}],"seed_played":"-5897120793231222721","potions_obtained":[{"floor":4,"key":"EntropicBrew"},{"floor":8,"key":"construct:ShiftPotion"},{"floor":14,"key":"Dexterity Potion"},{"floor":19,"key":"sneckomod:MuddlingPotion"},{"floor":24,"key":"Guardian:BlockOnCardUsePotion"},{"floor":33,"key":"Weak Potion"},{"floor":41,"key":"construct:ShiftPotion"},{"floor":54,"key":"ColorlessPotion"}],"is_trial":false,"path_per_floor":["M","?","M","M","M","E","?","M","T","R","?","$","R","M","R","B",null,"M","M","$","M","M","R","M","?","T","$","R","?","R","M","R","B",null,"M","M","M","?","M","R","E","R","T","?","?","M","R","M","R","B",null,"R","$","E","B"],"character_chosen":"THE_SOMNAMBULANT","items_purchased":["somnambulantmod: InLimbo","somnambulantmod: DeeperSleep","Lee\u0027s Waffle","somnambulantmod: MemoryHouse","Bird Faced Urn","TheAbacus"],"campfire_rested":10,"item_purchase_floors":[12,20,20,53,53,53],"current_hp_per_floor":[66,66,56,55,46,26,26,26,26,49,49,49,72,67,76,45,76,76,46,83,65,62,62,62,62,62,62,62,62,85,80,87,86,87,70,67,56,56,58,86,86,91,91,14,14,16,45,47,76,17,95,97,97,43,0,0],"gold":115,"neow_bonus":"RANDOM_COMMON_RELIC","is_daily":false,"chose_seed":false,"campfire_upgraded":1,"win_rate":0.0,"timestamp":1610645251,"path_taken":["M","?","M","M","M","E","?","M","T","R","?","$","R","?","R","BOSS","M","M","$","M","M","R","M","?","T","?","R","?","R","M","R","BOSS","M","M","M","?","M","R","E","R","T","?","?","M","R","M","R","BOSS","R","$","E","BOSS"],"items_purchased_type":["Card","Card","Relic","Relic","Relic","Relic"],"build_version":"2020-12-22","purchased_purges":2,"victory":false,"max_hp_per_floor":[70,70,70,70,70,70,70,70,70,72,72,72,74,74,76,76,76,76,76,83,83,83,83,83,83,83,83,83,83,85,85,87,87,87,87,87,87,87,87,89,89,91,91,91,91,91,93,93,95,95,95,97,97,97,97,97],"card_choices":[{"not_picked":["somnambulantmod: MuscleMemory","somnambulantmod: Harden"],"picked":"somnambulantmod: HeadSmack","floor":1},{"not_picked":["somnambulantmod: RecurringDream","somnambulantmod: TrepanningBlow"],"picked":"somnambulantmod: HeavyLids","floor":3},{"not_picked":["somnambulantmod: RecurringDream","somnambulantmod: Reject"],"picked":"somnambulantmod: Stumble","floor":4},{"not_picked":["somnambulantmod: Stimulus","somnambulantmod: TrepanningBlow"],"picked":"somnambulantmod: MuscleMemory","floor":5},{"not_picked":["somnambulantmod: Bruise","somnambulantmod: Sleepyhead"],"picked":"somnambulantmod: Reinterpret","floor":6},{"not_picked":["somnambulantmod: Bruise","somnambulantmod: BadIdea"],"picked":"somnambulantmod: Hush","floor":8},{"not_picked":["somnambulantmod: Unknow","somnambulantmod: Mindlessness"],"picked":"somnambulantmod: MindWave","floor":14},{"not_picked":["somnambulantmod: Narcolepsy","somnambulantmod: Reinterpret"],"picked":"somnambulantmod: SleepParalysis","floor":16},{"not_picked":["somnambulantmod: PillowFort","somnambulantmod: Trauma"],"picked":"somnambulantmod: SnuggleUp","floor":18},{"not_picked":["somnambulantmod: TrepanningBlow","somnambulantmod: Nosebleed+1","somnambulantmod: Sleepyhead"],"picked":"SKIP","floor":19},{"not_picked":["somnambulantmod: Cower+1","somnambulantmod: TrepanningBlow+1"],"picked":"somnambulantmod: SnuggleUp+1","floor":21},{"not_picked":["somnambulantmod: TrepanningBlow","somnambulantmod: RecurringDream"],"picked":"somnambulantmod: GalaxyBrain","floor":22},{"not_picked":["somnambulantmod: ViralIdea","somnambulantmod: Trauma","somnambulantmod: LayeredDefense"],"picked":"SKIP","floor":24},{"not_picked":["somnambulantmod: HorrificThought","somnambulantmod: NightmareFuel","somnambulantmod: Remember+1"],"picked":"SKIP","floor":31},{"not_picked":["somnambulantmod: Refracture","somnambulantmod: Unburden"],"picked":"somnambulantmod: Lucidity","floor":33},{"not_picked":["somnambulantmod: Unknow","somnambulantmod: LeechFears","somnambulantmod: SnuggleUp+1"],"picked":"SKIP","floor":35},{"not_picked":["somnambulantmod: NightHaunts","somnambulantmod: Stumble","somnambulantmod: SnuggleUp"],"picked":"SKIP","floor":36},{"not_picked":["somnambulantmod: UnthoughtKnown","somnambulantmod: HappyThoughts","somnambulantmod: BadIdea+1"],"picked":"SKIP","floor":37},{"not_picked":["somnambulantmod: HorrificThought+1","somnambulantmod: RecurringDream","somnambulantmod: Harden"],"picked":"SKIP","floor":39},{"not_picked":["somnambulantmod: Harden+1","somnambulantmod: Remember"],"picked":"somnambulantmod: SleepingBody","floor":41},{"not_picked":["somnambulantmod: Sleepyhead","somnambulantmod: Wake","somnambulantmod: Bruise"],"picked":"SKIP","floor":46},{"not_picked":["somnambulantmod: Inspiration","somnambulantmod: HeavyLids+1","somnambulantmod: Unmake+1"],"picked":"SKIP","floor":48},{"not_picked":["somnambulantmod: Extract+1","somnambulantmod: DeeperSleep+1","somnambulantmod: Relive"],"picked":"SKIP","floor":54}],"player_experience":541508,"relics_obtained":[{"floor":6,"key":"Blood Vial"},{"floor":26,"key":"Lantern"},{"floor":41,"key":"Peace Pipe"},{"floor":43,"key":"Dream Catcher"},{"floor":44,"key":"Thread and Needle"},{"floor":54,"key":"Anchor"}],"event_choices":[{"damage_healed":0,"gold_gain":0,"cards_transformed":["somnambulantmod: SomnambulantStrike"],"player_choice":"Change","damage_taken":0,"max_hp_gain":0,"max_hp_loss":0,"event_name":"Living Wall","floor":2,"gold_loss":0,"cards_obtained":["somnambulantmod: Pinch"]},{"damage_healed":0,"gold_gain":0,"player_choice":"Take Wound","damage_taken":0,"relics_obtained":["Golden Idol"],"max_hp_gain":0,"max_hp_loss":0,"event_name":"Golden Idol","floor":7,"gold_loss":0,"cards_obtained":["Injury"]},{"cards_removed":["somnambulantmod: SomnambulantStrike"],"damage_healed":0,"gold_gain":0,"player_choice":"Offered Basic","damage_taken":0,"max_hp_gain":0,"max_hp_loss":0,"event_name":"Bonfire Elementals","floor":11,"gold_loss":0},{"damage_healed":0,"gold_gain":0,"player_choice":"Rummage","damage_taken":0,"relics_obtained":["WarpedTongs"],"max_hp_gain":0,"max_hp_loss":0,"event_name":"Accursed Blacksmith","floor":25,"gold_loss":0,"cards_obtained":["Pain"]},{"damage_healed":0,"gold_gain":0,"player_choice":"Ignored","damage_taken":0,"max_hp_gain":0,"max_hp_loss":0,"event_name":"Vampires","floor":29,"gold_loss":0},{"damage_healed":0,"gold_gain":333,"player_choice":"Gave Idol","damage_taken":0,"max_hp_gain":0,"max_hp_loss":0,"event_name":"The Moai Head","floor":38,"relics_lost":["Golden Idol"],"gold_loss":0},{"damage_healed":0,"gold_gain":0,"player_choice":"Fight","damage_taken":0,"max_hp_gain":0,"max_hp_loss":0,"event_name":"Mysterious Sphere","floor":44,"gold_loss":0},{"damage_healed":0,"gold_gain":0,"player_choice":"Gave Potion","damage_taken":0,"relics_obtained":["Lizard Tail"],"max_hp_gain":0,"max_hp_loss":0,"event_name":"WeMeetAgain","floor":45,"gold_loss":0}],"is_beta":false,"boss_relics":[{"not_picked":["Pandora\u0027s Box","somnambulantmod: GluedMask"],"picked":"expansioncontent:StudyCardRelic"},{"not_picked":["somnambulantmod: BrokenTimepiece","Runic Pyramid"],"picked":"construct:WeddingRing"}],"items_purged_floors":[12,27],"is_endless":false,"potions_floor_spawned":[4,5,8,14,19,24,31,33,35,37,41,54],"killed_by":"The Heart","ascension_level":1}}