{"host":"Ringo","time":1610599442,"event":{"mods":["BaseMod","Colored Map","Conspire","Dota2Spire","Minty Spire (QoL Compilation)","StSLib","[IsaacMod]ÒÔÈö¼âËþ","¡¾ÒÅÎï¿¨ÅÆ¡¿REMEMod"],"gold_per_floor":[110,128,128,138,218,252,265,291,291,326,340,369,400,194,194,268,268,284,284,300,318,331,366,392,21,97,127,139,170,205,236,236,310,310,338,367,187,212,228,254,283,310,382,415,415,441,466,496,496,496,496],"floor_reached":52,"language":"ZHS","playtime":1705,"items_purged":[],"score":3919,"play_id":"aaa157e4-32bc-4ff5-9794-d1ef55b1bf1a","local_time":"20210114124402","daily_mods":["SealedDeck","Vintage","Heirloom","Time Dilation","Flight","DeadlyEvents","Elite Swarm","Lethality","Binary"],"is_ascension_mode":true,"campfire_choices":[{"data":"REME_Fury","floor":15.0,"key":"SMITH"},{"data":"Infernal Blade","floor":32.0,"key":"SMITH"},{"data":"Panacea","floor":49.0,"key":"SMITH"}],"circlet_count":0,"master_deck":["AscendersBane","Iron Wave","Iron Wave","Thunderclap","REME_Cut","Armaments","Infernal Blade+1","REME_Cut","Flex","Clash","REME_Cut","REME_Fury+1","Pummel","Panache+1","Panacea+1","Feel No Pain+1","Sadistic Nature+1"],"relics":["Burning Blood","Busted Crown","HushsDoor","REME_ComplimentaryCards","Dota2Spire:Satanic","DeathBook","Blood Vial","TheBean","conspire:TopHat","HornCleat","Ancient Tea Set","UnicornStump","Dota2Spire:ArcaneBoots","Dota2Spire:AghanimScepter","Matryoshka","Dota2Spire:DrumOfEndurance","TuHaoJin","HowToJump","EdensBlessing","Chaos","Dota2Spire:AssaultCuirass","GuppysTail","DeadEye","Incubus","Chemical X","Frozen Egg 2","BlankCard","Snake Skull","conspire:TreasureMap","PillsDrop","SteamSale","TheBattery","Bag of Marbles","Dota2Spire:CrimsonGuard","Dota2Spire:UrnOfShadows","REME_LowDesire","ChampionBelt","Dream Catcher","Magic Flower","Bottled Tornado","Mercury Hourglass","White Beast Statue","Dota2Spire:Vanguard","TheAbacus","SlaversCollar","Cursed Key","Bag of Preparation","REME_LimitBreaker","REME_PoisonedDagger","Anchor","Pantograph","Runic Capacitor"],"acts_visited":["Exordium","TheCity","TheBeyond"],"potions_floor_usage":[50,51],"damage_taken":[{"damage":0.0,"enemies":"Small Slimes","floor":1.0,"turns":1.0},{"damage":0.0,"enemies":"2 Louse","floor":2.0,"turns":2.0},{"damage":0.0,"enemies":"Cultist","floor":4.0,"turns":2.0},{"damage":29.0,"enemies":"Hiden Room Battle","floor":5.0,"turns":3.0},{"damage":0.0,"enemies":"Lagavulin","floor":6.0,"turns":3.0},{"damage":0.0,"enemies":"Gremlin Gang","floor":7.0,"turns":2.0},{"damage":0.0,"enemies":"Gremlin Nob","floor":8.0,"turns":2.0},{"damage":0.0,"enemies":"3 Sentries","floor":10.0,"turns":4.0},{"damage":0.0,"enemies":"Large Slime","floor":11.0,"turns":3.0},{"damage":0.0,"enemies":"Gremlin Nob","floor":12.0,"turns":2.0},{"damage":0.0,"enemies":"Lagavulin","floor":13.0,"turns":1.0},{"damage":0.0,"enemies":"Slime Boss","floor":16.0,"turns":2.0},{"damage":0.0,"enemies":"3 Byrds","floor":18.0,"turns":2.0},{"damage":0.0,"enemies":"Shell Parasite","floor":20.0,"turns":2.0},{"damage":0.0,"enemies":"Snake Plant","floor":21.0,"turns":1.0},{"damage":0.0,"enemies":"3 Cultists","floor":22.0,"turns":3.0},{"damage":0.0,"enemies":"Book of Stabbing","floor":23.0,"turns":2.0},{"damage":0.0,"enemies":"Gremlin Leader","floor":24.0,"turns":1.0},{"damage":0.0,"enemies":"Slavers","floor":27.0,"turns":1.0},{"damage":0.0,"enemies":"Snecko","floor":28.0,"turns":1.0},{"damage":0.0,"enemies":"Book of Stabbing","floor":29.0,"turns":1.0},{"damage":0.0,"enemies":"Slavers","floor":30.0,"turns":1.0},{"damage":0.0,"enemies":"Gremlin Leader","floor":31.0,"turns":1.0},{"damage":0.0,"enemies":"Automaton","floor":33.0,"turns":2.0},{"damage":8.0,"enemies":"Reptomancer","floor":35.0,"turns":2.0},{"damage":0.0,"enemies":"Nemesis","floor":36.0,"turns":1.0},{"damage":0.0,"enemies":"Giant Head","floor":38.0,"turns":3.0},{"damage":0.0,"enemies":"Orb Walker","floor":39.0,"turns":2.0},{"damage":0.0,"enemies":"Reptomancer","floor":40.0,"turns":2.0},{"damage":0.0,"enemies":"Giant Head","floor":41.0,"turns":3.0},{"damage":8.0,"enemies":"Nemesis","floor":42.0,"turns":3.0},{"damage":0.0,"enemies":"Giant Head","floor":44.0,"turns":2.0},{"damage":0.0,"enemies":"Nemesis","floor":46.0,"turns":1.0},{"damage":0.0,"enemies":"Mind Bloom Boss Battle","floor":47.0,"turns":1.0},{"damage":0.0,"enemies":"Reptomancer","floor":48.0,"turns":1.0},{"damage":0,"enemies":"conspire:OrnateMirror","floor":50,"turns":3},{"damage":17,"enemies":"Time Eater","floor":51,"turns":3}],"seed_played":"-6214674578161692997","potions_obtained":[{"floor":4.0,"key":"REME_GoldPotion"},{"floor":5.0,"key":"Fire Potion"},{"floor":6.0,"key":"BlessingOfTheForge"},{"floor":11.0,"key":"Block Potion"},{"floor":22.0,"key":"ColorlessPotion"},{"floor":23.0,"key":"DistilledChaos"},{"floor":24.0,"key":"Dota2Spire:Clarity"},{"floor":27.0,"key":"SkillPotion"},{"floor":35.0,"key":"Swift Potion"},{"floor":40.0,"key":"Energy Potion"},{"floor":47.0,"key":"Ancient Potion"}],"is_trial":true,"path_per_floor":["M","M","?","M","?","E","M","E","T","E","M","E","E","$","R","B",null,"M","?","M","M","M","E","E","$","T","E","M","E","E","E","R","B",null,"M","M","$","M","M","E","E","E","T","E","?","M","?","M","R","B","B",null],"character_chosen":"IRONCLAD","items_purchased":["Chaos","Pummel","GuppysTail","conspire:TreasureMap","Panache+1","Feel No Pain+1","Bottled Tornado"],"campfire_rested":0,"item_purchase_floors":[14,14,17,25,25,37,37],"current_hp_per_floor":[74,75,71,75,39,47,55,63,63,71,75,75,75,75,75,75,65,65,65,65,65,65,65,65,65,65,65,65,60,60,60,60,60,60,58,60,60,63,63,63,63,63,63,63,48,60,63,63,63,63,55],"gold":496,"neow_bonus":"","is_daily":false,"chose_seed":false,"campfire_upgraded":3,"win_rate":0.0,"timestamp":1610599442,"path_taken":["M","M","?","M","?","E","M","E","T","E","M","E","E","$","R","BOSS","M","?","M","M","M","E","E","$","T","E","M","E","E","E","R","BOSS","M","M","$","M","M","E","E","E","T","E","?","?","?","M","R","BOSS","BOSS"],"items_purchased_type":["Card","Card","Relic","Relic","Card","Card","Relic"],"build_version":"2020-12-18","purchased_purges":0,"victory":true,"max_hp_per_floor":[75,75,75,75,75,75,75,75,75,75,75,75,75,75,75,75,65,65,65,65,65,65,65,65,65,65,65,65,60,60,60,60,60,60,60,60,60,63,63,63,63,63,63,63,63,63,63,63,63,63,63],"card_choices":[{"not_picked":[],"picked":"Panacea","floor":33.0},{"not_picked":["REME_MagicPocketWatch+1"],"picked":"SKIP","floor":35.0},{"not_picked":["conspire:Banana"],"picked":"SKIP","floor":36.0},{"not_picked":["Mind Blast"],"picked":"SKIP","floor":38.0},{"not_picked":["BloodyBrimstone"],"picked":"SKIP","floor":40.0},{"not_picked":["REME_PuzzleBox"],"picked":"SKIP","floor":41.0},{"not_picked":["HandOfGreed"],"picked":"SKIP","floor":42.0},{"not_picked":["REME_WheelOfFate"],"picked":"SKIP","floor":44.0},{"not_picked":["Bandage Up+1"],"picked":"SKIP","floor":46.0},{"not_picked":[],"picked":"Sadistic Nature+1","floor":47.0},{"not_picked":["EpicFetus+1"],"picked":"SKIP","floor":48.0}],"player_experience":516455,"relics_obtained":[{"floor":1.0,"key":"Blood Vial"},{"floor":2.0,"key":"TheBean"},{"floor":4.0,"key":"conspire:TopHat"},{"floor":5.0,"key":"HornCleat"},{"floor":5.0,"key":"Ancient Tea Set"},{"floor":6.0,"key":"UnicornStump"},{"floor":7.0,"key":"Dota2Spire:ArcaneBoots"},{"floor":8.0,"key":"Dota2Spire:AghanimScepter"},{"floor":9.0,"key":"Matryoshka"},{"floor":10.0,"key":"Dota2Spire:DrumOfEndurance"},{"floor":11.0,"key":"TuHaoJin"},{"floor":12.0,"key":"HowToJump"},{"floor":13.0,"key":"EdensBlessing"},{"floor":18.0,"key":"DeadEye"},{"floor":20.0,"key":"Incubus"},{"floor":21.0,"key":"Chemical X"},{"floor":22.0,"key":"Frozen Egg 2"},{"floor":23.0,"key":"BlankCard"},{"floor":24.0,"key":"Snake Skull"},{"floor":26.0,"key":"PillsDrop"},{"floor":26.0,"key":"SteamSale"},{"floor":27.0,"key":"TheBattery"},{"floor":28.0,"key":"Bag of Marbles"},{"floor":29.0,"key":"Dota2Spire:CrimsonGuard"},{"floor":30.0,"key":"Dota2Spire:UrnOfShadows"},{"floor":31.0,"key":"REME_LowDesire"},{"floor":35.0,"key":"Dream Catcher"},{"floor":36.0,"key":"Magic Flower"},{"floor":38.0,"key":"Mercury Hourglass"},{"floor":39.0,"key":"White Beast Statue"},{"floor":40.0,"key":"Dota2Spire:Vanguard"},{"floor":41.0,"key":"TheAbacus"},{"floor":42.0,"key":"SlaversCollar"},{"floor":43.0,"key":"Cursed Key"},{"floor":43.0,"key":"Bag of Preparation"},{"floor":44.0,"key":"REME_LimitBreaker"},{"floor":46.0,"key":"Anchor"},{"floor":47.0,"key":"Pantograph"},{"floor":48.0,"key":"Runic Capacitor"}],"event_choices":[{"damage_healed":0.0,"max_hp_gain":0.0,"max_hp_loss":0.0,"gold_gain":0.0,"event_name":"conspire:Investor","player_choice":"Leave","floor":3.0,"gold_loss":0.0,"damage_taken":0.0},{"damage_healed":0.0,"max_hp_gain":0.0,"max_hp_loss":0.0,"gold_gain":0.0,"event_name":"HidenRoomEvent","player_choice":"Fight","floor":5.0,"gold_loss":0.0,"damage_taken":0.0},{"damage_healed":0.0,"max_hp_gain":0.0,"max_hp_loss":0.0,"gold_gain":0.0,"event_name":"Ghosts","player_choice":"Ignored","floor":19.0,"gold_loss":0.0,"damage_taken":0.0},{"damage_healed":0.0,"max_hp_gain":0.0,"max_hp_loss":0.0,"gold_gain":0.0,"event_name":"MindBloom","player_choice":"Fight","floor":47.0,"gold_loss":0.0,"damage_taken":0.0}],"is_beta":true,"boss_relics":[{"not_picked":["Empty Cage","MealTicket"],"picked":"Dota2Spire:AssaultCuirass"},{"not_picked":[]},{"not_picked":["Velvet Choker","MomsKnife"],"picked":"ChampionBelt"},{"not_picked":[]}],"items_purged_floors":[],"is_endless":false,"potions_floor_spawned":[4,5,6,8,11,12,22,23,24,27,28,35,36,40,41,42,44,46,47,48],"ascension_level":20}}