{"host":"Rowan","time":1610588403,"event":{"mods":["BaseMod","Minty Spire (QoL Compilation)"],"gold_per_floor":[118,118,118,42,60,60,87,162,189,189,221,221,239,252,252,252,252],"floor_reached":16,"language":"ENG","playtime":1799,"items_purged":[],"score":133,"play_id":"9a426140-42a9-4203-9fa0-78c10514cd77","local_time":"20210113174003","is_ascension_mode":false,"campfire_choices":[{"floor":10,"key":"RECALL"},{"data":"Neutralize","floor":12,"key":"SMITH"},{"floor":15,"key":"REST"}],"circlet_count":0,"master_deck":["Strike_G","Strike_G","Strike_G","Strike_G","Strike_G","Defend_G","Defend_G","Defend_G","Defend_G","Defend_G","Survivor","Neutralize+1","Setup+1","Backflip+1","Slice","Deflect+1","Cloak And Dagger","Cloak And Dagger","Dash","Heel Hook"],"relics":["Ring of the Snake","NeowsBlessing","War Paint","Bottled Flame"],"acts_visited":["Exordium"],"potions_floor_usage":[11,16,16],"damage_taken":[{"damage":0,"enemies":"Jaw Worm","floor":1,"turns":1},{"damage":0,"enemies":"2 Louse","floor":5,"turns":1},{"damage":0,"enemies":"Lagavulin","floor":7,"turns":1},{"damage":19,"enemies":"Gremlin Nob","floor":11,"turns":5},{"damage":0,"enemies":"Small Slimes","floor":13,"turns":4},{"damage":0,"enemies":"Exordium Wildlife","floor":14,"turns":5},{"damage":67,"enemies":"Slime Boss","floor":16,"turns":18}],"seed_played":"6257892921638290386","potions_obtained":[{"floor":1,"key":"SteroidPotion"},{"floor":7,"key":"SkillPotion"},{"floor":11,"key":"Block Potion"}],"is_trial":false,"path_per_floor":["M","$","?","$","M","?","E","?","T","R","E","R","M","M","R","B"],"character_chosen":"THE_SILENT","items_purchased":["Backflip","Slice"],"campfire_rested":1,"item_purchase_floors":[4,4],"current_hp_per_floor":[70,70,75,75,75,75,75,64,64,64,45,45,45,45,67,0,0],"gold":252,"neow_bonus":"THREE_ENEMY_KILL","is_daily":false,"chose_seed":false,"campfire_upgraded":1,"win_rate":0.0,"timestamp":1610588403,"path_taken":["M","$","?","$","M","?","E","?","T","R","E","R","M","M","R","BOSS"],"items_purchased_type":["Card","Card"],"build_version":"2020-12-18","purchased_purges":0,"victory":false,"max_hp_per_floor":[70,70,75,75,75,75,75,75,75,75,75,75,75,75,75,75,75],"card_choices":[{"not_picked":["Blade Dance","Acrobatics"],"picked":"Setup","floor":1},{"not_picked":["PiercingWail","Bane"],"picked":"Deflect","floor":5},{"not_picked":["Terror","Well Laid Plans"],"picked":"Cloak And Dagger","floor":7},{"not_picked":["Deadly Poison","Tools of the Trade"],"picked":"Cloak And Dagger","floor":11},{"not_picked":["Well Laid Plans","Leg Sweep"],"picked":"Dash","floor":13},{"not_picked":["Catalyst","Quick Slash"],"picked":"Heel Hook","floor":14}],"player_experience":354412,"relics_obtained":[{"floor":7,"key":"War Paint"},{"floor":11,"key":"Bottled Flame"}],"event_choices":[{"damage_healed":0,"gold_gain":0,"player_choice":"Donut","damage_taken":0,"max_hp_gain":5,"max_hp_loss":0,"event_name":"Big Fish","floor":3,"gold_loss":0},{"damage_healed":0,"gold_gain":0,"player_choice":"Grow","damage_taken":0,"max_hp_gain":0,"max_hp_loss":0,"event_name":"Living Wall","floor":6,"gold_loss":0,"cards_upgraded":["Setup"]},{"damage_healed":0,"gold_gain":75,"player_choice":"Gather Gold","damage_taken":11,"max_hp_gain":0,"max_hp_loss":0,"event_name":"World of Goop","floor":8,"gold_loss":0}],"is_beta":true,"boss_relics":[],"items_purged_floors":[],"is_endless":false,"potions_floor_spawned":[1,7,11],"killed_by":"Slime Boss","ascension_level":0}}