{"host":"p9t7qd83igtcp2bh","time":1610611959,"event":{"mods":["2.2 Compatiblity","AchievementEnabler","BaseMod","Colored Map","Colored Powertips","Custom Start","DeckTracker","Keyboard Shortcuts","Minty Spire (QoL Compilation)","Permanent Neow","StSLib","SuperFastMode","everything is the same but u backflip on backflip"],"gold_per_floor":[109,124,138,63,163,163,193,193,193,208,227,227,46,56,56,56,56],"floor_reached":16,"language":"KOR","playtime":381,"items_purged":["Defend_B"],"score":199,"play_id":"51c6b016-e429-404b-ac08-d1b4660fa351","local_time":"20210114171239","is_ascension_mode":true,"campfire_choices":[{"data":"Ball Lightning","floor":6,"key":"SMITH"},{"data":"Coolheaded","floor":8,"key":"SMITH"},{"data":"Zap","floor":12,"key":"SMITH"},{"data":"Go for the Eyes","floor":15,"key":"SMITH"}],"circlet_count":0,"master_deck":["AscendersBane","Strike_B","Strike_B","Strike_B","Defend_B","Defend_B","Defend_B","Zap+1","Dualcast","Glacier","Ball Lightning+1","Coolheaded+1","Go for the Eyes+1","Melter","Turbo","Beam Cell+1","Cold Snap+1","Capacitor"],"relics":["Cracked Core","Bottled Lightning","Molten Egg 2"],"acts_visited":["Exordium"],"potions_floor_usage":[16],"damage_taken":[{"damage":0,"enemies":"Small Slimes","floor":1,"turns":3},{"damage":1,"enemies":"Cultist","floor":2,"turns":3},{"damage":4,"enemies":"Jaw Worm","floor":3,"turns":4},{"damage":24,"enemies":"3 Sentries","floor":7,"turns":14},{"damage":12,"enemies":"3 Louse","floor":10,"turns":3},{"damage":7,"enemies":"Red Slaver","floor":11,"turns":4},{"damage":4,"enemies":"Blue Slaver","floor":14,"turns":3},{"damage":6,"enemies":"The Guardian","floor":16,"turns":10}],"seed_played":"4342501472615875633","potions_obtained":[{"floor":1,"key":"Dexterity Potion"},{"floor":11,"key":"FairyPotion"},{"floor":14,"key":"DistilledChaos"}],"is_trial":false,"path_per_floor":["M","M","M","?","?","R","E","R","T","M","M","R","$","M","R","B"],"character_chosen":"DEFECT","items_purchased":["Cold Snap+1","Capacitor"],"campfire_rested":0,"item_purchase_floors":[13,13],"current_hp_per_floor":[64,63,59,59,59,59,35,35,35,23,16,16,16,12,12,6,6],"gold":56,"neow_bonus":"THREE_CARDS","is_daily":false,"chose_seed":false,"campfire_upgraded":4,"win_rate":0.0,"timestamp":1610611959,"path_taken":["M","M","M","?","?","R","E","R","T","M","M","R","$","M","R","BOSS"],"items_purchased_type":["Card","Card"],"build_version":"2020-12-22","purchased_purges":1,"victory":false,"max_hp_per_floor":[71,71,71,71,71,71,71,71,71,71,71,71,71,71,71,71,71],"card_choices":[{"not_picked":["Rebound","Compile Driver"],"picked":"Glacier","floor":0},{"not_picked":["Stack","Glacier"],"picked":"Ball Lightning","floor":1},{"not_picked":["Rebound","Turbo"],"picked":"Coolheaded","floor":2},{"not_picked":["Conserve Battery","Chaos"],"picked":"Go for the Eyes","floor":3},{"not_picked":["Thunder Strike","Reprogram"],"picked":"Melter","floor":7},{"not_picked":["Redo","Chaos"],"picked":"Turbo","floor":10},{"not_picked":["Go for the Eyes+1","Recycle"],"picked":"Beam Cell+1","floor":11},{"not_picked":["Recycle","Conserve Battery","Rebound+1"],"picked":"SKIP","floor":14}],"player_experience":640690,"relics_obtained":[{"floor":7,"key":"Bottled Lightning"},{"floor":9,"key":"Molten Egg 2"}],"event_choices":[{"cards_removed":["Strike_B"],"damage_healed":0,"gold_gain":0,"player_choice":"Card Removal","damage_taken":0,"max_hp_gain":0,"max_hp_loss":0,"event_name":"The Cleric","floor":4,"gold_loss":75},{"damage_healed":0,"gold_gain":100,"player_choice":"Gold","damage_taken":0,"max_hp_gain":0,"max_hp_loss":0,"event_name":"Wheel of Change","floor":5,"gold_loss":0}],"is_beta":false,"boss_relics":[],"items_purged_floors":[13],"is_endless":false,"potions_floor_spawned":[1,11,14],"killed_by":"The Guardian","ascension_level":19}}