{"host":"0gl1h2c0bid0oqhv","time":1610644864,"event":{"mods":["Arknights The Spire","BaseMod","Beaked The Cultist","Colored Map","Googly Eyes","Highlight Path","Minty Spire (QoL Compilation)","Quick Restart","Rare Cards Sparkle","Shop Mod","StSLib","The Bladedancer","The Jungle"],"gold_per_floor":[112,187,187,152,152,177,194,194,245,277,292,306,306,341,341,446,446,463,463,1,1,0,25,44,21,48,48,48,48,48],"floor_reached":29,"language":"ENG","playtime":2112,"items_purged":[],"score":282,"play_id":"65ff1119-7501-4d5c-8ef1-fc9c46d62ffd","local_time":"20210114172104","is_ascension_mode":false,"campfire_choices":[{"data":"beaked:Windmill","floor":8,"key":"SMITH"},{"data":"beaked:MachineEssence","floor":13,"key":"SMITH"},{"data":"beaked:Recite","floor":15,"key":"SMITH"},{"floor":27,"key":"RECALL"}],"circlet_count":0,"master_deck":["beaked:Strike_Y","beaked:Strike_Y","beaked:Strike_Y","beaked:Strike_Y","beaked:Strike_Y","beaked:Strike_Y","beaked:Defend_Y","beaked:Defend_Y","beaked:Defend_Y","beaked:Defend_Y","beaked:Ceremony","beaked:Ceremony","beaked:Ceremony","beaked:Recite+1","beaked:VigorBurst","beaked:Windmill+1","beaked:MachineEssence+1","beaked:Daydream+1","beaked:Evade","beaked:DarkTribute+1","beaked:MachineSpirit","beaked:DigDeep","beaked:DesperateSwing+1","beaked:Insight","beaked:Tweet","beaked:Insight"],"relics":["beaked:MendingPlumage","NeowsBlessing","Pantograph","Peace Pipe","Orichalcum","Thread and Needle","Torii","beaked:SacrificeDoll","CaptainsWheel","War Paint","MealTicket"],"acts_visited":["Exordium","TheCity"],"potions_floor_usage":[10,12,14,22],"damage_taken":[{"damage":0,"enemies":"2 Louse","floor":1,"turns":2},{"damage":0,"enemies":"Lagavulin","floor":6,"turns":1},{"damage":0,"enemies":"Small Slimes","floor":7,"turns":1},{"damage":47,"enemies":"Gremlin Nob","floor":10,"turns":6},{"damage":2,"enemies":"Jaw Worm","floor":11,"turns":4},{"damage":0,"enemies":"Looter","floor":12,"turns":4},{"damage":22,"enemies":"3 Sentries","floor":14,"turns":7},{"damage":65,"enemies":"The Guardian","floor":16,"turns":9},{"damage":31,"enemies":"Shell Parasite","floor":18,"turns":9},{"damage":22,"enemies":"2 Thieves","floor":22,"turns":4},{"damage":64,"enemies":"Book of Stabbing","floor":23,"turns":7},{"damage":9,"enemies":"Chosen and Byrds","floor":24,"turns":7},{"damage":24,"enemies":"Colosseum Slavers","floor":29,"turns":5},{"damage":98,"enemies":"Colosseum Nobs","floor":29,"turns":7}],"seed_played":"2684912053150632667","potions_obtained":[{"floor":6,"key":"FearPotion"},{"floor":7,"key":"SpeedPotion"},{"floor":12,"key":"PowerPotion"},{"floor":16,"key":"Strength Potion"},{"floor":24,"key":"FearPotion"}],"is_trial":false,"path_per_floor":["M","?","?","?","?","E","M","R","T","E","M","M","R","E","R","B",null,"M","?","$","?","M","E","M","$","T","R","?","?"],"character_chosen":"BEAKED_THE_CULTIST","items_purchased":["CaptainsWheel","War Paint","beaked:Insight"],"campfire_rested":0,"item_purchase_floors":[20,20,25],"current_hp_per_floor":[50,39,44,55,52,60,60,60,60,26,40,60,60,60,60,51,60,60,60,60,60,60,42,60,60,60,60,60,0,0],"gold":48,"neow_bonus":"THREE_ENEMY_KILL","is_daily":false,"chose_seed":false,"campfire_upgraded":3,"win_rate":0.0,"timestamp":1610644864,"path_taken":["M","?","?","?","?","E","?","R","T","E","M","M","R","E","R","BOSS","M","?","$","?","M","E","?","$","T","R","?","?"],"items_purchased_type":["Relic","Relic","Card"],"build_version":"2020-12-22","purchased_purges":0,"victory":false,"max_hp_per_floor":[50,50,55,55,55,60,60,60,60,60,60,60,60,60,60,60,60,60,60,60,60,60,60,60,60,60,60,60,60,60],"card_choices":[{"not_picked":["beaked:Resilience","beaked:Insight"],"picked":"beaked:Recite","floor":1},{"not_picked":["beaked:Redirect","beaked:DarkPact"],"picked":"beaked:VigorBurst","floor":6},{"not_picked":["beaked:Redirect","beaked:Flinch"],"picked":"beaked:Windmill","floor":7},{"not_picked":["beaked:LiftOff","beaked:Pecker"],"picked":"beaked:MachineEssence","floor":10},{"not_picked":["beaked:Replenish","beaked:Cower","beaked:Molting"],"picked":"SKIP","floor":11},{"not_picked":["beaked:Evade","beaked:Tradeoff"],"picked":"beaked:Daydream","floor":12},{"not_picked":["beaked:Hexing","beaked:DigDeeper"],"picked":"beaked:Evade","floor":14},{"not_picked":["beaked:LiftOff","beaked:FakeOut"],"picked":"beaked:DarkTribute","floor":16},{"not_picked":["beaked:BloodForTheGods","beaked:MimicHuntress"],"picked":"beaked:MachineSpirit","floor":18},{"not_picked":["beaked:Evade","beaked:Poke"],"picked":"beaked:DesperateSwing+1","floor":22},{"not_picked":["beaked:Pecker+1","beaked:SacrificialScars"],"picked":"beaked:Insight","floor":23},{"not_picked":["beaked:WarriorEssence","beaked:SacrificialAttack"],"picked":"beaked:Tweet","floor":24}],"player_experience":1826,"relics_obtained":[{"floor":6,"key":"Peace Pipe"},{"floor":9,"key":"Orichalcum"},{"floor":10,"key":"Thread and Needle"},{"floor":14,"key":"Torii"},{"floor":23,"key":"MealTicket"}],"event_choices":[{"damage_healed":0,"gold_gain":75,"player_choice":"Gather Gold","damage_taken":11,"max_hp_gain":0,"max_hp_loss":0,"event_name":"World of Goop","floor":2,"gold_loss":0},{"damage_healed":0,"gold_gain":0,"player_choice":"Donut","damage_taken":0,"max_hp_gain":5,"max_hp_loss":0,"event_name":"Big Fish","floor":3,"gold_loss":0},{"damage_healed":13,"gold_gain":0,"player_choice":"Healed","damage_taken":0,"max_hp_gain":0,"max_hp_loss":0,"event_name":"The Cleric","floor":4,"gold_loss":35},{"damage_healed":0,"gold_gain":0,"player_choice":"Success","damage_taken":3,"relics_obtained":["Pantograph"],"max_hp_gain":0,"max_hp_loss":0,"event_name":"Scrap Ooze","floor":5,"gold_loss":0},{"damage_healed":0,"gold_gain":0,"player_choice":"Read","damage_taken":0,"max_hp_gain":0,"max_hp_loss":0,"event_name":"The Library","floor":19,"gold_loss":0,"cards_obtained":["beaked:DigDeep"]},{"damage_healed":0,"gold_gain":0,"player_choice":"Ignored","damage_taken":0,"max_hp_gain":0,"max_hp_loss":0,"event_name":"Ghosts","floor":28,"gold_loss":0},{"damage_healed":0,"gold_gain":0,"player_choice":"Fight","damage_taken":0,"max_hp_gain":0,"max_hp_loss":0,"event_name":"Colosseum","floor":29,"gold_loss":0},{"damage_healed":0,"gold_gain":0,"player_choice":"Fought Nobs","damage_taken":0,"max_hp_gain":0,"max_hp_loss":0,"event_name":"Colosseum","floor":29,"gold_loss":0}],"is_beta":false,"boss_relics":[{"not_picked":["SlaversCollar","Tiny House"],"picked":"beaked:SacrificeDoll"}],"items_purged_floors":[],"is_endless":false,"potions_floor_spawned":[6,7,12,16,24,29],"killed_by":"Colosseum Nobs","ascension_level":0}}