{"host":"cdnletu4ypo40ld3","time":1610627133,"event":{"mods":["AchievementEnabler","BaseMod","Colored Map","Downfall","Duelist Mod","GifTheSpireLib","Hermit","Highlight Path","Infinite Spire","Jorbs\u0027s Wanderer Trilogy","Marisa????????","Minty Spire (QoL Compilation)","Rare Cards Sparkle","Replay The Spire","StSLib","The Animator","The Bug Knight","The Cursed","The Disciple","The Hierophant","The Runesmith","The Servant 0.9.4"],"gold_per_floor":[99,117,217,231,243,255,279,294,319,244,254,254,268,253,270,367,367,367,385,405,420,420,420,446,89,89,99,114,133,144,173,190,295,295,295,314,328,338,358,358,358,373,405,405,419,17,17,87,100,100],"floor_reached":51,"language":"ENG","playtime":3538,"items_purged":["infinitespire:Pacifist"],"score":736,"play_id":"a871d61e-c79a-4fcf-9300-1690eddc60cd","local_time":"20210114192533","is_ascension_mode":false,"campfire_choices":[{"floor":1,"key":"RECALL"},{"data":"Slimebound:Split","floor":10,"key":"SMITH"},{"data":"Parasite","floor":35,"key":"PURGE"}],"circlet_count":0,"master_deck":["Slimebound:Strike_Slimebound","Slimebound:Strike_Slimebound","Slimebound:Tackle","Slimebound:Defend_Slimebound","Slimebound:Defend_Slimebound","Slimebound:Defend_Slimebound","Slimebound:Defend_Slimebound","Slimebound:Split+1","Slimebound:CorrosiveSpit","Slimebound:DivideAndConquer","Slimebound:LeechEnergy","Slimebound:SplitLeeching","Slimebound:GoopSpray","Slimebound:SplitBruiser","Slimebound:PressTheAttack","Slimebound:SplitMire","Slimebound:FinishingTackle","Slimebound:SplitAcid","Slimebound:Replication","Slimebound:OozeBath","Slimebound:ProtectTheBoss","Slimebound:Repurpose","Slimebound:Nibble","infinitespire:DeathsTouch+1","Replay:Fractal Strike","Slimebound:SamplingLick+1","expansioncontent:DefensiveStance","Slimebound:PressTheAttack+1","Slimebound:ViciousTackle","Slimebound:RallyTheTroops","Slimebound:OneTwoCombo","Slimebound:RejuvenatingLick","Slimebound:LevelUp+1","ReplayTheSpireMod:IOU","expansioncontent:DefensiveStance+1","Metamorphosis+1","Wraith","Slimebound:MinionMaster"],"relics":["Slimebound:AbsorbEndCombat","Toy Ornithopter","Bag of Preparation","downfall:HeartBlessingRed","Ring of Chaos","ReplayTheSpireMod:Shallot","Replay:Rubber Ducky","Lee\u0027s Waffle","Eternal Feather","ChewingGum","Bird Faced Urn","HollowMod:StagPassRelic","ReplayTheSpireMod:CursedCoin","Slimebound:AggressiveSlimeRelic","Blue Doll"],"acts_visited":["Exordium","TheCity","TheBeyond"],"potions_floor_usage":[16,20,31,33,39,45,50,50,50,50],"damage_taken":[{"damage":9,"enemies":"Small Slimes","floor":2,"turns":3},{"damage":5,"enemies":"Cultist","floor":4,"turns":4},{"damage":8,"enemies":"2 Louse","floor":5,"turns":3},{"damage":30,"enemies":"Exordium Wildlife","floor":6,"turns":5},{"damage":37,"enemies":"Gremlin Gang","floor":8,"turns":5},{"damage":44,"enemies":"3 Sentries","floor":9,"turns":8},{"damage":8,"enemies":"2 Fungi Beasts","floor":11,"turns":1},{"damage":13,"enemies":"Large Slime","floor":13,"turns":4},{"damage":12,"enemies":"downfall:FleeingMerchant","floor":14,"turns":4},{"damage":14,"enemies":"3 Louse","floor":15,"turns":2},{"damage":66,"enemies":"downfall:Ironclad","floor":16,"turns":8},{"damage":42,"enemies":"Shell Parasite","floor":19,"turns":4},{"damage":72,"enemies":"3 Cultists","floor":20,"turns":5},{"damage":38,"enemies":"Chosen and Byrds","floor":21,"turns":4},{"damage":29,"enemies":"downfall:FleeingMerchant","floor":25,"turns":4},{"damage":12,"enemies":"Cultist and Chosen","floor":27,"turns":4},{"damage":8,"enemies":"Snake Plant","floor":28,"turns":2},{"damage":32,"enemies":"Shelled Parasite and Fungi","floor":29,"turns":3},{"damage":33,"enemies":"Centurion and Healer","floor":30,"turns":6},{"damage":39,"enemies":"Nightmare","floor":31,"turns":5},{"damage":15,"enemies":"3 Cultists","floor":32,"turns":4},{"damage":87,"enemies":"downfall:Silent","floor":33,"turns":8},{"damage":20,"enemies":"3 Shapes","floor":36,"turns":5},{"damage":19,"enemies":"Orb Walker","floor":37,"turns":2},{"damage":45,"enemies":"Spire Growth","floor":38,"turns":6},{"damage":8,"enemies":"3 Darklings","floor":39,"turns":3},{"damage":34,"enemies":"Sphere and 2 Shapes","floor":42,"turns":5},{"damage":46,"enemies":"HollowMod:StalkingDevout","floor":43,"turns":6},{"damage":28,"enemies":"Transient","floor":45,"turns":5},{"damage":36,"enemies":"downfall:FleeingMerchant","floor":46,"turns":4},{"damage":37,"enemies":"4 Shapes","floor":49,"turns":4},{"damage":41,"enemies":"downfall:Defect","floor":50,"turns":7}],"seed_played":"-6702951351409038226","potions_obtained":[{"floor":5,"key":"BlessingOfTheForge"},{"floor":6,"key":"SteroidPotion"},{"floor":11,"key":"Dexterity Potion"},{"floor":13,"key":"sneckomod:MuddlingPotion"},{"floor":20,"key":"LiquidMemories"},{"floor":28,"key":"Weak Potion"},{"floor":30,"key":"ColorlessPotion"},{"floor":37,"key":"SpeedPotion"},{"floor":39,"key":"Swift Potion"},{"floor":45,"key":"Venom Potion"},{"floor":48,"key":"Elixir"},{"floor":49,"key":"Slimebound:SlimyTonguePotion"}],"is_trial":false,"path_per_floor":["R","M","?","M","M","M","T","M","E","R","M","?","M","$","M","B",null,"R_BF","M","M","M","?","AVR","T","$","?","M","M","M","M","NM","M","B",null,"R_BF","M","M","M","M","?","T","M","E","?","M","$","?","?","M","B",null],"character_chosen":"SLIMEBOUND","items_purchased":["Lee\u0027s Waffle","Slimebound:SamplingLick+1","expansioncontent:DefensiveStance","ReplayTheSpireMod:CursedCoin","Slimebound:AggressiveSlimeRelic","EntropicBrew","expansioncontent:DefensiveStance","Metamorphosis"],"campfire_rested":0,"item_purchase_floors":[25,25,25,46,46,46,46,46],"current_hp_per_floor":[66,66,66,66,66,66,66,53,41,41,49,66,66,66,64,36,66,66,58,33,23,23,23,23,73,73,73,73,57,73,57,73,47,73,70,62,63,50,55,55,55,67,60,60,70,66,66,38,35,69],"gold":100,"neow_bonus":"TEN_PERCENT_HP_BONUS","is_daily":false,"chose_seed":false,"campfire_upgraded":1,"win_rate":0.0,"timestamp":1610627133,"path_taken":["R","M","?","M","?","M","T","M","E","R","M","?","M","$","M","BOSS","R_BF","M","M","M","?","AVR","T","$","?","M","M","M","M","NM","M","BOSS","R_BF","M","M","M","?","?","T","M","E","?","M","$","?","?","M","BOSS"],"items_purchased_type":["Relic","Card","Card","Relic","Relic","Potion","Card","Card"],"build_version":"2020-12-22","purchased_purges":1,"victory":true,"max_hp_per_floor":[66,66,66,66,66,66,66,66,66,66,66,66,66,66,66,66,66,66,66,66,66,66,66,66,73,73,73,73,73,73,73,73,73,73,70,70,70,70,70,70,70,70,70,70,70,70,70,70,70,70],"card_choices":[{"not_picked":["Slimebound:LeadByExample","Slimebound:ItLooksTasty"],"picked":"Slimebound:DivideAndConquer","floor":2},{"not_picked":["Slimebound:ServeAndProtect","Slimebound:DivideAndConquer"],"picked":"Slimebound:LeechEnergy","floor":4},{"not_picked":["Slimebound:ProtectTheBoss","Slimebound:LeechEnergy"],"picked":"Slimebound:SplitLeeching","floor":5},{"not_picked":["Slimebound:ServeAndProtect","Slimebound:Equalize"],"picked":"Slimebound:GoopSpray","floor":6},{"not_picked":["Slimebound:SlimeBarrage","Slimebound:AcidTongue"],"picked":"Slimebound:SplitBruiser","floor":8},{"not_picked":["Slimebound:SlimeTap","Slimebound:FlameTackle"],"picked":"Slimebound:PressTheAttack","floor":9},{"not_picked":["Slimebound:DivideAndConquer","Slimebound:RollThrough"],"picked":"Slimebound:SplitMire","floor":11},{"not_picked":["Slimebound:SlimeSpikes","Slimebound:ServeAndProtect"],"picked":"Slimebound:FinishingTackle","floor":13},{"not_picked":["Slimebound:FormOfPuddle","Slimebound:ForwardTackle"],"picked":"Slimebound:SplitAcid","floor":14},{"not_picked":["Slimebound:DivideAndConquer","Slimebound:GrowthPunch"],"picked":"Slimebound:Replication","floor":15},{"not_picked":["Slimebound:CheckThePlaybook","Slimebound:MassRepurpose"],"picked":"Slimebound:OozeBath","floor":16},{"not_picked":["Slimebound:FinishingTackle","Slimebound:ViciousTackle"],"picked":"Slimebound:Repurpose","floor":19},{"not_picked":["Slimebound:LivingWall","Slimebound:GoopSpray"],"picked":"Slimebound:RainOfGoop","floor":20},{"not_picked":["Slimebound:SplitMire","Slimebound:PressTheAttack"],"picked":"Slimebound:Nibble","floor":21},{"not_picked":["ReplayTheSpireMod:Haul","infinitespire:FinalStrike"],"picked":"infinitespire:DeathsTouch","floor":22},{"not_picked":["Slimebound:SlimeSpikes","Slimebound:Prepare","Slimebound:SplitMire+1"],"picked":"SKIP","floor":25},{"not_picked":["Slimebound:ViciousTackle","Slimebound:FinishingTackle","Slimebound:SlimeSpikes"],"picked":"SKIP","floor":27},{"not_picked":["Slimebound:GrowthPunch","Slimebound:DivideAndConquer+1"],"picked":"Slimebound:PressTheAttack+1","floor":28},{"not_picked":["Slimebound:HauntingLick","Slimebound:LeadByExample"],"picked":"Slimebound:ViciousTackle","floor":29},{"not_picked":["Slimebound:RainOfGoop","Slimebound:LeechingTouch"],"picked":"Slimebound:RallyTheTroops","floor":30},{"not_picked":["Slimebound:PressTheAttack","Slimebound:Prepare","Slimebound:DivideAndConquer"],"picked":"SKIP","floor":31},{"not_picked":["Slimebound:GoopSpray","Slimebound:LeechEnergy+1","Slimebound:SplitBruiser"],"picked":"SKIP","floor":32},{"not_picked":["Slimebound:RallyTheTroops","Slimebound:LeechLife"],"picked":"Slimebound:OneTwoCombo","floor":33},{"not_picked":["Slimebound:Replication","Slimebound:SplitMire+1","Slimebound:SplitLeeching+1"],"picked":"SKIP","floor":36},{"not_picked":["Slimebound:TongueLash+1","Slimebound:Nibble","Slimebound:RejuvenatingLick"],"picked":"SKIP","floor":37},{"not_picked":["Slimebound:RollThrough+1","Slimebound:RainOfGoop+1","Slimebound:Dissolve+1"],"picked":"SKIP","floor":38},{"not_picked":["Slimebound:GoopTackle+1","Slimebound:ComboTackle","Slimebound:SplitAcid+1"],"picked":"SKIP","floor":39},{"not_picked":["Slimebound:RollThrough+1","Slimebound:ProtectTheBoss+1"],"picked":"Slimebound:RejuvenatingLick","floor":42},{"not_picked":["Slimebound:Equalize","Slimebound:Prepare+1","Slimebound:SlimeSpikes"],"picked":"SKIP","floor":43},{"not_picked":["Slimebound:DivideAndConquer+1","Slimebound:SplitBruiser","Slimebound:ProtectTheBoss"],"picked":"SKIP","floor":45},{"not_picked":["Slimebound:DivideAndConquer","Slimebound:RejuvenatingLick"],"picked":"Slimebound:LevelUp","floor":46},{"not_picked":["Slimebound:BestDefense+1","Slimebound:ItLooksTasty+1"],"picked":"Slimebound:MinionMaster","floor":49}],"player_experience":199901,"relics_obtained":[{"floor":7,"key":"Toy Ornithopter"},{"floor":9,"key":"Bag of Preparation"},{"floor":24,"key":"Replay:Rubber Ducky"},{"floor":31,"key":"Eternal Feather"},{"floor":41,"key":"Bird Faced Urn"},{"floor":43,"key":"HollowMod:StagPassRelic"},{"floor":48,"key":"Blue Doll"}],"event_choices":[{"damage_healed":22,"gold_gain":0,"player_choice":"Banana","damage_taken":0,"max_hp_gain":0,"max_hp_loss":0,"event_name":"Big Fish","floor":12,"gold_loss":0},{"damage_healed":0,"gold_gain":0,"player_choice":"Upgraded","damage_taken":0,"max_hp_gain":0,"max_hp_loss":0,"event_name":"Upgrade Shrine","floor":26,"gold_loss":0,"cards_upgraded":["infinitespire:DeathsTouch"]},{"cards_removed":["Slimebound:RainOfGoop"],"damage_healed":0,"gold_gain":0,"player_choice":"Removed Skill","damage_taken":0,"max_hp_gain":0,"max_hp_loss":0,"event_name":"Falling","floor":40,"gold_loss":0},{"damage_healed":0,"gold_gain":0,"player_choice":"Ignored","damage_taken":0,"max_hp_gain":0,"max_hp_loss":0,"event_name":"OrinTheCat","floor":47,"gold_loss":0}],"is_beta":false,"boss_relics":[{"not_picked":["ReplayTheSpireMod:DimensionalGlitch","Runic Dome"],"picked":"Ring of Chaos"},{"not_picked":["Tiny House","Velvet Choker"],"picked":"ChewingGum"}],"items_purged_floors":[25],"is_endless":false,"potions_floor_spawned":[5,6,11,13,15,20,28,29,30,37,39,45,49],"ascension_level":0}}