{"host":"ci7cmvrwpmzqnw7e","time":1610667154,"event":{"mods":["BaseMod","BetterRewards","Colored Map","Downfall","GungeonMod","Highlight Path","Hubris","Infinite Spire","Minty Spire (QoL Compilation)","Random Character Button","Rare Cards Sparkle","Replay The Spire","Shop Mod","StSLib"],"gold_per_floor":[99,115,134,134,134,168,168,187,26,39,39,39,39,39],"floor_reached":12,"language":"ENG","playtime":384,"items_purged":[],"score":82,"play_id":"79570cab-ead1-47ce-9bea-d4741f412259","local_time":"20210114163234","is_ascension_mode":true,"campfire_choices":[{"floor":1,"key":"DIG"},{"floor":11,"key":"REST"}],"circlet_count":0,"master_deck":["Slimebound:Strike_Slimebound+1","Slimebound:Strike_Slimebound","Slimebound:Strike_Slimebound","Slimebound:Tackle","Slimebound:Defend_Slimebound","Slimebound:Defend_Slimebound","Slimebound:Defend_Slimebound","Slimebound:Defend_Slimebound","Slimebound:Split+1","Slimebound:CorrosiveSpit+1","Slimebound:GoopSpray","Slimebound:ComboTackle","Regret","Slimebound:FirmFortitude"],"relics":["Snecko Eye","infinitespire:Beetle Shell","Onion Ring","DemoMod:Bottle","hubris:EmptyBottle"],"acts_visited":["Exordium"],"potions_floor_usage":[10,12],"damage_taken":[{"damage":4,"enemies":"Jaw Worm","floor":2,"turns":2},{"damage":0,"enemies":"Small Slimes","floor":3,"turns":1},{"damage":45,"enemies":"3 Sentries","floor":6,"turns":6},{"damage":4,"enemies":"Cultist","floor":8,"turns":2},{"damage":15,"enemies":"downfall:FleeingMerchant","floor":9,"turns":4},{"damage":8,"enemies":"Gremlin Gang","floor":10,"turns":3}],"seed_played":"-3614760433058254010","potions_obtained":[{"floor":3,"key":"DemoMod:LeadSkinPotion"},{"floor":6,"key":"PowerPotion"}],"is_trial":false,"path_per_floor":["R_BF","M","M","?","?","E","T","M","$","M","R","E"],"character_chosen":"SLIMEBOUND","items_purchased":["hubris:EmptyBottle"],"campfire_rested":1,"item_purchase_floors":[9],"current_hp_per_floor":[60,60,60,60,60,23,23,19,12,12,30,0,0,0],"gold":39,"neow_bonus":"BOSS_RELIC","is_daily":false,"chose_seed":false,"campfire_upgraded":0,"win_rate":0.0,"timestamp":1610667154,"path_taken":["R_BF","M","M","?","?","E","T","M","?","M","R","E"],"items_purchased_type":["Relic"],"build_version":"2020-12-22","purchased_purges":0,"victory":false,"max_hp_per_floor":[60,60,60,60,60,60,60,60,60,60,60,60,60,60],"card_choices":[{"not_picked":["Slimebound:SplitBruiser","Slimebound:SlimeSpikes"],"picked":"Slimebound:GoopSpray","floor":2},{"not_picked":["Slimebound:TongueLash","Slimebound:GrowthPunch"],"picked":"Slimebound:ComboTackle","floor":3},{"not_picked":["Slimebound:Gluttony","Slimebound:MegaLick","Slimebound:SelfFormingGoo"],"picked":"SKIP","floor":6},{"not_picked":["Slimebound:ComboTackle","Slimebound:GoopSpray"],"picked":"Slimebound:FirmFortitude","floor":8},{"not_picked":["Slimebound:HauntingLick","Slimebound:SlimeSpikes","Slimebound:SplitAcid"],"picked":"SKIP","floor":9},{"not_picked":["Slimebound:FirmFortitude","Slimebound:LeechingTouch","Slimebound:ComboTackle"],"picked":"SKIP","floor":10}],"player_experience":70586,"relics_obtained":[{"floor":1,"key":"infinitespire:Beetle Shell"},{"floor":6,"key":"Onion Ring"},{"floor":7,"key":"DemoMod:Bottle"}],"event_choices":[],"is_beta":false,"boss_relics":[],"items_purged_floors":[],"is_endless":false,"potions_floor_spawned":[3,6],"killed_by":"Gremlin Nob","ascension_level":1}}