{"host":"esx1hwjnbftf3eqj","time":1610640579,"event":{"mods":["AchievementEnabler","BaseMod","Colored Map","Minty Spire (QoL Compilation)","StSLib","The Jungle"],"gold_per_floor":[119,131,56,76,91,91,105,115,115,115,115,115,135,149,149,149,149],"floor_reached":16,"language":"ENG","playtime":345,"items_purged":["Defend_R"],"score":96,"play_id":"bd6e2f37-a2c3-4d69-a276-e34fe6b0a836","local_time":"20210114080939","is_ascension_mode":false,"campfire_choices":[{"floor":6,"key":"REST"},{"floor":11,"key":"REST"},{"floor":15,"key":"REST"}],"circlet_count":0,"master_deck":["Strike_R","Strike_R+1","Strike_R","Strike_R","Strike_R+1","Defend_R","Defend_R","Defend_R","Bash","Battle Trance+1"],"relics":["Burning Blood","NeowsBlessing","Frozen Egg 2"],"acts_visited":["Exordium"],"potions_floor_usage":[16],"damage_taken":[{"damage":0,"enemies":"Jaw Worm","floor":1,"turns":1},{"damage":0,"enemies":"Small Slimes","floor":2,"turns":1},{"damage":0,"enemies":"Cultist","floor":4,"turns":1},{"damage":34,"enemies":"Gremlin Gang","floor":5,"turns":5},{"damage":20,"enemies":"Looter","floor":7,"turns":3},{"damage":34,"enemies":"Lots of Slimes","floor":8,"turns":5},{"damage":6,"enemies":"3 Louse","floor":13,"turns":2},{"damage":12,"enemies":"2 Fungi Beasts","floor":14,"turns":3},{"damage":81,"enemies":"The Guardian","floor":16,"turns":8}],"seed_played":"2719005623064505897","potions_obtained":[{"floor":2,"key":"Regen Potion"},{"floor":4,"key":"PowerPotion"},{"floor":8,"key":"Ancient Potion"},{"floor":14,"key":"SteroidPotion"}],"is_trial":false,"path_per_floor":["M","M","$","M","M","R","M","M","T","?","R","?","M","M","R","B"],"character_chosen":"IRONCLAD","items_purchased":[],"campfire_rested":3,"item_purchase_floors":[],"current_hp_per_floor":[80,80,80,80,52,76,62,34,34,18,42,42,42,36,60,0,0],"gold":149,"neow_bonus":"THREE_ENEMY_KILL","is_daily":false,"chose_seed":false,"campfire_upgraded":0,"win_rate":0.0,"timestamp":1610640579,"path_taken":["M","M","$","M","M","R","M","M","T","?","R","?","?","M","R","BOSS"],"items_purchased_type":[],"build_version":"2020-12-22","purchased_purges":1,"victory":false,"max_hp_per_floor":[80,80,80,80,80,80,80,80,80,80,80,80,80,80,80,80,80],"card_choices":[{"not_picked":["Clash","Shrug It Off","Warcry"],"picked":"SKIP","floor":1},{"not_picked":["Metallicize","Pummel","Searing Blow"],"picked":"SKIP","floor":2},{"not_picked":["Sever Soul","Rupture","Twin Strike"],"picked":"SKIP","floor":4},{"not_picked":["Metallicize","Body Slam","Cleave"],"picked":"SKIP","floor":5},{"not_picked":["Pommel Strike","Burning Pact","Searing Blow"],"picked":"SKIP","floor":7},{"not_picked":["Shrug It Off","True Grit"],"picked":"Battle Trance","floor":8},{"not_picked":["Rupture+1","Hemokinesis","Burning Pact"],"picked":"SKIP","floor":13},{"not_picked":["Body Slam","Power Through","Pommel Strike"],"picked":"SKIP","floor":14}],"player_experience":735876,"relics_obtained":[{"floor":9,"key":"Frozen Egg 2"}],"event_choices":[{"damage_healed":0,"gold_gain":0,"player_choice":"Entered Light","damage_taken":16,"max_hp_gain":0,"max_hp_loss":0,"event_name":"Shining Light","floor":10,"gold_loss":0,"cards_upgraded":["Strike_R","Strike_R"]},{"damage_healed":0,"gold_gain":0,"player_choice":"Upgraded","damage_taken":0,"max_hp_gain":0,"max_hp_loss":0,"event_name":"Upgrade Shrine","floor":12,"gold_loss":0,"cards_upgraded":["Battle Trance"]}],"is_beta":false,"boss_relics":[],"items_purged_floors":[3],"is_endless":false,"potions_floor_spawned":[2,4,8,14],"killed_by":"The Guardian","ascension_level":0}}