{"host":"kh4wzxwh3q3yppxp","time":1610650368,"event":{"mods":["AchievementEnabler","BaseMod","Colored Map","DeckTracker","Minty Spire (QoL Compilation)","Quick Restart","StSLib"],"gold_per_floor":[213,313,331,331,344,378,7,7,7],"floor_reached":8,"language":"ENG","playtime":322,"items_purged":[],"score":56,"play_id":"94f804e4-8514-41b0-a560-dbfbbe3b9cc9","local_time":"20210114205248","is_ascension_mode":false,"campfire_choices":[],"circlet_count":0,"master_deck":["Strike_B","Strike_B","Strike_B","Strike_B","Defend_B","Defend_B","Defend_B","Defend_B","Zap","Dualcast","Steam Power","Conserve Battery","Self Repair","Storm"],"relics":["Cracked Core","Matryoshka","InkBottle","Sling","Dream Catcher"],"acts_visited":["Exordium"],"potions_floor_usage":[6],"damage_taken":[{"damage":1,"enemies":"Jaw Worm","floor":1,"turns":3},{"damage":2,"enemies":"Cultist","floor":3,"turns":4},{"damage":0,"enemies":"2 Louse","floor":5,"turns":1},{"damage":30,"enemies":"Gremlin Nob","floor":6,"turns":4},{"damage":46,"enemies":"3 Sentries","floor":8,"turns":7}],"seed_played":"-1441918246043854553","potions_obtained":[{"floor":1,"key":"DuplicationPotion"},{"floor":3,"key":"AttackPotion"}],"is_trial":false,"path_per_floor":["M","?","M","?","M","E","$","E"],"character_chosen":"DEFECT","items_purchased":["Storm","Sling","Dream Catcher"],"campfire_rested":0,"item_purchase_floors":[7,7,7],"current_hp_per_floor":[74,74,72,72,72,42,42,0,0],"gold":7,"neow_bonus":"HUNDRED_GOLD","is_daily":false,"chose_seed":false,"campfire_upgraded":0,"win_rate":0.0,"timestamp":1610650368,"path_taken":["M","?","?","?","M","E","$","E"],"items_purchased_type":["Card","Relic","Relic"],"build_version":"2020-12-22","purchased_purges":0,"victory":false,"max_hp_per_floor":[75,75,75,75,75,75,75,75,75],"card_choices":[{"not_picked":["Go for the Eyes","Compile Driver"],"picked":"Steam Power","floor":1},{"not_picked":["Leap","Go for the Eyes"],"picked":"Conserve Battery","floor":3},{"not_picked":["Rebound","Beam Cell","Leap"],"picked":"SKIP","floor":5},{"not_picked":["Multi-Cast","Beam Cell"],"picked":"Self Repair","floor":6}],"player_experience":705249,"relics_obtained":[{"floor":4,"key":"Matryoshka"},{"floor":6,"key":"InkBottle"}],"event_choices":[{"damage_healed":0,"gold_gain":100,"player_choice":"Pray","damage_taken":0,"max_hp_gain":0,"max_hp_loss":0,"event_name":"Golden Shrine","floor":2,"gold_loss":0},{"damage_healed":0,"gold_gain":0,"player_choice":"Relic","damage_taken":0,"max_hp_gain":0,"max_hp_loss":0,"event_name":"Wheel of Change","floor":4,"gold_loss":0}],"is_beta":false,"boss_relics":[],"items_purged_floors":[],"is_endless":false,"potions_floor_spawned":[1,3],"killed_by":"3 Sentries","ascension_level":0}}