{"host":"56ghxnzsglgdq727","time":1610658475,"event":{"mods":["AchievementEnabler","BaseMod","Downfall","Duelist Mod","Minty Spire (QoL Compilation)","Rare Cards Sparkle","StSLib","The Bug Knight","The Exalted","The Senshi","The Wild Card"],"gold_per_floor":[145,145,145,165,165,198,198,242,242,242,257,240,259,272,272,391,391,410,215,233,60,160,160,199,220,246,246,726,147,182,196,196,324,324,339,339,42,42,42,85,418,418,418,164,181,181,181],"floor_reached":46,"language":"ENG","playtime":2351,"items_purged":["theDuelist:CastleWalls","theDuelist:CastleWalls","Shame","theDuelist:CurseAnubis","theDuelist:Sparks"],"score":755,"play_id":"13aaefa0-0923-4570-9696-b1f136f0ecd3","local_time":"20210114160755","is_ascension_mode":true,"campfire_choices":[{"floor":7.0,"key":"REST"},{"data":"theDuelist:SatelliteCannon","floor":15,"key":"SMITH"},{"data":"theDuelist:Nameless:War:FortressWarrior","floor":23,"key":"SMITH"},{"data":"theDuelist:ChaosAncientGearGiant","floor":32,"key":"SMITH"},{"floor":42,"key":"REST"}],"circlet_count":0,"master_deck":["theDuelist:Biofalcon","theDuelist:Deskbot004+1","theDuelist:Deskbot004","theDuelist:Deskbot005","theDuelist:Deskbot005","theDuelist:GreenGadget+1","theDuelist:Sparks","Panache","theDuelist:AncientGearChimera","theDuelist:CoreBlaster+1","theDuelist:GracefulCharity","theDuelist:MetalDetector","theDuelist:Nameless:War:FortressWarrior+1","theDuelist:SatelliteCannon+1","theDuelist:AncientGearGolem","theDuelist:AncientGearChimera","theDuelist:Apoqliphort","theDuelist:AncientGearChimera","theDuelist:UnionHangar","theDuelist:MachineFactory","theDuelist:ChaosAncientGearGiant+1","theDuelist:OrcustCrescendo+1","theDuelist:PlatinumGadget","theDuelist:SparkBlaster+2","theDuelist:IronDraw+1"],"relics":["theDuelist:MillenniumPuzzle","theDuelist:CardPoolRelic","theDuelist:CardPoolBasicRelic","theDuelist:BoosterPackPoolRelic","theDuelist:CardPoolAddRelic","theDuelist:CardPoolMinusRelic","theDuelist:CardPoolSaveRelic","theDuelist:CardPoolOptionsRelic","Paper Crane","Incense Burner","theSenshi:FeatherClipsRelic","Bromod:ArcaneGrace","Bromod:ArcaneTrickery","Bromod:ArcaneMomentum","theDuelist:MillenniumScale","theDuelist:DuelistCoin","theDuelist:MerchantNecklace","theDuelist:MerchantPendant","theDuelist:PointPass","theDuelist:ShopToken","Ice Cream","theDuelist:SummonAnchor","Runic Cube","theDuelist:MachineToken","Pantograph","Shuriken","theDuelist:SolderToken"],"acts_visited":["Exordium","TheCity","TheBeyond"],"potions_floor_usage":[8,16,16,20,24,30,31,35,40,40,46],"damage_taken":[{"damage":0.0,"enemies":"Jaw Worm","floor":1.0,"turns":4.0},{"damage":4.0,"enemies":"2 Louse","floor":4.0,"turns":2.0},{"damage":16.0,"enemies":"Gremlin Nob","floor":6.0,"turns":3.0},{"damage":5,"enemies":"Lagavulin","floor":8,"turns":5},{"damage":0,"enemies":"Small Slimes","floor":11,"turns":1},{"damage":25,"enemies":"Exordium Thugs","floor":12,"turns":4},{"damage":3,"enemies":"2 Fungi Beasts","floor":13,"turns":4},{"damage":1,"enemies":"Exordium Wildlife","floor":14,"turns":3},{"damage":4,"enemies":"Slime Boss","floor":16,"turns":6},{"damage":4,"enemies":"Spheric Guardian","floor":18,"turns":3},{"damage":32,"enemies":"3 Byrds","floor":20,"turns":5},{"damage":10,"enemies":"Slavers","floor":24,"turns":5},{"damage":22,"enemies":"Snake Plant","floor":25,"turns":4},{"damage":0,"enemies":"HollowMod:Nosk","floor":30,"turns":4},{"damage":15,"enemies":"Centurion and Healer","floor":31,"turns":7},{"damage":52,"enemies":"Champ","floor":33,"turns":11},{"damage":13,"enemies":"Orb Walker","floor":35,"turns":4},{"damage":52,"enemies":"Nemesis","floor":40,"turns":7},{"damage":12,"enemies":"3 Shapes","floor":45,"turns":3},{"damage":46,"enemies":"Transient","floor":46,"turns":3}],"seed_played":"1321827117546962377","potions_obtained":[{"floor":6.0,"key":"hexamod:EctoCoolerPotion"},{"floor":13,"key":"Dexterity Potion"},{"floor":14,"key":"champ:CounterPotion"},{"floor":16,"key":"theDuelist:WhiteBottle"},{"floor":20,"key":"Ancient Potion"},{"floor":25,"key":"theDuelist:FireBottle"},{"floor":30,"key":"sneckomod:MuddlingPotion"},{"floor":33,"key":"theDuelist:WhiteBottle"},{"floor":35,"key":"Energy Potion"},{"floor":45,"key":"theDuelist:CoolBottle"}],"is_trial":false,"path_per_floor":["M","?","?","M","?","E","R","E","T","?","M","M","M","M","R","B",null,"M","$","M","$","?","R","E","M","T","?","?","$","E","M","R","B",null,"M","?","$","?","$","E","?","R","T","$","M","M"],"character_chosen":"THE_DUELIST","items_purchased":["theDuelist:AncientGearChimera","theDuelist:UnionHangar","theDuelist:MachineFactory","theDuelist:MerchantNecklace","theDuelist:MerchantPendant","theDuelist:PointPass","theDuelist:ChaosAncientGearGiant","theDuelist:ShopToken","Ice Cream","theDuelist:MachineToken","theDuelist:PlatinumGadget","ColorlessPotion","theDuelist:SolderToken"],"campfire_rested":2,"item_purchase_floors":[19,19,21,29,29,29,29,29,29,37,37,37,44],"current_hp_per_floor":[72,58,40,36,36,20,41,36,36,44,50,31,34,39,39,41,70,72,72,80,80,80,80,77,64,64,64,64,64,70,66,66,23,66,61,61,61,61,61,22,22,46,46,46,44,0,0],"gold":181,"neow_bonus":"RANDOM_COLORLESS_2","is_daily":false,"chose_seed":false,"campfire_upgraded":3,"win_rate":0.0,"timestamp":1610658475,"path_taken":["M","?","?","M","?","E","R","E","T","?","M","?","M","M","R","BOSS","M","$","M","$","?","R","E","M","T","?","?","$","E","M","R","BOSS","M","?","$","?","?","E","?","R","T","$","M","?"],"items_purchased_type":["Card","Card","Card","Relic","Relic","Relic","Card","Relic","Relic","Card","Card","Potion","Relic"],"build_version":"2020-12-22","purchased_purges":5,"victory":false,"max_hp_per_floor":[72,72,72,72,72,72,72,72,72,80,80,80,80,80,80,80,80,80,80,80,80,80,80,80,80,80,80,80,80,80,80,80,80,80,80,80,80,80,80,80,80,80,80,80,80,80,80],"card_choices":[{"not_picked":["expansioncontent:Corrupt","theDuelist:SeismicShockwave"],"picked":"Panache","floor":0.0},{"not_picked":["theDuelist:GreenGadget","theDuelist:CyberArchfiend","theDuelist:Deskbot001","theDuelist:AncientGearExplosive"],"picked":"theDuelist:AncientGearChimera","floor":1.0},{"not_picked":["theDuelist:SparkBlaster+1","theDuelist:ParallelPortArmor","theDuelist:DoubleTool+1","theDuelist:AncientGearFist+1"],"picked":"theDuelist:CoreBlaster+1","floor":4.0},{"not_picked":["theDuelist:JunkSpeeder","theDuelist:DestructPotion","theDuelist:BlockGolem","theDuelist:UltimateOffering"],"picked":"theDuelist:GracefulCharity","floor":6.0},{"not_picked":["theDuelist:IronDraw","theDuelist:ParallelPortArmor","theDuelist:Tuningware","theDuelist:AncientGearWorkshop"],"picked":"theDuelist:MetalDetector","floor":8},{"not_picked":["theDuelist:GoldGadget","theDuelist:IronhammerGiant","theDuelist:SevenCompleted","theDuelist:SteamTrainKing"],"picked":"theDuelist:SatelliteCannon","floor":11},{"not_picked":["theDuelist:FrontlineObserver","theDuelist:RedGadget","theDuelist:MetalDetector","theDuelist:AncientGearWorkshop"],"picked":"theDuelist:AncientGearGolem","floor":12},{"not_picked":["theDuelist:LightningVortex","theDuelist:PowerGiant","theDuelist:WormWarlord","theDuelist:BigFire","theDuelist:Hinotama"],"picked":"SKIP","floor":13},{"not_picked":["theDuelist:CoreBlaster","theDuelist:Deskbot001","theDuelist:FrontlineObserver","theDuelist:CannonSoldier"],"picked":"theDuelist:AncientGearChimera","floor":14},{"not_picked":["theDuelist:GoldGadget","theDuelist:GravityLash","theDuelist:OrcustCrescendo","theDuelist:SevenCompleted"],"picked":"theDuelist:Apoqliphort","floor":16},{"not_picked":["theDuelist:BigFire","theDuelist:Hinotama+1","theDuelist:PowerGiant+1","theDuelist:WingedKuriboh","theDuelist:Sangan"],"picked":"SKIP","floor":18},{"not_picked":["theDuelist:FrontlineObserver","theDuelist:GadgetSoldier+1","theDuelist:Deskbot003","theDuelist:DigitalBug","theDuelist:AllyJustice"],"picked":"SKIP","floor":20},{"not_picked":["theDuelist:CoreBlaster","theDuelist:DoubleTool","theDuelist:Factory100Machines+1","theDuelist:StimPack","theDuelist:ZONE"],"picked":"SKIP","floor":24},{"not_picked":["theDuelist:Deskbot001+1","theDuelist:Quariongandrax","theDuelist:CyberRaider","theDuelist:MachineDuplication","theDuelist:OrbitalBombardment"],"picked":"SKIP","floor":25},{"not_picked":["theDuelist:CoreBlaster","theDuelist:DoubleTool+1","theDuelist:StimPack","theDuelist:Factory100Machines"],"picked":"theDuelist:CardsFromTheSky","floor":30},{"not_picked":["theDuelist:AncientGearGadjiltron","theDuelist:BlastWithChain","theDuelist:PineappleBlast"],"picked":"SKIP","floor":31},{"not_picked":["theDuelist:MachineKingPrototype","theDuelist:SevenCompleted+1","theDuelist:SolemnWarning","theDuelist:SteamTrainKing"],"picked":"theDuelist:OrcustCrescendo+1","floor":33},{"not_picked":["theDuelist:JunkWarrior","theDuelist:AncientGearBox","theDuelist:Deskbot004","theDuelist:DoubleTool+1","theDuelist:CyberArchfiend+1"],"picked":"SKIP","floor":35},{"not_picked":["theDuelist:AncientGearFist+1","theDuelist:CoreBlaster+1","theDuelist:DoubleTool+1","theDuelist:ParallelPortArmor"],"picked":"theDuelist:SparkBlaster+2","floor":40},{"not_picked":["theDuelist:AncientGearGadjiltron+1","theDuelist:RoboticKnight","theDuelist:RainbowBridge","theDuelist:Mixeroid+1"],"picked":"theDuelist:IronDraw+1","floor":45}],"player_experience":253689,"relics_obtained":[{"floor":6.0,"key":"Paper Crane"},{"floor":8,"key":"Incense Burner"},{"floor":9,"key":"theSenshi:FeatherClipsRelic"},{"floor":24,"key":"Bromod:ArcaneTrickery"},{"floor":26,"key":"Bromod:ArcaneMomentum"},{"floor":30,"key":"theDuelist:SummonAnchor"},{"floor":40,"key":"Pantograph"},{"floor":43,"key":"Shuriken"}],"event_choices":[{"damage_healed":0.0,"max_hp_gain":0.0,"max_hp_loss":0.0,"gold_gain":0.0,"event_name":"Shining Light","player_choice":"Entered Light","floor":2.0,"gold_loss":0.0,"damage_taken":14.0,"cards_upgraded":["theDuelist:Deskbot004","theDuelist:GreenGadget"]},{"damage_healed":0.0,"max_hp_gain":0.0,"max_hp_loss":0.0,"gold_gain":0.0,"event_name":"Golden Idol","player_choice":"Take Damage","floor":3.0,"gold_loss":0.0,"damage_taken":18.0,"relics_obtained":["Golden Idol"]},{"damage_healed":0.0,"max_hp_gain":0.0,"max_hp_loss":0.0,"gold_gain":0.0,"event_name":"Battle City","player_choice":"Leave","duelist":true,"floor":5.0,"gold_loss":0.0,"damage_taken":0.0},{"total_magic_score":40,"gold_gain":0,"duelist":true,"damage_taken":0,"relics_obtained":[],"points":10,"war_reward":4,"max_hp_gain":8,"max_hp_loss":0,"spent_points":{"magic":0,"greed":0,"war":4,"power":0,"hunger":4},"event_name":"Nameless Tomb","hunger_reward":4,"floor":10,"gold_loss":0,"cards_obtained":["theDuelist:Nameless:War:FortressWarrior"]},{"damage_healed":0,"gold_gain":0,"player_choice":"Stole Relic","damage_taken":0,"relics_obtained":["theDuelist:MillenniumCoin"],"max_hp_gain":0,"max_hp_loss":0,"event_name":"Addict","floor":22,"gold_loss":0,"cards_obtained":["Shame"]},{"damage_healed":0,"gold_gain":0,"player_choice":"Took item - Received: Millennium Scale","duelist":true,"damage_taken":0,"max_hp_gain":0,"max_hp_loss":0,"event_name":"Millennium Items","floor":27,"gold_loss":0},{"damage_healed":0,"gold_gain":0,"player_choice":"Offering - offered Millennium Coin","duelist":true,"damage_taken":0,"max_hp_gain":0,"max_hp_loss":0,"event_name":"Tomb of the Nameless","floor":28,"gold_loss":0},{"damage_healed":0,"gold_gain":0,"player_choice":"Ignored","damage_taken":0,"max_hp_gain":0,"max_hp_loss":0,"event_name":"Tomb of Lord Red Mask","floor":36,"gold_loss":0},{"cards_removed":["theDuelist:CardsFromTheSky"],"damage_healed":0,"gold_gain":0,"player_choice":"Removed Skill","damage_taken":0,"max_hp_gain":0,"max_hp_loss":0,"event_name":"Falling","floor":38,"gold_loss":0},{"damage_healed":0,"gold_gain":333,"player_choice":"Gave Idol","damage_taken":0,"max_hp_gain":0,"max_hp_loss":0,"event_name":"The Moai Head","floor":41,"relics_lost":["Golden Idol"],"gold_loss":0}],"is_beta":false,"boss_relics":[{"not_picked":["Tiny House","SlaversCollar"],"picked":"Bromod:ArcaneGrace"},{"not_picked":["Calling Bell","Mark of Pain"],"picked":"Runic Cube"}],"items_purged_floors":[19,21,29,29,44],"is_endless":false,"potions_floor_spawned":[6,13,14,16,20,25,30,33,35,45],"killed_by":"Transient","ascension_level":5}}