{"host":"x21cvmfdo17nyhii","time":1610615429,"event":{"mods":["AchievementEnabler","BaseMod","Colored Map","Colored Powertips","DeckTracker","Highlight Path","Minty Spire (QoL Compilation)","Quick Restart","Rare Cards Sparkle","SuperFastMode"],"gold_per_floor":[110,110,110,23,37,37,71,87,87,12,12,31,31,49,49,147,147,161,61,61,78,177,177,147,162,236,236,249,249,266,266,266,368,368,382,394,394,410,410,410,424,458,482,482,512,524,32,52,52,52,52],"floor_reached":50,"language":"ENG","playtime":2311,"items_purged":["Strike_R","Strike_R"],"score":713,"play_id":"2606d919-159f-40dd-9977-3fc7081ea418","local_time":"20210114011029","is_ascension_mode":true,"campfire_choices":[{"data":"Rampage","floor":6.0,"key":"SMITH"},{"floor":11.0,"key":"REST"},{"floor":13.0,"key":"REST"},{"data":"Seeing Red","floor":15.0,"key":"SMITH"},{"floor":23.0,"key":"REST"},{"floor":27.0,"key":"REST"},{"floor":29.0,"key":"REST"},{"data":"Flame Barrier","floor":32.0,"key":"SMITH"},{"floor":40.0,"key":"REST"},{"floor":44.0,"key":"REST"},{"floor":46.0,"key":"REST"},{"floor":49,"key":"REST"}],"circlet_count":0,"master_deck":["Strike_R","Strike_R+1","Strike_R+1","Defend_R","Defend_R","Defend_R","Defend_R","Bash","Flame Barrier","Rampage+1","Headbutt","Seeing Red+1","Flame Barrier+1","Offering","Armaments+1","Battle Trance+1","Feed","Pommel Strike+1","Double Tap","Headbutt","Shrug It Off"],"relics":["Philosopher\u0027s Stone","StrikeDummy","Ancient Tea Set","Black Star","The Courier","MutagenicStrength","SlaversCollar","InkBottle","Thread and Needle","Potion Belt","Self Forming Clay","MawBank","ClockworkSouvenir","HornCleat"],"acts_visited":["Exordium","TheCity","TheBeyond"],"potions_floor_usage":[50,50,50,50,50],"damage_taken":[{"damage":0.0,"enemies":"2 Louse","floor":1.0,"turns":2.0},{"damage":13.0,"enemies":"Jaw Worm","floor":5.0,"turns":2.0},{"damage":24.0,"enemies":"Gremlin Nob","floor":7.0,"turns":4.0},{"damage":0.0,"enemies":"Cultist","floor":8.0,"turns":3.0},{"damage":0.0,"enemies":"2 Fungi Beasts","floor":12.0,"turns":3.0},{"damage":3.0,"enemies":"3 Louse","floor":14.0,"turns":2.0},{"damage":0.0,"enemies":"Slime Boss","floor":16.0,"turns":6.0},{"damage":13.0,"enemies":"2 Thieves","floor":18.0,"turns":4.0},{"damage":24.0,"enemies":"Shell Parasite","floor":21.0,"turns":4.0},{"damage":16.0,"enemies":"Shelled Parasite and Fungi","floor":25.0,"turns":4.0},{"damage":16.0,"enemies":"Snecko","floor":28.0,"turns":6.0},{"damage":4.0,"enemies":"3 Cultists","floor":30.0,"turns":5.0},{"damage":67.0,"enemies":"Champ","floor":33.0,"turns":7.0},{"damage":21.0,"enemies":"3 Shapes","floor":35.0,"turns":3.0},{"damage":14.0,"enemies":"Orb Walker","floor":36.0,"turns":5.0},{"damage":16.0,"enemies":"4 Shapes","floor":38.0,"turns":6.0},{"damage":19.0,"enemies":"Sphere and 2 Shapes","floor":41.0,"turns":7.0},{"damage":38.0,"enemies":"Reptomancer","floor":42.0,"turns":10.0},{"damage":45.0,"enemies":"Nemesis","floor":45.0,"turns":5.0},{"damage":0,"enemies":"Transient","floor":48,"turns":5},{"damage":104,"enemies":"Donu and Deca","floor":50,"turns":9}],"seed_played":"-6192892821433911329","potions_obtained":[{"floor":7.0,"key":"Explosive Potion"},{"floor":8.0,"key":"Fire Potion"},{"floor":12.0,"key":"PowerPotion"},{"floor":24.0,"key":"Strength Potion"},{"floor":24.0,"key":"FairyPotion"},{"floor":36.0,"key":"LiquidMemories"},{"floor":45.0,"key":"LiquidBronze"},{"floor":48,"key":"LiquidBronze"}],"is_trial":false,"path_per_floor":["M","?","?","$","M","R","E","M","T","$","R","M","R","M","R","B",null,"M","$","?","M","?","R","?","M","T","R","M","R","M","?","R","B",null,"M","M","?","M","?","R","M","E","T","R","E","R","$","M","R","B"],"character_chosen":"IRONCLAD","items_purchased":["Rampage","Headbutt","ClockworkSouvenir","HornCleat","Shrug It Off","BloodPotion","PowerPotion","EssenceOfSteel"],"campfire_rested":9,"item_purchase_floors":[4,4,47,47,47,47,47,47],"current_hp_per_floor":[80,64,69,69,56,56,32,32,32,32,57,57,82,79,79,79,84,71,71,71,47,47,72,72,56,56,81,65,85,81,81,81,14,67,50,39,39,27,27,55,39,1,1,30,15,44,44,44,73,0,0],"gold":52,"neow_bonus":"BOSS_RELIC","is_daily":false,"chose_seed":false,"campfire_upgraded":3,"win_rate":0.0,"timestamp":1610615429,"path_taken":["M","?","?","?","?","R","E","M","T","$","R","M","R","M","R","BOSS","M","$","?","M","?","R","?","M","T","R","M","R","?","?","R","BOSS","M","M","?","M","?","R","M","E","T","R","E","R","?","M","R","BOSS"],"items_purchased_type":["Card","Card","Relic","Relic","Card","Potion","Potion","Potion"],"build_version":"2020-12-22","purchased_purges":2,"victory":false,"max_hp_per_floor":[80,80,85,85,85,85,85,85,85,85,85,85,85,85,85,85,85,85,85,85,85,85,85,85,85,85,85,85,85,85,85,85,85,85,89,92,92,96,96,96,99,99,99,99,99,99,99,99,99,103,103],"card_choices":[{"not_picked":["Havoc","Metallicize"],"picked":"Flame Barrier","floor":1.0},{"not_picked":["Heavy Blade","Spot Weakness"],"picked":"Seeing Red","floor":5.0},{"not_picked":["Iron Wave","Metallicize","Berserk"],"picked":"SKIP","floor":7.0},{"not_picked":["Wild Strike","Perfected Strike","Clothesline"],"picked":"SKIP","floor":8.0},{"not_picked":["Second Wind","Anger","Flame Barrier"],"picked":"SKIP","floor":12.0},{"not_picked":["Clothesline","Cleave"],"picked":"Flame Barrier","floor":14.0},{"not_picked":["Corruption","Limit Break"],"picked":"Offering","floor":16.0},{"not_picked":["Combust","Perfected Strike+1","Evolve"],"picked":"SKIP","floor":18.0},{"not_picked":["Clash","Uppercut"],"picked":"Armaments+1","floor":21.0},{"not_picked":["Cleave","Iron Wave","Flex"],"picked":"SKIP","floor":25.0},{"not_picked":["Anger","Feel No Pain"],"picked":"Battle Trance+1","floor":28.0},{"not_picked":["Bloodletting","Cleave","Whirlwind"],"picked":"SKIP","floor":30.0},{"not_picked":["Juggernaut","Reaper"],"picked":"Feed","floor":33.0},{"not_picked":["Havoc","Feel No Pain","Power Through+1"],"picked":"SKIP","floor":35.0},{"not_picked":["Flex","Wild Strike+1"],"picked":"Pommel Strike+1","floor":36.0},{"not_picked":["Heavy Blade","Combust","Iron Wave+1"],"picked":"SKIP","floor":38.0},{"not_picked":["Intimidate","Armaments+1","Evolve"],"picked":"SKIP","floor":41.0},{"not_picked":["Corruption","Spot Weakness"],"picked":"Double Tap","floor":42.0},{"not_picked":["Shockwave+1","Infernal Blade"],"picked":"Headbutt","floor":45.0},{"not_picked":["True Grit","Inflame","Sever Soul+1"],"picked":"SKIP","floor":48}],"player_experience":372149,"relics_obtained":[{"floor":7.0,"key":"StrikeDummy"},{"floor":9.0,"key":"Ancient Tea Set"},{"floor":26.0,"key":"The Courier"},{"floor":42.0,"key":"InkBottle"},{"floor":42.0,"key":"Thread and Needle"},{"floor":43.0,"key":"Potion Belt"},{"floor":45.0,"key":"Self Forming Clay"},{"floor":45.0,"key":"MawBank"}],"event_choices":[{"damage_healed":0.0,"max_hp_gain":0.0,"max_hp_loss":0.0,"gold_gain":0.0,"event_name":"Shining Light","player_choice":"Entered Light","floor":2.0,"gold_loss":0.0,"damage_taken":16.0,"cards_upgraded":["Strike_R","Strike_R"]},{"damage_healed":0.0,"max_hp_gain":5.0,"max_hp_loss":0.0,"gold_gain":0.0,"event_name":"Big Fish","player_choice":"Donut","floor":3.0,"gold_loss":0.0,"damage_taken":0.0},{"damage_healed":0.0,"max_hp_gain":0.0,"max_hp_loss":0.0,"gold_gain":0.0,"event_name":"The Mausoleum","player_choice":"Ignored","floor":20.0,"gold_loss":0.0,"damage_taken":0.0},{"damage_healed":0.0,"max_hp_gain":0.0,"max_hp_loss":0.0,"gold_gain":99.0,"event_name":"Nest","player_choice":"Stole From Cult","floor":22.0,"gold_loss":0.0,"damage_taken":0.0},{"damage_healed":0.0,"max_hp_gain":0.0,"max_hp_loss":0.0,"gold_gain":0.0,"event_name":"The Woman in Blue","player_choice":"Bought 2 Potions","floor":24.0,"gold_loss":0.0,"damage_taken":0.0},{"damage_healed":0.0,"max_hp_gain":0.0,"max_hp_loss":0.0,"gold_gain":0.0,"event_name":"Drug Dealer","player_choice":"Inject Mutagens","floor":31.0,"gold_loss":0.0,"damage_taken":0.0,"relics_obtained":["MutagenicStrength"]},{"damage_healed":0.0,"max_hp_gain":0.0,"max_hp_loss":0.0,"gold_gain":0.0,"event_name":"Tomb of Lord Red Mask","player_choice":"Ignored","floor":37.0,"gold_loss":0.0,"damage_taken":0.0},{"damage_healed":0.0,"max_hp_gain":0.0,"max_hp_loss":0.0,"gold_gain":0.0,"event_name":"Mysterious Sphere","player_choice":"Ignored","floor":39.0,"gold_loss":0.0,"damage_taken":0.0}],"is_beta":false,"boss_relics":[{"not_picked":["Mark of Pain","Velvet Choker"],"picked":"Black Star"},{"not_picked":["Empty Cage","Runic Cube"],"picked":"SlaversCollar"}],"items_purged_floors":[10,19],"is_endless":false,"potions_floor_spawned":[7,8,12,25,28,30,36,41,45,48],"killed_by":"Donu and Deca","ascension_level":5}}