{"host":"c59jaj2b7ki1imdm","time":1610590178,"event":{"mods":["AchievementEnabler","BaseMod","Hermit","Hubris","Minty Spire (QoL Compilation)","StSLib","The Construct","The Hierophant"],"gold_per_floor":[111,129,129,147,161,161,177,177,177,177,352,352,364,398,398,503,503,522,540,540,101,101,101,112,146,220,220,245,259,11,40,40,136,136,146,163,163,183,200,200,200],"floor_reached":40,"language":"ENG","playtime":4063,"items_purged":[],"score":498,"play_id":"c5be1558-ae6a-4880-95af-a9f58a5d3e51","local_time":"20210114030938","is_ascension_mode":false,"campfire_choices":[{"floor":6,"key":"REST"},{"floor":8,"key":"REST"},{"data":"Streamline","floor":10,"key":"SMITH"},{"data":"Glacier","floor":12,"key":"SMITH"},{"data":"Sunder","floor":15,"key":"SMITH"},{"data":"Electrodynamics","floor":23,"key":"SMITH"},{"floor":27,"key":"REST"},{"floor":32,"key":"REST"}],"circlet_count":0,"master_deck":["Strike_B","Strike_B","Strike_B","Strike_B","Defend_B","Defend_B","Defend_B","Defend_B","Zap","Dualcast","Stack","Glacier+1","Ball Lightning","Streamline+1","Redo","Doubt","Sunder+1","Stack","Electrodynamics+1","Cold Snap","Streamline+1","Writhe","Apotheosis","Pain","Barrage","Hologram+1","BootSequence+1","Capacitor+1","Glacier","Echo Form","Consume+1","Heatsinks","hubris:PowerSurge","Blizzard+1","Loop+1"],"relics":["Sozu","hubris:SoftwareUpdate","MealTicket","Blue Candle","Darkstone Periapt","hubris:GrandSneckoEye","Pear","Gremlin Horn","WarpedTongs","Orichalcum","hubris:BottledRain","hubris:CrystalStatue","Bottled Flame","Ancient Tea Set","hubris:Backtick","Bronze Scales"],"acts_visited":["Exordium","TheCity","TheBeyond"],"potions_floor_usage":[],"damage_taken":[{"damage":0,"enemies":"Cultist","floor":1,"turns":3},{"damage":1,"enemies":"Jaw Worm","floor":2,"turns":4},{"damage":0,"enemies":"Small Slimes","floor":4,"turns":5},{"damage":0,"enemies":"Exordium Thugs","floor":5,"turns":4},{"damage":13,"enemies":"Red Slaver","floor":7,"turns":2},{"damage":6,"enemies":"Looter","floor":13,"turns":3},{"damage":9,"enemies":"Lagavulin","floor":14,"turns":5},{"damage":51,"enemies":"Hexaghost","floor":16,"turns":12},{"damage":2,"enemies":"2 Thieves","floor":18,"turns":5},{"damage":1,"enemies":"Spheric Guardian","floor":19,"turns":3},{"damage":7,"enemies":"Snake Plant","floor":24,"turns":2},{"damage":52,"enemies":"Gremlin Leader","floor":25,"turns":5},{"damage":15,"enemies":"Book of Stabbing","floor":28,"turns":5},{"damage":6,"enemies":"Sentry and Sphere","floor":29,"turns":4},{"damage":56,"enemies":"Gremlin Leader","floor":31,"turns":4},{"damage":16,"enemies":"Champ","floor":33,"turns":13},{"damage":17,"enemies":"3 Shapes","floor":35,"turns":4},{"damage":31,"enemies":"3 Darklings","floor":36,"turns":6},{"damage":11,"enemies":"Writhing Mass","floor":38,"turns":6},{"damage":7,"enemies":"Sphere and 2 Shapes","floor":39,"turns":4},{"damage":43,"enemies":"Giant Head","floor":40,"turns":8}],"seed_played":"4447677100051909001","potions_obtained":[],"is_trial":false,"path_per_floor":["M","M","$","M","M","R","M","R","T","R","?","R","M","E","R","B",null,"M","M","?","$","?","R","M","E","T","R","E","M","$","E","R","B",null,"M","M","?","M","M","E"],"character_chosen":"DEFECT","items_purchased":["hubris:SoftwareUpdate","MealTicket","Apotheosis","Gremlin Horn","Bottled Flame"],"campfire_rested":4,"item_purchase_floors":[3,3,21,21,30],"current_hp_per_floor":[75,74,47,47,47,69,56,75,75,75,75,75,69,60,60,9,75,73,72,88,91,97,97,90,38,38,67,52,46,61,5,34,18,97,80,59,59,48,41,0,0],"gold":200,"neow_bonus":"BOSS_RELIC","is_daily":false,"chose_seed":false,"campfire_upgraded":4,"win_rate":0.0,"timestamp":1610590178,"path_taken":["M","M","?","M","M","R","?","R","T","R","?","R","M","E","R","BOSS","M","M","?","$","?","R","M","E","T","R","E","?","?","E","R","BOSS","M","M","?","M","M","E"],"items_purchased_type":["Relic","Relic","Card","Relic","Relic"],"build_version":"2020-12-22","purchased_purges":0,"victory":false,"max_hp_per_floor":[75,75,75,75,75,75,75,75,75,75,75,75,75,75,75,75,75,75,75,91,91,97,97,97,97,97,97,97,97,97,97,97,97,97,97,97,97,97,97,97,97],"card_choices":[{"not_picked":["Barrage","Turbo"],"picked":"Stack","floor":1},{"not_picked":["Skim","Barrage"],"picked":"Glacier","floor":2},{"not_picked":["Auto Shields","Darkness"],"picked":"Ball Lightning","floor":4},{"not_picked":["Rebound","Lockon"],"picked":"Streamline","floor":5},{"not_picked":["Leap","Auto Shields"],"picked":"Redo","floor":7},{"not_picked":["Doom and Gloom","Hyperbeam"],"picked":"Sunder","floor":13},{"not_picked":["Chill","Turbo"],"picked":"Stack","floor":14},{"not_picked":["Seek","All For One"],"picked":"Electrodynamics","floor":16},{"not_picked":["Go for the Eyes","Steam+1"],"picked":"Cold Snap","floor":18},{"not_picked":["Stack+1","Rip and Tear"],"picked":"Streamline+1","floor":19},{"not_picked":["Beam Cell","Gash"],"picked":"Barrage","floor":24},{"not_picked":["Gash","Reboot"],"picked":"Hologram+1","floor":25},{"not_picked":["Cold Snap","Compile Driver"],"picked":"BootSequence+1","floor":28},{"not_picked":["Leap","Coolheaded"],"picked":"Capacitor+1","floor":29},{"not_picked":["Turbo","Blizzard"],"picked":"Glacier","floor":31},{"not_picked":["Biased Cognition","Fission"],"picked":"Echo Form","floor":33},{"not_picked":["Hologram","Stack"],"picked":"Consume+1","floor":35},{"not_picked":["White Noise+1","Gash"],"picked":"Heatsinks","floor":36},{"not_picked":["Stack","Self Repair"],"picked":"Blizzard+1","floor":38},{"not_picked":["Conserve Battery","Reprogram"],"picked":"Loop+1","floor":39}],"player_experience":138078,"relics_obtained":[{"floor":9,"key":"Blue Candle"},{"floor":14,"key":"Darkstone Periapt"},{"floor":25,"key":"Orichalcum"},{"floor":26,"key":"hubris:BottledRain"},{"floor":28,"key":"hubris:CrystalStatue"},{"floor":31,"key":"Ancient Tea Set"}],"event_choices":[{"damage_healed":0,"gold_gain":175,"player_choice":"AGREE","damage_taken":0,"max_hp_gain":0,"max_hp_loss":0,"event_name":"Liars Game","floor":11,"gold_loss":0,"cards_obtained":["Doubt"]},{"damage_healed":0,"gold_gain":0,"player_choice":"Opened","damage_taken":0,"relics_obtained":["Pear"],"max_hp_gain":0,"max_hp_loss":0,"event_name":"The Mausoleum","floor":20,"gold_loss":0,"cards_obtained":["Writhe"]},{"damage_healed":0,"gold_gain":0,"player_choice":"Rummage","damage_taken":0,"relics_obtained":["WarpedTongs"],"max_hp_gain":0,"max_hp_loss":0,"event_name":"Accursed Blacksmith","floor":22,"gold_loss":0,"cards_obtained":["Pain"]},{"damage_healed":0,"gold_gain":0,"player_choice":"1 cards matched","damage_taken":0,"max_hp_gain":0,"max_hp_loss":0,"event_name":"Match and Keep!","floor":37,"gold_loss":0,"cards_obtained":["hubris:PowerSurge"]}],"is_beta":false,"boss_relics":[{"not_picked":["Fusion Hammer","Empty Cage"],"picked":"hubris:GrandSneckoEye"},{"not_picked":["hubris:CrackedHourglass","hubris:RunicObelisk"],"picked":"hubris:Backtick"}],"items_purged_floors":[],"is_endless":false,"potions_floor_spawned":[4,14,16,19,28,33,38],"killed_by":"Giant Head","ascension_level":0}}