{"host":"v4pe0ixo3k7iwzp0","time":1610614527,"event":{"mods":["Ascension Reborn","BaseMod","Bestiary","Highlight Path","Minty Spire (QoL Compilation)","StSLib","The Marked"],"gold_per_floor":[111,111,124,124,74,106,54,72,120,131,144,161,181,201,201,301,301,311,327,44,44,44],"floor_reached":21,"language":"ENG","playtime":2752,"items_purged":["Strike_P"],"score":210,"play_id":"75de6d70-3710-43fd-b592-74a7e7910b39","local_time":"20210114005527","is_ascension_mode":true,"campfire_choices":[{"floor":15,"key":"REST"}],"circlet_count":0,"master_deck":["Strike_P","Strike_P","Defend_P","Defend_P","Defend_P","Defend_P","Eruption","Vigilance","CutThroughFate","FlyingSleeves","FlyingSleeves","CutThroughFate","FlyingSleeves","WindmillStrike","SpiritShield","Evaluate+1","Crescendo"],"relics":["PureWater","NeowsBlessing","Centennial Puzzle","Bronze Scales","Runic Pyramid","TheAbacus"],"acts_visited":["Exordium","TheCity"],"potions_floor_usage":[12,16,16,21],"damage_taken":[{"damage":0.0,"enemies":"Cultist","floor":1.0,"turns":1.0},{"damage":0.0,"enemies":"Small Slimes","floor":3.0,"turns":1.0},{"damage":0.0,"enemies":"Gremlin Nob","floor":6.0,"turns":1.0},{"damage":0.0,"enemies":"2 Louse","floor":8.0,"turns":4.0},{"damage":9.0,"enemies":"Large Slime","floor":10.0,"turns":4.0},{"damage":3.0,"enemies":"Exordium Wildlife","floor":11.0,"turns":2.0},{"damage":0,"enemies":"Looter","floor":12,"turns":2},{"damage":8,"enemies":"2 Fungi Beasts","floor":13,"turns":3},{"damage":16,"enemies":"Lots of Slimes","floor":14,"turns":2},{"damage":30,"enemies":"The Guardian","floor":16,"turns":9},{"damage":0,"enemies":"Chosen","floor":18,"turns":4},{"damage":30,"enemies":"2 Thieves","floor":19,"turns":5},{"damage":45,"enemies":"Centurion and Healer","floor":21,"turns":5}],"seed_played":"4534705532684041905","potions_obtained":[{"floor":3.0,"key":"FearPotion"},{"floor":8.0,"key":"SpeedPotion"},{"floor":14,"key":"Strength Potion"},{"floor":19,"key":"FearPotion"}],"is_trial":false,"path_per_floor":["M","$","M","?","?","E","$","M","T","M","M","M","M","M","R","B",null,"M","M","$","M"],"character_chosen":"WATCHER","items_purchased":["Explosive Potion","Crescendo","TheAbacus"],"campfire_rested":1,"item_purchase_floors":[7,20,20],"current_hp_per_floor":[72,72,72,72,72,72,72,72,72,63,60,60,52,36,57,27,72,72,42,42,0,0],"gold":44,"neow_bonus":"THREE_ENEMY_KILL","is_daily":false,"chose_seed":false,"campfire_upgraded":0,"win_rate":0.0,"timestamp":1610614527,"path_taken":["M","$","?","?","?","E","$","M","T","M","M","M","M","M","R","BOSS","M","M","$","M"],"items_purchased_type":["Potion","Card","Relic"],"build_version":"2020-12-22","purchased_purges":1,"victory":false,"max_hp_per_floor":[72,72,72,72,72,72,72,72,72,72,72,72,72,72,72,72,72,72,72,72,72,72],"card_choices":[{"not_picked":["JustLucky","Prostrate"],"picked":"CutThroughFate","floor":1.0},{"not_picked":["ReachHeaven","FlurryOfBlows"],"picked":"FlyingSleeves","floor":3.0},{"not_picked":["SignatureMove","Vault"],"picked":"FlyingSleeves","floor":6.0},{"not_picked":["CarveReality","ReachHeaven","FollowUp"],"picked":"SKIP","floor":8.0},{"not_picked":["EmptyBody","ThirdEye"],"picked":"CutThroughFate","floor":10.0},{"not_picked":["BowlingBash","WaveOfTheHand"],"picked":"FlyingSleeves","floor":11.0},{"not_picked":["SashWhip","Study"],"picked":"WindmillStrike","floor":12},{"not_picked":["CarveReality","ForeignInfluence","EmptyMind"],"picked":"SKIP","floor":13},{"not_picked":["BowlingBash","EmptyBody","Tantrum"],"picked":"SKIP","floor":14},{"not_picked":["Judgement","Brilliance"],"picked":"SpiritShield","floor":16},{"not_picked":["CrushJoints","BowlingBash+1"],"picked":"Evaluate+1","floor":18},{"not_picked":["MentalFortress","EmptyFist","BattleHymn"],"picked":"SKIP","floor":19}],"player_experience":133755,"relics_obtained":[{"floor":6.0,"key":"Centennial Puzzle"},{"floor":9.0,"key":"Bronze Scales"}],"event_choices":[{"damage_healed":0.0,"max_hp_gain":0.0,"max_hp_loss":0.0,"gold_gain":0.0,"event_name":"Shining Light","player_choice":"Ignored","floor":4.0,"gold_loss":0.0,"damage_taken":0.0},{"cards_removed":["Strike_P"],"damage_healed":0.0,"max_hp_gain":0.0,"max_hp_loss":0.0,"gold_gain":0.0,"event_name":"The Cleric","player_choice":"Card Removal","floor":5.0,"gold_loss":50.0,"damage_taken":0.0}],"is_beta":false,"boss_relics":[{"not_picked":["Ectoplasm","SacredBark"],"picked":"Runic Pyramid"}],"items_purged_floors":[20],"is_endless":false,"potions_floor_spawned":[3,8,10,14,19],"killed_by":"Centurion and Healer","ascension_level":0}}