{"host":"y76x98twjnyyxs83","time":1610642293,"event":{"mods":["BaseMod","Colored Powertips","Minty Spire (QoL Compilation)","Permanent Neow","Quick Restart","Rare Cards Sparkle","Relic Stats","StSLib"],"gold_per_floor":[213,224,236,3,19,49,49,78,104,120,135,68,68,89,89,173,173,199,226,236,245,66,66,101,101,128,128,146,184,208,238,238,318,318,339,359,117,139,139,176,176,176,176],"floor_reached":42,"language":"ENG","playtime":2157,"items_purged":["Strike_G","Decay","Strike_G"],"score":918,"play_id":"d7feed83-98a0-4fb6-9362-c1268f60faa6","local_time":"20210115003813","is_ascension_mode":true,"campfire_choices":[{"floor":13.0,"key":"REST"},{"data":"Skewer","floor":15.0,"key":"SMITH"},{"data":"Ghostly","floor":23.0,"key":"SMITH"},{"data":"Ghostly","floor":27.0,"key":"SMITH"},{"data":"A Thousand Cuts","floor":32,"key":"SMITH"},{"data":"Calculated Gamble","floor":41,"key":"SMITH"}],"circlet_count":0,"master_deck":["AscendersBane","Defend_G","Defend_G","Defend_G","Defend_G+1","Defend_G","Survivor+1","Neutralize+1","Blade Dance","Skewer+1","Noxious Fumes","Venomology","Deadly Poison","Calculated Gamble+1","After Image","Skewer+1","Ghostly","Ghostly+1","Ghostly+1","Footwork","Dash+1","Backflip","Concentrate","A Thousand Cuts+1","Dash","Storm of Steel","Caltrops+1","Reflex+1","Footwork","Dodge and Roll","PiercingWail","Envenom"],"relics":["Ring of the Snake","Chemical X","Ancient Tea Set","Orichalcum","CeramicFish","Snecko Eye","Strawberry","War Paint","Whetstone","Centennial Puzzle","Cursed Key","MealTicket"],"acts_visited":["Exordium","TheCity","TheBeyond"],"potions_floor_usage":[33,35,38,38,42,42,42],"damage_taken":[{"damage":0.0,"enemies":"2 Louse","floor":1.0,"turns":4.0},{"damage":2.0,"enemies":"Cultist","floor":2.0,"turns":4.0},{"damage":2.0,"enemies":"Jaw Worm","floor":3.0,"turns":3.0},{"damage":2.0,"enemies":"Exordium Wildlife","floor":5.0,"turns":3.0},{"damage":12.0,"enemies":"Lagavulin","floor":6.0,"turns":4.0},{"damage":17.0,"enemies":"Gremlin Nob","floor":8.0,"turns":4.0},{"damage":13.0,"enemies":"3 Louse","floor":10.0,"turns":2.0},{"damage":3.0,"enemies":"Blue Slaver","floor":11.0,"turns":4.0},{"damage":6.0,"enemies":"Looter","floor":14.0,"turns":3.0},{"damage":23.0,"enemies":"The Guardian","floor":16.0,"turns":8.0},{"damage":0.0,"enemies":"Spheric Guardian","floor":18.0,"turns":1.0},{"damage":2.0,"enemies":"Shell Parasite","floor":20.0,"turns":4.0},{"damage":9.0,"enemies":"Slavers","floor":24.0,"turns":7.0},{"damage":6.0,"enemies":"Gremlin Leader","floor":29.0,"turns":6.0},{"damage":0.0,"enemies":"Shelled Parasite and Fungi","floor":30.0,"turns":4.0},{"damage":2.0,"enemies":"Book of Stabbing","floor":31.0,"turns":4.0},{"damage":10,"enemies":"Champ","floor":33,"turns":11},{"damage":6,"enemies":"3 Darklings","floor":35,"turns":9},{"damage":3,"enemies":"3 Shapes","floor":36,"turns":5},{"damage":0,"enemies":"Sphere and 2 Shapes","floor":38,"turns":4},{"damage":3,"enemies":"Nemesis","floor":40,"turns":7},{"damage":30,"enemies":"Reptomancer","floor":42,"turns":3}],"seed_played":"-4237266918558827281","potions_obtained":[{"floor":5.0,"key":"BlessingOfTheForge"},{"floor":8.0,"key":"Dexterity Potion"},{"floor":16.0,"key":"Weak Potion"},{"floor":24.0,"key":"Swift Potion"},{"floor":38,"key":"Weak Potion"}],"is_trial":false,"path_per_floor":["M","M","M","$","M","E","?","E","T","M","M","?","R","M","R","B",null,"M","?","M","?","$","R","E","T","T","R","?","E","M","E","R","B",null,"M","M","$","M","?","E","R","E"],"character_chosen":"THE_SILENT","items_purchased":["Chemical X","Footwork","Footwork","Dodge and Roll"],"campfire_rested":1,"item_purchase_floors":[4,22,37,37],"current_hp_per_floor":[59,57,55,55,53,41,41,24,24,11,8,8,27,21,21,13,53,53,33,31,31,31,31,29,29,29,29,29,23,23,21,21,11,33,27,24,24,24,24,21,21,0,0],"gold":176,"neow_bonus":"HUNDRED_GOLD","is_daily":false,"chose_seed":false,"campfire_upgraded":5,"win_rate":0.0,"timestamp":1610642293,"path_taken":["M","M","M","$","M","E","?","E","T","M","?","?","R","M","R","BOSS","M","?","M","?","$","R","E","?","T","R","?","E","M","E","R","BOSS","M","M","$","M","?","E","R","E"],"items_purchased_type":["Relic","Card","Card","Card"],"build_version":"2020-12-22","purchased_purges":3,"victory":false,"max_hp_per_floor":[66,66,66,66,66,66,66,66,66,66,66,66,66,66,66,66,66,66,33,33,33,33,33,40,40,40,40,40,40,40,40,40,40,40,40,40,40,40,40,40,40,40,40],"relic_stats":{"Centennial Puzzle":[15],"counters":[22,104],"CeramicFish":180,"Snecko Eye":[131,115,132,112],"MealTicket":0,"Chemical X":[50],"Whetstone":["Neutralize","Skewer"],"Orichalcum":[66],"War Paint":["Defend_G","Survivor"],"Cursed Key":0,"obtain_stats":[{"Centennial Puzzle":31,"CeramicFish":9,"Strawberry":24,"Snecko Eye":17,"MealTicket":40,"Chemical X":4,"Whetstone":29,"Orichalcum":8,"War Paint":26,"Ancient Tea Set":6,"Cursed Key":34,"Ring of the Snake":0},{"Centennial Puzzle":16,"CeramicFish":6,"Strawberry":13,"Snecko Eye":10,"MealTicket":21,"Chemical X":3,"Whetstone":14,"Orichalcum":6,"War Paint":13,"Ancient Tea Set":5,"Cursed Key":17,"Ring of the Snake":0},{"Centennial Puzzle":65,"CeramicFish":22,"Strawberry":51,"Snecko Eye":39,"MealTicket":101,"Chemical X":11,"Whetstone":57,"Orichalcum":22,"War Paint":51,"Ancient Tea Set":18,"Cursed Key":76,"Ring of the Snake":0}],"Ring of the Snake":[44]},"card_choices":[{"not_picked":["PiercingWail","Dodge and Roll"],"picked":"Blade Dance","floor":1.0},{"not_picked":["Deadly Poison","Underhanded Strike"],"picked":"Skewer","floor":2.0},{"not_picked":["Cloak And Dagger","Choke"],"picked":"Dagger Spray","floor":3.0},{"not_picked":["Glass Knife","Acrobatics","Bane"],"picked":"SKIP","floor":5.0},{"not_picked":["Riddle With Holes","Outmaneuver"],"picked":"Noxious Fumes","floor":6.0},{"not_picked":["Acrobatics","Eviscerate"],"picked":"Deadly Poison","floor":8.0},{"not_picked":["Underhanded Strike","Dagger Spray","Prepared"],"picked":"SKIP","floor":10.0},{"not_picked":["Bane","Cloak And Dagger","Outmaneuver"],"picked":"SKIP","floor":11.0},{"not_picked":["Quick Slash","Finisher"],"picked":"Calculated Gamble","floor":14.0},{"not_picked":["Tools of the Trade","A Thousand Cuts"],"picked":"After Image","floor":16.0},{"not_picked":["Acrobatics","Deadly Poison"],"picked":"Skewer","floor":18.0},{"not_picked":["Deadly Poison","Dagger Spray","Accuracy"],"picked":"SKIP","floor":20.0},{"not_picked":["Heel Hook","Crippling Poison"],"picked":"Dash+1","floor":24.0},{"not_picked":["Cloak And Dagger","Dagger Throw"],"picked":"A Thousand Cuts","floor":29.0},{"not_picked":["Skewer","Poisoned Stab"],"picked":"Dash","floor":30.0},{"not_picked":["Expertise","Dagger Throw","Endless Agony"],"picked":"SKIP","floor":31.0},{"not_picked":["Tools of the Trade","A Thousand Cuts"],"picked":"Storm of Steel","floor":33},{"not_picked":["Tactician","Sucker Punch+1"],"picked":"Caltrops+1","floor":35},{"not_picked":["Dodge and Roll+1","Masterful Stab"],"picked":"Reflex+1","floor":36},{"not_picked":["Blade Dance","Quick Slash+1"],"picked":"PiercingWail","floor":38},{"not_picked":["Dagger Throw","Heel Hook"],"picked":"Envenom","floor":40}],"player_experience":1136551,"relics_obtained":[{"floor":6.0,"key":"Ancient Tea Set"},{"floor":8.0,"key":"Orichalcum"},{"floor":9.0,"key":"CeramicFish"},{"floor":24.0,"key":"Strawberry"},{"floor":26.0,"key":"War Paint"},{"floor":29.0,"key":"Whetstone"},{"floor":31.0,"key":"Centennial Puzzle"},{"floor":40,"key":"MealTicket"}],"event_choices":[{"damage_healed":0.0,"max_hp_gain":0.0,"max_hp_loss":0.0,"gold_gain":0.0,"cards_transformed":["Strike_G"],"event_name":"Transmorgrifier","player_choice":"Transformed","floor":7.0,"gold_loss":0.0,"damage_taken":0.0,"cards_obtained":["Venomology"]},{"damage_healed":0.0,"max_hp_gain":0.0,"max_hp_loss":0.0,"gold_gain":0.0,"event_name":"World of Goop","player_choice":"Left Gold","floor":12.0,"gold_loss":67.0,"damage_taken":0.0},{"damage_healed":0.0,"max_hp_gain":0.0,"max_hp_loss":33.0,"gold_gain":0.0,"event_name":"Ghosts","player_choice":"Became a Ghost","floor":19.0,"gold_loss":0.0,"damage_taken":0.0,"cards_obtained":["Ghostly","Ghostly","Ghostly"]},{"damage_healed":0.0,"max_hp_gain":0.0,"max_hp_loss":0.0,"gold_gain":0.0,"event_name":"Forgotten Altar","player_choice":"Smashed Altar","floor":21.0,"gold_loss":0.0,"damage_taken":0.0,"cards_obtained":["Decay"]},{"damage_healed":0.0,"max_hp_gain":0.0,"max_hp_loss":0.0,"gold_gain":0.0,"cards_transformed":["Strike_G","Strike_G"],"event_name":"Drug Dealer","player_choice":"Became Test Subject","floor":28.0,"gold_loss":0.0,"damage_taken":0.0,"cards_obtained":["Backflip","Concentrate"]},{"cards_removed":["Dagger Spray"],"damage_healed":0,"gold_gain":0,"player_choice":"Removed Attack","damage_taken":0,"max_hp_gain":0,"max_hp_loss":0,"event_name":"Falling","floor":39,"gold_loss":0}],"is_beta":false,"boss_relics":[{"not_picked":["Ectoplasm","Empty Cage"],"picked":"Snecko Eye"},{"not_picked":["Pandora\u0027s Box","HoveringKite"],"picked":"Cursed Key"}],"items_purged_floors":[4,22,37],"is_endless":false,"potions_floor_spawned":[5,8,10,11,16,24,36,38,40],"killed_by":"Reptomancer","ascension_level":17}}