{"host":"78azdv0oxplymbah","time":1610596239,"event":{"mods":["Act Like it!","Arknights The Spire","BaseMod","BetterRewards","DeckTracker","Gensokyo","Hallownest","Highlight Path","KinomotoSakuraMod(ƒæ÷Æ±æ”£)","Marisa£®ÏF”Í°°ƒß¿Ì…≥£©","Minty Spire (QoL Compilation)","MostiFishMod","Quick Restart","Reimu£®≤©¿ˆ¡È√Œ£©","Relic Stats","Remove Card Discount Mod","Replay The Spire","Spicy Shops","StSLib","Td1madao Mod","The Marked","The Servant 0.9.4","Youmu£®ªÍ∆«—˝√Œ£©","°æπ¶ƒ‹Mod°øªÏ„Á÷Æª∑–ﬁ∏¥≤π∂°","°æ“≈ŒÔø®≈∆°øREMEMod"],"gold_per_floor":[113,125,137,157,170,203,203,241,293,335,335,335,335,365,365,475,475,494,131,154,196,223,223,262,262,262,299,55,55,81,104,104,223,223,245,269,269,296,376,451,451,492,492,534,606,653,653,671,671,693],"floor_reached":51,"language":"ZHS","playtime":2160,"items_purged":["Strike_R","Strike_R","Strike_R","Defend_R","Strike_R","Defend_R","Strike_R","Bash","Sword Boomerang","Cleave"],"score":813,"play_id":"616613bf-699f-4c0e-8c6e-ffe7ad5a1330","local_time":"20210114115039","is_ascension_mode":false,"campfire_choices":[{"data":"ReplayTheSpireMod:Muscle Training","floor":7.0,"key":"SMITH"},{"data":"Searing Blow","floor":11.0,"key":"SMITH"},{"data":"Searing Blow+1","floor":13.0,"key":"SMITH"},{"data":"MostiFishMod:#F4004","floor":15.0,"key":"SMITH"},{"data":"MostiFishMod:FireWorks","floor":23.0,"key":"SMITH"},{"data":"Searing Blow+2","floor":25.0,"key":"SMITH"},{"data":"ReplayTheSpireMod:Muscle Training","floor":29.0,"key":"SMITH"},{"data":"Replay:Many Hands","floor":41,"key":"SMITH"},{"data":"Warcry","floor":47,"key":"SMITH"},{"data":"Warcry","floor":49,"key":"SMITH"}],"circlet_count":0,"master_deck":["Defend_R","Pommel Strike","ReplayTheSpireMod:Muscle Training+1","Pommel Strike+1","Cleave+1","Searing Blow+3","MostiFishMod:#F4004+1","MostiFishMod:FireWorks+1","Thunderclap","Metallicize","Anger+1","ReplayTheSpireMod:Muscle Training+1","Massacre+1","Warcry+1","MostiFishMod:#F4004+1","Replay:Many Hands+1","Warcry+1","ReplayTheSpireMod:LeadingStrike+1","Iron Wave","REME_Cut","Warcry+1","Dark Embrace+1"],"relics":["Burning Blood","DaveBox","REME_ComplimentaryCards","CombinedTypeHook","SynthV:TestCard","Replay:Bandana","Anchor","Mummified Hand","RhineFirstAidKit","PreservedInsect","Replay:Bottled Steam","Red Mask","Bottled Flame","Replay:Kaleidoscope","Boot","Matryoshka","Replay:Grab Bag","Sozu","Busted Crown","FeatherPendant","Calipers","CaptainsWheel","Toy Ornithopter","Regal Pillow","RuthlessExorcism:ReiMu"],"acts_visited":["Exordium","TheCity","TheBeyond"],"potions_floor_usage":[],"damage_taken":[{"damage":0.0,"enemies":"Cultist","floor":1.0,"turns":3.0},{"damage":13.0,"enemies":"2 Louse","floor":2.0,"turns":2.0},{"damage":15.0,"enemies":"Small Slimes","floor":3.0,"turns":2.0},{"damage":9.0,"enemies":"Exordium Thugs","floor":4.0,"turns":3.0},{"damage":4.0,"enemies":"Gremlin Gang","floor":5.0,"turns":2.0},{"damage":36.0,"enemies":"3 Sentries","floor":6.0,"turns":6.0},{"damage":1.0,"enemies":"Large Slime","floor":8.0,"turns":3.0},{"damage":21.0,"enemies":"Lagavulin","floor":10.0,"turns":4.0},{"damage":6.0,"enemies":"Lots of Slimes","floor":14.0,"turns":2.0},{"damage":36.0,"enemies":"The Guardian","floor":16.0,"turns":5.0},{"damage":5.0,"enemies":"2 Thieves","floor":18.0,"turns":2.0},{"damage":15.0,"enemies":"Shell Parasite","floor":20.0,"turns":4.0},{"damage":4.0,"enemies":"Masked Bandits","floor":21.0,"turns":2.0},{"damage":5.0,"enemies":"Cultist and Chosen","floor":22.0,"turns":3.0},{"damage":24.0,"enemies":"Slavers","floor":24.0,"turns":3.0},{"damage":5.0,"enemies":"REME_1_Revenger","floor":27.0,"turns":2.0},{"damage":4.0,"enemies":"Centurion and Healer","floor":30.0,"turns":2.0},{"damage":0.0,"enemies":"Snecko","floor":31.0,"turns":2.0},{"damage":38,"enemies":"Champ","floor":33,"turns":5},{"damage":8,"enemies":"3 Darklings","floor":35,"turns":1},{"damage":4,"enemies":"Orb Walker","floor":36,"turns":2},{"damage":14,"enemies":"Writhing Mass","floor":38,"turns":3},{"damage":6,"enemies":"2 Orb Walkers","floor":39,"turns":2},{"damage":0,"enemies":"Reptomancer","floor":40,"turns":1},{"damage":7,"enemies":"4 Shapes","floor":42,"turns":1},{"damage":0,"enemies":"R_Hoarder","floor":44,"turns":2},{"damage":8,"enemies":"Transient","floor":45,"turns":1},{"damage":1,"enemies":"Sphere and 2 Shapes","floor":46,"turns":1},{"damage":8,"enemies":"Writhing Mass","floor":48,"turns":2},{"damage":12,"enemies":"Replay:Hell Engine","floor":50,"turns":3}],"seed_played":"8281252768685668332","potions_obtained":[{"floor":1.0,"key":"Elixir"},{"floor":3.0,"key":"ElixirPotion"},{"floor":4.0,"key":"FairyPotion"},{"floor":16.0,"key":"AttackPotion"},{"floor":27.0,"key":"Explosive Potion"},{"floor":30.0,"key":"SkillPotion"}],"is_trial":false,"path_per_floor":["M","M","M","M","M","E","R","M","T","E","R","?","R","M","R","B",null,"M","$","M","?","M","R","E","R","T","E","$","R","M","M","R","B",null,"M","M","?","M","?","E","R","M","T","E","M","M","R","M","R","B",null],"character_chosen":"IRONCLAD","items_purchased":["PreservedInsect","Replay:Bottled Steam","Metallicize","Matryoshka"],"campfire_rested":0,"item_purchase_floors":[19,19,19,28],"current_hp_per_floor":[88,81,72,69,71,41,41,46,46,31,31,31,31,31,31,32,88,88,88,79,81,82,82,64,64,64,65,65,65,67,73,88,56,88,86,88,88,80,80,86,86,85,85,88,86,88,88,86,86,80],"gold":693,"neow_bonus":"TEN_PERCENT_HP_BONUS","is_daily":false,"chose_seed":false,"campfire_upgraded":10,"win_rate":0.0,"timestamp":1610596239,"path_taken":["M","M","?","M","M","E","R","M","T","E","R","?","R","M","R","BOSS","M","$","M","?","M","R","E","R","T","E","?","R","?","M","R","BOSS","M","M","?","?","?","E","R","M","T","E","M","M","R","M","R","BOSS"],"items_purchased_type":["Relic","Relic","Card","Relic"],"build_version":"2020-12-22","purchased_purges":10,"victory":true,"max_hp_per_floor":[88,88,88,88,88,88,88,88,88,88,88,88,88,88,88,88,88,88,88,88,88,88,88,88,88,88,88,88,88,88,88,88,88,88,88,88,88,88,88,88,88,88,88,88,88,88,88,88,88,88],"relic_stats":{"Sozu":5,"Regal Pillow":0,"Busted Crown":20,"counters":[30,72],"Mummified Hand":[9],"PreservedInsect":214,"Boot":[53],"obtain_stats":[{"CombinedTypeHook":0,"Regal Pillow":43,"Calipers":39,"DaveBox":0,"Boot":27,"Burning Blood":0,"Sozu":34,"Replay:Bandana":6,"RhineFirstAidKit":17,"Matryoshka":28,"Mummified Hand":10,"Red Mask":21,"Replay:Bottled Steam":19,"Replay:Grab Bag":34,"PreservedInsect":19,"Replay:Kaleidoscope":26,"Anchor":9,"Bottled Flame":24,"CaptainsWheel":40,"SynthV:TestCard":1,"Busted Crown":34,"FeatherPendant":34,"Toy Ornithopter":43,"REME_ComplimentaryCards":0,"RuthlessExorcism:ReiMu":44},{"CombinedTypeHook":0,"Regal Pillow":25,"Calipers":23,"DaveBox":0,"Boot":16,"Burning Blood":0,"Sozu":19,"Replay:Bandana":6,"RhineFirstAidKit":10,"Matryoshka":16,"Mummified Hand":8,"Red Mask":13,"Replay:Bottled Steam":11,"Replay:Grab Bag":19,"PreservedInsect":11,"Replay:Kaleidoscope":15,"Anchor":7,"Bottled Flame":15,"CaptainsWheel":24,"SynthV:TestCard":1,"Busted Crown":19,"FeatherPendant":19,"Toy Ornithopter":25,"REME_ComplimentaryCards":0,"RuthlessExorcism:ReiMu":26},{"CombinedTypeHook":0,"Regal Pillow":63,"Calipers":61,"DaveBox":0,"Boot":44,"Burning Blood":0,"Sozu":53,"Replay:Bandana":16,"RhineFirstAidKit":29,"Matryoshka":44,"Mummified Hand":23,"Red Mask":37,"Replay:Bottled Steam":31,"Replay:Grab Bag":53,"PreservedInsect":31,"Replay:Kaleidoscope":42,"Anchor":19,"Bottled Flame":42,"CaptainsWheel":62,"SynthV:TestCard":3,"Busted Crown":53,"FeatherPendant":53,"Toy Ornithopter":63,"REME_ComplimentaryCards":0,"RuthlessExorcism:ReiMu":65}],"Burning Blood":167,"Toy Ornithopter":0},"card_choices":[{"not_picked":["Power Through","Iron Wave"],"picked":"Sword Boomerang","floor":1.0},{"not_picked":["Uppercut","Massacre","Whirlwind","Perfected Strike"],"picked":"Cleave","floor":2.0},{"not_picked":["ReplayTheSpireMod:Corrosion Curse","Life Link","Sword Boomerang","MostiFishMod:BrandingRite"],"picked":"Pommel Strike","floor":3.0},{"not_picked":["True Grit","Replay:Undeath\u0027s Touch","ReplayTheSpireMod:LeadingStrike","Replay:Many Hands"],"picked":"ReplayTheSpireMod:Muscle Training","floor":4.0},{"not_picked":["Sever Soul","Massacre","Pommel Strike","Perfected Strike","ReplayTheSpireMod:Strike From Hell"],"picked":"SKIP","floor":5.0},{"not_picked":["Defy Death","MostiFishMod:BrandingRite","Second Wind","Clash"],"picked":"Pommel Strike","floor":6.0},{"not_picked":["Burning Pact","Carnage","Disarm","Shrug It Off"],"picked":"Cleave","floor":8.0},{"not_picked":["Blood for Blood","Twin Strike","Intimidate","MostiFishMod:FlyOverUtopia"],"picked":"Searing Blow","floor":10.0},{"not_picked":["REME_FearOfPain","Perfected Strike","Replay:Undeath\u0027s Touch","Pommel Strike"],"picked":"MostiFishMod:#F4004","floor":14.0},{"not_picked":["MostiFishMod:TemporaryOutbreak","MostiFishMod:KnuckleDown","Demon Form","Replay:Many Hands"],"picked":"MostiFishMod:FireWorks","floor":16.0},{"not_picked":["Sword Boomerang","ReplayTheSpireMod:Muscle Training+1","Shrug It Off","Twin Strike+1"],"picked":"Thunderclap","floor":18.0},{"not_picked":["True Grit","Life Link","Twin Strike+1","Clash"],"picked":"Anger+1","floor":20.0},{"not_picked":["Warcry+1","Twin Strike","Pommel Strike","Run Through+1"],"picked":"ReplayTheSpireMod:Muscle Training","floor":21.0},{"not_picked":["Body Slam","Clash","ReplayTheSpireMod:Stacked","Bloodletting","Pommel Strike"],"picked":"SKIP","floor":22.0},{"not_picked":["MostiFishMod:RainCloud","Clothesline","Carnage+1","ReplayTheSpireMod:Stacked"],"picked":"Massacre+1","floor":24.0},{"not_picked":["Headbutt","Power Through","Sword Boomerang","Pommel Strike","Body Slam"],"picked":"SKIP","floor":27.0},{"not_picked":["Cleave","ReplayTheSpireMod:Strike From Hell","Replay:Undeath\u0027s Touch","Seeing Red+1"],"picked":"Warcry","floor":30.0},{"not_picked":["Clash","ReplayTheSpireMod:Strike From Hell","Thunderclap+1","Battle Trance"],"picked":"MostiFishMod:#F4004+1","floor":31.0},{"not_picked":["REME_Fury","Eclipse","Reaper","MostiFishMod:OrdinaryWorld"],"picked":"Replay:Many Hands","floor":33},{"not_picked":["Anger+1","Body Slam+1"],"picked":"Warcry","floor":35},{"not_picked":["Clothesline","Pommel Strike"],"picked":"ReplayTheSpireMod:LeadingStrike+1","floor":36},{"not_picked":["Carnage","Intimidate","True Grit"],"picked":"SKIP","floor":38},{"not_picked":["Sever Soul+1","Body Slam+1"],"picked":"REME_Cut","floor":39},{"not_picked":["Run Through+1","Armaments+1"],"picked":"Warcry+1","floor":40},{"not_picked":["MostiFishMod:BrandingRite","ReplayTheSpireMod:Strike From Hell+1"],"picked":"Dark Embrace+1","floor":42},{"not_picked":["Headbutt","Combust+1","Thunderclap+1"],"picked":"SKIP","floor":44},{"not_picked":["ReplayTheSpireMod:LeadingStrike+1","REME_TheLastStrike","Replay:Undeath\u0027s Touch+1"],"picked":"SKIP","floor":45},{"not_picked":["ReplayTheSpireMod:LeadingStrike+1","Armaments","Battle Trance"],"picked":"SKIP","floor":46},{"not_picked":["Anger","Seeing Red","Searing Blow"],"picked":"SKIP","floor":48}],"player_experience":26002,"relics_obtained":[{"floor":1.0,"key":"SynthV:TestCard"},{"floor":6.0,"key":"Replay:Bandana"},{"floor":9.0,"key":"Anchor"},{"floor":10.0,"key":"Mummified Hand"},{"floor":21.0,"key":"Red Mask"},{"floor":24.0,"key":"Bottled Flame"},{"floor":26.0,"key":"Replay:Kaleidoscope"},{"floor":27.0,"key":"Boot"},{"floor":39,"key":"Calipers"},{"floor":40,"key":"CaptainsWheel"},{"floor":43,"key":"Toy Ornithopter"},{"floor":43,"key":"Regal Pillow"},{"floor":44,"key":"RuthlessExorcism:ReiMu"}],"event_choices":[{"damage_healed":0.0,"max_hp_gain":0.0,"max_hp_loss":0.0,"gold_gain":0.0,"event_name":"Masked Bandits","player_choice":"Fought Bandits","floor":21.0,"gold_loss":0.0,"damage_taken":0.0},{"cards_removed":["Defend_R"],"damage_healed":0,"gold_gain":0,"player_choice":"Took Card","damage_taken":0,"max_hp_gain":0,"max_hp_loss":0,"event_name":"NoteForYourself","floor":37,"gold_loss":0,"cards_obtained":["Iron Wave"]},{"damage_healed":0,"gold_gain":0,"player_choice":"Fight","damage_taken":0,"max_hp_gain":0,"max_hp_loss":0,"event_name":"Mysterious Sphere","floor":39,"gold_loss":0}],"is_beta":false,"boss_relics":[{"not_picked":["FrostBlade","Philosopher\u0027s Stone"],"picked":"RhineFirstAidKit"},{"not_picked":["RhineCircuit","MostiFishMod:Hod"],"picked":"Replay:Grab Bag"},{"not_picked":["Runic Dome","ChewingGum"],"picked":"Sozu"},{"not_picked":["Velvet Choker","Cursed Key"],"picked":"Busted Crown"},{"not_picked":["Snecko Eye","ShadowXiaoBlade"],"picked":"FeatherPendant"}],"items_purged_floors":[19,19,19,19,19,19,19,19,19,28],"is_endless":false,"potions_floor_spawned":[1,3,4,6,16,27,30,31,35,36,40,42,44],"ascension_level":0}}