{"host":"vyjryxuuuxkt43k4","time":1610598959,"event":{"mods":["BaseMod","Colored Map","DeckTracker","Minty Spire (QoL Compilation)","Permanent Neow","Quick Restart","StSLib","SuperFastMode","everything is the same but u backflip on backflip"],"gold_per_floor":[219,231,34,48,60,88,88,88,88,88,98,129,129,146,146,243,243,258,272,288,115,115,115,142,154,177,187,187,187],"floor_reached":28,"language":"KOR","playtime":3397,"items_purged":["Strike_G","Defend_G"],"score":265,"play_id":"70ea3635-0a38-43a3-a316-2576ed409755","local_time":"20210114133559","is_ascension_mode":true,"campfire_choices":[{"data":"Neutralize","floor":8,"key":"SMITH"},{"floor":13,"key":"REST"},{"data":"Footwork","floor":15,"key":"SMITH"},{"data":"After Image","floor":23,"key":"SMITH"}],"circlet_count":0,"master_deck":["Strike_G","Strike_G","Defend_G","Defend_G","Defend_G","Survivor","Neutralize+1","Quick Slash","Deadly Poison+1","Masterful Stab","PiercingWail","Footwork+1","Footwork","Cloak And Dagger","Backflip","Crippling Poison","After Image+1","Predator+1","PiercingWail","Deadly Poison+1","Escape Plan","All Out Attack","Blur","Acrobatics+1","Bane","Catalyst"],"relics":["Ring of the Snake","Omamori","Torii","Calling Bell","MealTicket","Matryoshka","Prayer Wheel","Pantograph","Strawberry","PreservedInsect"],"acts_visited":["Exordium","TheCity"],"potions_floor_usage":[6,6,12,20,24,27],"damage_taken":[{"damage":0,"enemies":"Jaw Worm","floor":1,"turns":6},{"damage":3,"enemies":"Small Slimes","floor":2,"turns":3},{"damage":0,"enemies":"Cultist","floor":4,"turns":3},{"damage":0,"enemies":"Looter","floor":5,"turns":4},{"damage":15,"enemies":"Lagavulin","floor":6,"turns":8},{"damage":0,"enemies":"2 Fungi Beasts","floor":11,"turns":4},{"damage":36,"enemies":"Gremlin Nob","floor":12,"turns":5},{"damage":3,"enemies":"Large Slime","floor":14,"turns":6},{"damage":1,"enemies":"Hexaghost","floor":16,"turns":12},{"damage":2,"enemies":"Shell Parasite","floor":18,"turns":8},{"damage":0,"enemies":"Spheric Guardian","floor":19,"turns":9},{"damage":2,"enemies":"Snake Plant","floor":20,"turns":5},{"damage":34,"enemies":"Gremlin Leader","floor":24,"turns":9},{"damage":12,"enemies":"Cultist and Chosen","floor":25,"turns":7},{"damage":4,"enemies":"Chosen and Byrds","floor":27,"turns":5},{"damage":12,"enemies":"Colosseum Slavers","floor":28,"turns":7},{"damage":28,"enemies":"Colosseum Nobs","floor":28,"turns":3}],"seed_played":"4671423819642402879","potions_obtained":[{"floor":4,"key":"FearPotion"},{"floor":5,"key":"DuplicationPotion"},{"floor":11,"key":"SneckoOil"},{"floor":18,"key":"EssenceOfSteel"},{"floor":20,"key":"Energy Potion"}],"is_trial":false,"path_per_floor":["M","M","$","M","M","E","?","R","T","?","M","E","R","M","R","B",null,"M","M","M","$","?","R","E","M","T","M","?"],"character_chosen":"THE_SILENT","items_purchased":["Masterful Stab","PiercingWail","LiquidBronze"],"campfire_rested":1,"item_purchase_floors":[3,3,21],"current_hp_per_floor":[70,67,67,67,67,52,45,45,45,45,45,9,30,27,27,26,70,68,68,66,70,70,70,36,24,31,27,0,0],"gold":187,"neow_bonus":"HUNDRED_GOLD","is_daily":false,"chose_seed":false,"campfire_upgraded":3,"win_rate":0.0,"timestamp":1610598959,"path_taken":["M","M","$","M","M","E","?","R","T","?","M","E","R","M","R","BOSS","M","M","M","$","?","R","E","M","T","M","?"],"items_purchased_type":["Card","Card","Potion"],"build_version":"2020-12-22","purchased_purges":2,"victory":false,"max_hp_per_floor":[70,70,70,70,70,70,70,70,70,70,70,70,70,70,70,70,70,70,70,70,70,70,70,70,70,77,77,77,77],"card_choices":[{"not_picked":["Slice","Tactician"],"picked":"Quick Slash","floor":1},{"not_picked":["Choke","Quick Slash"],"picked":"Deadly Poison","floor":2},{"not_picked":["Sucker Punch","Quick Slash"],"picked":"Footwork","floor":4},{"not_picked":["Prepared","Acrobatics"],"picked":"Footwork","floor":5},{"not_picked":["Masterful Stab","Wraith Form v2"],"picked":"Cloak And Dagger","floor":6},{"not_picked":["Well Laid Plans","Prepared"],"picked":"Backflip","floor":11},{"not_picked":["Deflect","Riddle With Holes","Deadly Poison"],"picked":"SKIP","floor":12},{"not_picked":["Escape Plan","Flying Knee"],"picked":"Crippling Poison","floor":14},{"not_picked":["Unload","Tools of the Trade"],"picked":"After Image","floor":16},{"not_picked":["Acrobatics","Outmaneuver"],"picked":"Predator+1","floor":18},{"not_picked":["Quick Slash","Slice","Skewer"],"picked":"SKIP","floor":18},{"not_picked":["Caltrops","Dagger Throw"],"picked":"PiercingWail","floor":19},{"not_picked":["Expertise","Sucker Punch+1"],"picked":"Deadly Poison+1","floor":19},{"not_picked":["Slice","Dagger Throw"],"picked":"Escape Plan","floor":20},{"not_picked":["Terror","Deflect","Bouncing Flask"],"picked":"SKIP","floor":20},{"not_picked":["Poisoned Stab","Prepared"],"picked":"Acrobatics+1","floor":24},{"not_picked":["Tools of the Trade","Cloak And Dagger+1"],"picked":"Bane","floor":25},{"not_picked":["Poisoned Stab","Bane","Setup"],"picked":"SKIP","floor":25},{"not_picked":["Reflex","Slice"],"picked":"Catalyst","floor":27},{"not_picked":["Escape Plan","Sucker Punch","Finisher"],"picked":"SKIP","floor":27}],"player_experience":272304,"relics_obtained":[{"floor":6,"key":"Omamori"},{"floor":12,"key":"Torii"},{"floor":17,"key":"MealTicket"},{"floor":17,"key":"Matryoshka"},{"floor":17,"key":"Prayer Wheel"},{"floor":24,"key":"Pantograph"},{"floor":26,"key":"Strawberry"},{"floor":26,"key":"PreservedInsect"}],"event_choices":[{"cards_removed":["Strike_G"],"damage_healed":0,"gold_gain":0,"player_choice":"Card Removal","damage_taken":7,"max_hp_gain":0,"max_hp_loss":0,"event_name":"Golden Wing","floor":7,"gold_loss":0},{"damage_healed":0,"gold_gain":0,"player_choice":"Grow","damage_taken":0,"max_hp_gain":0,"max_hp_loss":0,"event_name":"Living Wall","floor":10,"gold_loss":0,"cards_upgraded":["Deadly Poison"]},{"damage_healed":0,"gold_gain":0,"cards_transformed":["Strike_G","Defend_G"],"player_choice":"Became Test Subject","damage_taken":0,"max_hp_gain":0,"max_hp_loss":0,"event_name":"Drug Dealer","floor":22,"gold_loss":0,"cards_obtained":["All Out Attack","Blur"]},{"damage_healed":0,"gold_gain":0,"player_choice":"Fight","damage_taken":0,"max_hp_gain":0,"max_hp_loss":0,"event_name":"Colosseum","floor":28,"gold_loss":0},{"damage_healed":0,"gold_gain":0,"player_choice":"Fought Nobs","damage_taken":0,"max_hp_gain":0,"max_hp_loss":0,"event_name":"Colosseum","floor":28,"gold_loss":0}],"is_beta":false,"boss_relics":[{"not_picked":["Empty Cage","HoveringKite"],"picked":"Calling Bell"}],"items_purged_floors":[3,21],"is_endless":false,"potions_floor_spawned":[4,5,11,18,20,28],"killed_by":"Colosseum Nobs","ascension_level":1}}