{"host":"e1pm3b7xpcm97e5w","time":1610583608,"event":{"mods":["BaseMod","Better Skull","Googly Eyes","Minty Spire (QoL Compilation)","Relic Stats","Shop Mod","Spicy Shops","StSLib"],"gold_per_floor":[115,40,40,54,74,106,106,123,123,155,170,170,13,48,48,122,122,142,42,42,59,59,59,70,98,122,122,122,137,137,164,164,237,237,247,247,264,313,155,155,155],"floor_reached":40,"language":"ENG","playtime":1698,"items_purged":["Strike_R","Perfected Strike"],"score":956,"play_id":"27a93250-86e5-4e42-848e-4bab8892dc97","local_time":"20210113192008","is_ascension_mode":true,"campfire_choices":[{"floor":12.0,"key":"REST"},{"data":"Feel No Pain","floor":15.0,"key":"SMITH"},{"floor":23.0,"key":"REST"},{"data":"Barricade","floor":28.0,"key":"SMITH"},{"floor":32.0,"key":"REST"}],"circlet_count":0,"master_deck":["AscendersBane","Defend_R","Defend_R","Defend_R","Defend_R","Bash+1","Cleave","Flame Barrier","Berserk","True Grit","Feel No Pain+1","Power Through","Fiend Fire","Corruption+1","Anger+1","Bludgeon+1","Shrug It Off+1","Barricade+1","Necronomicurse","Flame Barrier+1","Armaments","Spot Weakness"],"relics":["Burning Blood","Gremlin Horn","Blue Candle","Letter Opener","Regal Pillow","Oddly Smooth Stone","Paper Frog","Astrolabe","Bottled Tornado","PreservedInsect","Necronomicon","Kunai","SlaversCollar","Mango","Strange Spoon"],"acts_visited":["Exordium","TheCity","TheBeyond"],"potions_floor_usage":[40,40],"damage_taken":[{"damage":14.0,"enemies":"Jaw Worm","floor":1.0,"turns":4.0},{"damage":1.0,"enemies":"Cultist","floor":4.0,"turns":3.0},{"damage":8.0,"enemies":"2 Louse","floor":5.0,"turns":4.0},{"damage":32.0,"enemies":"Gremlin Nob","floor":6.0,"turns":4.0},{"damage":6.0,"enemies":"2 Fungi Beasts","floor":8.0,"turns":4.0},{"damage":36.0,"enemies":"Lagavulin","floor":10.0,"turns":6.0},{"damage":1.0,"enemies":"Looter","floor":11.0,"turns":4.0},{"damage":20.0,"enemies":"3 Sentries","floor":14.0,"turns":9.0},{"damage":28.0,"enemies":"Slime Boss","floor":16.0,"turns":12.0},{"damage":16.0,"enemies":"Spheric Guardian","floor":18.0,"turns":6.0},{"damage":16.0,"enemies":"Shell Parasite","floor":21.0,"turns":7.0},{"damage":16.0,"enemies":"3 Cultists","floor":24.0,"turns":5.0},{"damage":13.0,"enemies":"Gremlin Leader","floor":25.0,"turns":7.0},{"damage":28.0,"enemies":"Snake Plant","floor":29.0,"turns":3.0},{"damage":2.0,"enemies":"Book of Stabbing","floor":31.0,"turns":5.0},{"damage":27.0,"enemies":"Collector","floor":33.0,"turns":9.0},{"damage":9.0,"enemies":"3 Darklings","floor":35.0,"turns":5.0},{"damage":14.0,"enemies":"3 Shapes","floor":37.0,"turns":4.0},{"damage":39,"enemies":"2 Orb Walkers","floor":38,"turns":6},{"damage":39,"enemies":"Maw","floor":40,"turns":6}],"seed_played":"-4779419453654096677","potions_obtained":[{"floor":4.0,"key":"Swift Potion"},{"floor":10.0,"key":"LiquidMemories"},{"floor":14.0,"key":"EssenceOfSteel"},{"floor":16.0,"key":"PowerPotion"},{"floor":18.0,"key":"SkillPotion"},{"floor":25.0,"key":"Explosive Potion"},{"floor":33.0,"key":"SkillPotion"},{"floor":35.0,"key":"Block Potion"}],"is_trial":false,"path_per_floor":["M","$","?","M","M","E","T","M","T","E","M","R","$","E","R","B",null,"M","$","?","M","$","R","M","E","T","?","R","M","?","E","R","B",null,"M","?","M","?","$","M"],"character_chosen":"IRONCLAD","items_purchased":["Oddly Smooth Stone","Strange Spoon"],"campfire_rested":3,"item_purchase_floors":[13,39],"current_hp_per_floor":[60,60,60,65,63,37,37,37,37,7,12,49,49,35,35,13,60,50,50,50,40,40,75,65,58,58,37,37,15,15,19,56,35,65,62,62,54,35,35,0,0],"gold":155,"neow_bonus":"UPGRADE_CARD","is_daily":false,"chose_seed":false,"campfire_upgraded":2,"win_rate":0.0,"timestamp":1610583608,"path_taken":["M","$","?","M","M","E","?","M","T","E","M","R","$","E","R","BOSS","M","$","?","M","$","R","?","E","T","?","R","M","?","E","R","BOSS","M","?","M","?","$","M"],"items_purchased_type":["Relic","Relic"],"build_version":"2020-12-22","purchased_purges":2,"victory":false,"max_hp_per_floor":[75,75,75,75,75,75,75,75,75,75,75,75,75,75,75,75,75,75,75,75,75,75,75,75,75,75,75,75,75,75,75,75,75,75,75,75,75,89,89,89,89],"relic_stats":{"Strange Spoon":[1],"Regal Pillow":43,"Gremlin Horn":[23,23],"counters":[20,113],"Blue Candle":[38],"Astrolabe":["Anger","Bludgeon","Shrug It Off"],"PreservedInsect":43,"Necronomicon":[21],"Letter Opener":[88],"Kunai":[5],"obtain_stats":[{"Regal Pillow":10,"Gremlin Horn":6,"Blue Candle":7,"Astrolabe":17,"Oddly Smooth Stone":13,"Mango":38,"PreservedInsect":26,"Letter Opener":9,"Bottled Tornado":25,"Burning Blood":0,"SlaversCollar":34,"Strange Spoon":39,"Necronomicon":27,"Kunai":31,"Paper Frog":14},{"Regal Pillow":6,"Gremlin Horn":4,"Blue Candle":4,"Astrolabe":9,"Oddly Smooth Stone":7,"Mango":19,"PreservedInsect":13,"Letter Opener":5,"Bottled Tornado":13,"Burning Blood":0,"SlaversCollar":16,"Strange Spoon":19,"Necronomicon":13,"Kunai":15,"Paper Frog":8},{"Regal Pillow":25,"Gremlin Horn":15,"Blue Candle":15,"Astrolabe":50,"Oddly Smooth Stone":29,"Mango":107,"PreservedInsect":75,"Letter Opener":19,"Bottled Tornado":75,"Burning Blood":0,"SlaversCollar":92,"Strange Spoon":107,"Necronomicon":75,"Kunai":83,"Paper Frog":38}],"Burning Blood":114},"card_choices":[{"not_picked":["Shrug It Off","Thunderclap"],"picked":"Cleave","floor":1.0},{"not_picked":["Clothesline","Headbutt"],"picked":"Flame Barrier","floor":4.0},{"not_picked":["Warcry","Juggernaut"],"picked":"Perfected Strike","floor":5.0},{"not_picked":["Body Slam","Second Wind"],"picked":"Berserk","floor":6.0},{"not_picked":["Intimidate","Headbutt"],"picked":"True Grit","floor":8.0},{"not_picked":["Bludgeon","Thunderclap"],"picked":"Feel No Pain","floor":10.0},{"not_picked":["Perfected Strike","Iron Wave"],"picked":"Power Through","floor":11.0},{"not_picked":["Twin Strike","Blood for Blood"],"picked":"Fiend Fire","floor":14.0},{"not_picked":["Demon Form","Reaper"],"picked":"Corruption","floor":16.0},{"not_picked":["Sword Boomerang","Thunderclap","Twin Strike+1"],"picked":"SKIP","floor":18.0},{"not_picked":["Clash","Sentinel","Havoc"],"picked":"SKIP","floor":21.0},{"not_picked":["Armaments","Shrug It Off"],"picked":"Ghostly Armor","floor":24.0},{"not_picked":["Flex+1","Whirlwind"],"picked":"Barricade","floor":25.0},{"not_picked":["Pummel","Battle Trance","Sword Boomerang"],"picked":"SKIP","floor":29.0},{"not_picked":["Sever Soul","Clash"],"picked":"Flame Barrier+1","floor":31.0},{"not_picked":["Havoc+1","Reckless Charge","Thunderclap"],"picked":"SKIP","floor":35.0},{"not_picked":["Bloodletting","Headbutt"],"picked":"Armaments","floor":37.0},{"not_picked":["Thunderclap","Iron Wave"],"picked":"Spot Weakness","floor":38}],"player_experience":519138,"relics_obtained":[{"floor":6.0,"key":"Gremlin Horn"},{"floor":7.0,"key":"Blue Candle"},{"floor":9.0,"key":"Letter Opener"},{"floor":10.0,"key":"Regal Pillow"},{"floor":14.0,"key":"Paper Frog"},{"floor":25.0,"key":"Bottled Tornado"},{"floor":26.0,"key":"PreservedInsect"},{"floor":27.0,"key":"Necronomicon"},{"floor":31.0,"key":"Kunai"},{"floor":38,"key":"Mango"}],"event_choices":[{"damage_healed":0.0,"max_hp_gain":0.0,"max_hp_loss":0.0,"gold_gain":0.0,"event_name":"Liars Game","player_choice":"Ignored","floor":3.0,"gold_loss":0.0,"damage_taken":0.0},{"damage_healed":0.0,"max_hp_gain":0.0,"max_hp_loss":0.0,"gold_gain":0.0,"event_name":"Accursed Blacksmith","player_choice":"Forge","floor":20.0,"gold_loss":0.0,"damage_taken":0.0,"cards_upgraded":["Corruption"]},{"damage_healed":0.0,"max_hp_gain":0.0,"max_hp_loss":0.0,"gold_gain":0.0,"event_name":"Cursed Tome","player_choice":"Obtained Book","floor":27.0,"gold_loss":0.0,"damage_taken":21.0},{"cards_removed":["Strike_R"],"damage_healed":0.0,"max_hp_gain":0.0,"max_hp_loss":0.0,"gold_gain":0.0,"event_name":"Back to Basics","player_choice":"Elegance","floor":30.0,"gold_loss":0.0,"damage_taken":0.0},{"cards_removed":["Ghostly Armor"],"damage_healed":0.0,"max_hp_gain":0.0,"max_hp_loss":0.0,"gold_gain":0.0,"event_name":"Falling","player_choice":"Removed Skill","floor":36.0,"gold_loss":0.0,"damage_taken":0.0},{"damage_healed":0,"gold_gain":0,"player_choice":"Fight","damage_taken":0,"max_hp_gain":0,"max_hp_loss":0,"event_name":"Mysterious Sphere","floor":38,"gold_loss":0}],"is_beta":false,"boss_relics":[{"not_picked":["Philosopher\u0027s Stone","SacredBark"],"picked":"Astrolabe"},{"not_picked":["Black Star","Sozu"],"picked":"SlaversCollar"}],"items_purged_floors":[2,19],"is_endless":false,"potions_floor_spawned":[4,10,14,16,18,24,25,33,35],"killed_by":"Maw","ascension_level":17}}