{"host":"xh3brefae6wm9kl8","time":1610591100,"event":{"mods":["AchievementEnabler","BaseMod","GifTheSpireLib","Keyboard Shortcuts","Minty Spire (QoL Compilation)","Permanent Neow","Relic Stats","StSLib","SuperFastMode"],"gold_per_floor":[115,135,85,5,5,41,64,108,108,122,122,163,179,215,215,341,341,355,380,71,71,71,102,102,102,114,140,152,179,191,222,234,369,444,479,505,239,264,289,330,351,394,394,437,437,452,452,452],"floor_reached":47,"language":"KOR","playtime":2626,"items_purged":["Strike_G+1"],"score":1109,"play_id":"7833c31d-75c9-4e79-a4f6-18dfbc6be73f","local_time":"20210114112500","is_ascension_mode":true,"campfire_choices":[{"floor":15,"key":"DIG"},{"floor":25,"key":"DIG"},{"floor":28,"key":"DIG"},{"floor":30,"key":"DIG"},{"floor":32,"key":"DIG"},{"floor":45,"key":"REST"}],"circlet_count":0,"master_deck":["AscendersBane","Strike_G+1","Strike_G+1","Strike_G+1","Defend_G+1","Defend_G+1","Defend_G+1","Defend_G+1","Defend_G+1","Survivor","Neutralize","Poisoned Stab+1","Poisoned Stab","Noxious Fumes","Backflip","Blur","Crippling Poison","Noxious Fumes+1","Blur","Escape Plan","Backflip","Outmaneuver+1","Malaise","Backflip+1","Skewer+1","Outmaneuver+1","Dodge and Roll","Blur+1","Catalyst+1","Burst"],"relics":["Ring of the Snake","NeowsBlessing","Golden Idol","HornCleat","FossilizedHelix","Ice Cream","Whetstone","Shovel","Matryoshka","Sozu","Peace Pipe","Nilry\u0027s Codex","Vajra","Anchor","Kunai","MawBank","Tiny Chest","Molten Egg 2","StoneCalendar","Sundial","Smiling Mask","Tiny House","Happy Flower","Ginger","Gremlin Horn","Bottled Lightning"],"acts_visited":["Exordium","TheCity","TheBeyond"],"potions_floor_usage":[8,12,33,40],"damage_taken":[{"damage":0,"enemies":"Small Slimes","floor":1,"turns":1},{"damage":0,"enemies":"Jaw Worm","floor":2,"turns":1},{"damage":0,"enemies":"3 Sentries","floor":6,"turns":1},{"damage":1,"enemies":"2 Louse","floor":7,"turns":3},{"damage":12,"enemies":"Gremlin Nob","floor":8,"turns":4},{"damage":0,"enemies":"Blue Slaver","floor":10,"turns":4},{"damage":6,"enemies":"3 Sentries","floor":12,"turns":6},{"damage":0,"enemies":"2 Fungi Beasts","floor":13,"turns":4},{"damage":1,"enemies":"Lagavulin","floor":14,"turns":6},{"damage":7,"enemies":"The Guardian","floor":16,"turns":10},{"damage":6,"enemies":"Chosen","floor":18,"turns":4},{"damage":0,"enemies":"Spheric Guardian","floor":19,"turns":4},{"damage":8,"enemies":"Gremlin Leader","floor":23,"turns":6},{"damage":0,"enemies":"Centurion and Healer","floor":27,"turns":6},{"damage":0,"enemies":"Sentry and Sphere","floor":29,"turns":5},{"damage":0,"enemies":"Chosen and Byrds","floor":31,"turns":6},{"damage":0,"enemies":"Automaton","floor":33,"turns":9},{"damage":0,"enemies":"Orb Walker","floor":35,"turns":4},{"damage":7,"enemies":"3 Darklings","floor":36,"turns":7},{"damage":0,"enemies":"Writhing Mass","floor":38,"turns":7},{"damage":0,"enemies":"Sphere and 2 Shapes","floor":39,"turns":5},{"damage":8,"enemies":"Reptomancer","floor":40,"turns":6},{"damage":14,"enemies":"Jaw Worm Horde","floor":41,"turns":6},{"damage":0,"enemies":"Nemesis","floor":42,"turns":9},{"damage":34,"enemies":"Reptomancer","floor":44,"turns":7},{"damage":0,"enemies":"4 Shapes","floor":46,"turns":7},{"damage":30,"enemies":"2 Orb Walkers","floor":47,"turns":4}],"seed_played":"1780438826123543333","potions_obtained":[{"floor":1,"key":"Dexterity Potion"},{"floor":7,"key":"CunningPotion"},{"floor":10,"key":"AttackPotion"},{"floor":14,"key":"LiquidMemories"}],"is_trial":false,"path_per_floor":["M","M","?","$","?","E","M","E","T","M","?","E","M","E","R","B",null,"M","M","$","?","?","E","T","R","T","M","R","M","R","M","R","B",null,"M","M","$","M","M","E","M","E","T","E","R","M","?"],"character_chosen":"THE_SILENT","items_purchased":["Noxious Fumes","Peace Pipe","Skewer+1","Happy Flower"],"campfire_rested":1,"item_purchase_floors":[4,20,37,37],"current_hp_per_floor":[63,63,63,63,46,46,45,33,33,33,56,50,50,49,49,42,63,57,57,57,41,41,33,33,33,33,33,33,33,33,33,33,33,66,66,59,59,59,59,51,37,37,37,3,25,25,0,0],"gold":452,"neow_bonus":"THREE_ENEMY_KILL","is_daily":false,"chose_seed":false,"campfire_upgraded":0,"win_rate":0.0,"timestamp":1610591100,"path_taken":["M","M","?","$","?","E","M","E","T","M","?","E","?","E","R","BOSS","M","M","$","?","?","E","?","R","T","M","R","M","R","M","R","BOSS","M","M","$","M","M","E","M","E","T","E","R","M","?"],"items_purchased_type":["Card","Relic","Card","Relic"],"build_version":"2020-12-22","purchased_purges":1,"victory":false,"max_hp_per_floor":[70,70,70,70,70,70,70,70,70,70,70,70,70,70,70,70,70,70,70,70,70,70,70,70,70,70,70,70,70,70,70,70,70,75,75,75,75,75,75,75,75,75,75,75,75,75,75,75],"relic_stats":{"Happy Flower":[17],"Gremlin Horn":[8,8],"counters":[27,142],"Golden Idol":192,"StoneCalendar":[176],"Whetstone":["Strike_G","Poisoned Stab"],"Ginger":[1],"MawBank":144,"Smiling Mask":25,"Sozu":6,"Peace Pipe":0,"Shovel":5,"Sundial":[8],"Tiny Chest":0,"Kunai":[13],"obtain_stats":[{"Ice Cream":9,"Tiny House":34,"Gremlin Horn":42,"Nilry\u0027s Codex":21,"Vajra":23,"StoneCalendar":28,"Whetstone":12,"Ginger":40,"Smiling Mask":32,"Sozu":17,"HornCleat":6,"Shovel":14,"Matryoshka":15,"Sundial":30,"Tiny Chest":26,"Kunai":24,"Ring of the Snake":0,"NeowsBlessing":0,"Happy Flower":37,"Golden Idol":5,"MawBank":25,"Peace Pipe":20,"Anchor":24,"Molten Egg 2":26,"Bottled Lightning":43,"FossilizedHelix":8},{"Ice Cream":5,"Tiny House":17,"Gremlin Horn":24,"Nilry\u0027s Codex":12,"Vajra":13,"StoneCalendar":14,"Whetstone":7,"Ginger":22,"Smiling Mask":16,"Sozu":10,"HornCleat":3,"Shovel":9,"Matryoshka":9,"Sundial":15,"Tiny Chest":13,"Kunai":13,"Ring of the Snake":0,"NeowsBlessing":0,"Happy Flower":19,"Golden Idol":2,"MawBank":13,"Peace Pipe":12,"Anchor":13,"Molten Egg 2":13,"Bottled Lightning":24,"FossilizedHelix":5},{"Ice Cream":10,"Tiny House":80,"Gremlin Horn":124,"Nilry\u0027s Codex":48,"Vajra":54,"StoneCalendar":60,"Whetstone":20,"Ginger":109,"Smiling Mask":71,"Sozu":40,"HornCleat":3,"Shovel":30,"Matryoshka":30,"Sundial":65,"Tiny Chest":54,"Kunai":54,"Ring of the Snake":0,"NeowsBlessing":0,"Happy Flower":91,"Golden Idol":2,"MawBank":54,"Peace Pipe":48,"Anchor":54,"Molten Egg 2":54,"Bottled Lightning":124,"FossilizedHelix":10}],"Ring of the Snake":[54]},"card_choices":[{"not_picked":["PiercingWail","Infinite Blades"],"picked":"Poisoned Stab","floor":1},{"not_picked":["Backflip","Finisher"],"picked":"Poisoned Stab","floor":2},{"not_picked":["Outmaneuver","Flying Knee","Sucker Punch"],"picked":"SKIP","floor":6},{"not_picked":["All Out Attack","Distraction"],"picked":"Backflip","floor":7},{"not_picked":["Flechettes","Dagger Spray"],"picked":"Blur","floor":8},{"not_picked":["Acrobatics","Corpse Explosion","Tactician"],"picked":"SKIP","floor":10},{"not_picked":["Quick Slash","Caltrops"],"picked":"Crippling Poison","floor":12},{"not_picked":["Blade Dance","Outmaneuver"],"picked":"Noxious Fumes","floor":13},{"not_picked":["Masterful Stab","Dagger Throw"],"picked":"Blur","floor":14},{"not_picked":["Blade Dance+1","Sucker Punch"],"picked":"Escape Plan","floor":18},{"not_picked":["Dagger Throw","Cloak And Dagger","Tactician"],"picked":"SKIP","floor":19},{"not_picked":["Slice","Terror"],"picked":"Backflip","floor":23},{"not_picked":["Deflect+1","Quick Slash+1","Outmaneuver"],"picked":"SKIP","floor":27},{"not_picked":["Caltrops+1","Eviscerate+1"],"picked":"Outmaneuver+1","floor":29},{"not_picked":["Dagger Throw+1","Choke+1","All Out Attack+1"],"picked":"SKIP","floor":31},{"not_picked":["Wraith Form v2","Doppelganger"],"picked":"Malaise","floor":33},{"not_picked":["Dagger Throw+1","Flying Knee+1","Leg Sweep+1"],"picked":"SKIP","floor":35},{"not_picked":["All Out Attack+1","Masterful Stab+1"],"picked":"Backflip+1","floor":36},{"not_picked":["Prepared","Reflex"],"picked":"Outmaneuver+1","floor":38},{"not_picked":["After Image","Dash+1","Cloak And Dagger"],"picked":"SKIP","floor":39},{"not_picked":["Deadly Poison+1","Crippling Poison+1"],"picked":"Dodge and Roll","floor":40},{"not_picked":["Setup+1","Terror"],"picked":"Blur+1","floor":41},{"not_picked":["Dagger Throw+1","Slice+1"],"picked":"Catalyst+1","floor":42},{"not_picked":["Sucker Punch+1","Quick Slash+1"],"picked":"Burst","floor":44},{"not_picked":["Riddle With Holes+1","Prepared","Dodge and Roll+1"],"picked":"SKIP","floor":46}],"player_experience":377019,"relics_obtained":[{"floor":6,"key":"HornCleat"},{"floor":8,"key":"FossilizedHelix"},{"floor":9,"key":"Ice Cream"},{"floor":12,"key":"Whetstone"},{"floor":14,"key":"Shovel"},{"floor":15,"key":"Matryoshka"},{"floor":21,"key":"Nilry\u0027s Codex"},{"floor":23,"key":"Vajra"},{"floor":24,"key":"Anchor"},{"floor":24,"key":"Kunai"},{"floor":25,"key":"MawBank"},{"floor":26,"key":"Tiny Chest"},{"floor":26,"key":"Molten Egg 2"},{"floor":28,"key":"StoneCalendar"},{"floor":30,"key":"Sundial"},{"floor":32,"key":"Smiling Mask"},{"floor":40,"key":"Ginger"},{"floor":42,"key":"Gremlin Horn"},{"floor":43,"key":"Bottled Lightning"}],"event_choices":[{"cards_removed":["Strike_G"],"damage_healed":0,"gold_gain":0,"player_choice":"Card Removal","damage_taken":0,"max_hp_gain":0,"max_hp_loss":0,"event_name":"The Cleric","floor":3,"gold_loss":50},{"damage_healed":0,"gold_gain":0,"player_choice":"Take Damage","damage_taken":17,"relics_obtained":["Golden Idol"],"max_hp_gain":0,"max_hp_loss":0,"event_name":"Golden Idol","floor":5,"gold_loss":0},{"damage_healed":23,"gold_gain":0,"player_choice":"Banana","damage_taken":0,"max_hp_gain":0,"max_hp_loss":0,"event_name":"Big Fish","floor":11,"gold_loss":0},{"damage_healed":0,"gold_gain":0,"player_choice":"Obtained Book","damage_taken":16,"max_hp_gain":0,"max_hp_loss":0,"event_name":"Cursed Tome","floor":21,"gold_loss":0},{"damage_healed":0,"gold_gain":0,"player_choice":"Simplicity","damage_taken":0,"max_hp_gain":0,"max_hp_loss":0,"event_name":"Back to Basics","floor":22,"gold_loss":0,"cards_upgraded":["Strike_G","Strike_G","Strike_G","Defend_G","Defend_G","Defend_G","Defend_G","Defend_G"]},{"damage_healed":0,"gold_gain":0,"player_choice":"Fight","damage_taken":0,"max_hp_gain":0,"max_hp_loss":0,"event_name":"Mysterious Sphere","floor":47,"gold_loss":0}],"is_beta":false,"boss_relics":[{"not_picked":["Ectoplasm","Empty Cage"],"picked":"Sozu"},{"not_picked":["Snecko Eye","Pandora\u0027s Box"],"picked":"Tiny House"}],"items_purged_floors":[37],"is_endless":false,"potions_floor_spawned":[1,7,10,14,18,29,33,35,36,39,41,44],"killed_by":"2 Orb Walkers","ascension_level":11}}