{"host":"obplhmlw33xb91v8","time":1610637686,"event":{"mods":["BaseMod","Curses Come First","Evolution","Minty Spire (QoL Compilation)","Quick Restart","Relic Stats","Spicy Shops","StSLib","Uncapped","Waifu the Spire","slay the spire mod where everything is the same but ironclad has a cowboy hat"],"gold_per_floor":[118,45,45,45,45,84,108,144,197,197,213,238,15,40,40,40,40],"floor_reached":16,"language":"ENG","playtime":393,"items_purged":["Regret"],"score":162,"play_id":"72a0c2c3-c7c0-4baf-82d6-f8285391ba0d","local_time":"20210114102126","is_ascension_mode":true,"campfire_choices":[{"floor":15,"key":"REST"}],"circlet_count":0,"master_deck":["Strike_B","Strike_B","Strike_B","Strike_B","Defend_B","Defend_B","Defend_B","Defend_B","Zap","Dualcast","Ball Lightning","Self Repair","Multi-Cast","Cold Snap","Hologram","Fusion","Rip and Tear"],"relics":["Cracked Core","EVO:Axolotl","NeowsBlessing","Golden Idol","Centennial Puzzle","Du-Vu Doll","Calipers","Dream Catcher"],"acts_visited":["Exordium"],"potions_floor_usage":[8,11,16],"damage_taken":[{"damage":0,"enemies":"2 Louse","floor":1,"turns":1},{"damage":0,"enemies":"Gremlin Nob","floor":6,"turns":1},{"damage":0,"enemies":"Jaw Worm","floor":7,"turns":1},{"damage":37,"enemies":"Lagavulin","floor":8,"turns":5},{"damage":2,"enemies":"Small Slimes","floor":11,"turns":2},{"damage":23,"enemies":"Looter","floor":12,"turns":3},{"damage":9,"enemies":"Blue Slaver","floor":14,"turns":3},{"damage":42,"enemies":"The Guardian","floor":16,"turns":7}],"seed_played":"5339557226298412452","potions_obtained":[{"floor":1,"key":"Ancient Potion"},{"floor":7,"key":"Block Potion"},{"floor":12,"key":"SteroidPotion"}],"is_trial":false,"path_per_floor":["M","$","?","?","?","E","M","E","T","?","M","M","$","M","R","B"],"character_chosen":"DEFECT","items_purchased":["Self Repair","Dream Catcher"],"campfire_rested":1,"item_purchase_floors":[2,13],"current_hp_per_floor":[75,75,57,57,57,57,57,27,27,27,32,16,16,14,36,0,0],"gold":40,"neow_bonus":"THREE_ENEMY_KILL","is_daily":false,"chose_seed":false,"campfire_upgraded":0,"win_rate":0.0,"timestamp":1610637686,"path_taken":["M","$","?","?","?","E","M","E","T","?","M","?","$","M","R","BOSS"],"items_purchased_type":["Card","Relic"],"build_version":"2020-12-22","purchased_purges":1,"victory":false,"max_hp_per_floor":[75,75,75,75,75,75,75,75,75,75,75,75,75,75,75,75,75],"relic_stats":{"Centennial Puzzle":[15],"Dream Catcher":1,"counters":[8,23],"Golden Idol":33,"obtain_stats":[{"Du-Vu Doll":6,"Centennial Puzzle":4,"Dream Catcher":13,"Calipers":8,"NeowsBlessing":0,"Golden Idol":3,"EVO:Axolotl":0,"Cracked Core":0},{"Du-Vu Doll":2,"Centennial Puzzle":1,"Dream Catcher":6,"Calipers":4,"NeowsBlessing":0,"Golden Idol":1,"EVO:Axolotl":0,"Cracked Core":0},{"Du-Vu Doll":2,"Centennial Puzzle":1,"Dream Catcher":13,"Calipers":8,"NeowsBlessing":0,"Golden Idol":1,"EVO:Axolotl":0,"Cracked Core":0}]},"card_choices":[{"not_picked":["Redo","Turbo"],"picked":"Ball Lightning","floor":1},{"not_picked":["Rebound","Redo"],"picked":"Multi-Cast","floor":6},{"not_picked":["Redo","Gash","Compile Driver"],"picked":"SKIP","floor":7},{"not_picked":["Beam Cell","Meteor Strike","Barrage"],"picked":"SKIP","floor":8},{"not_picked":["Rebound","Beam Cell"],"picked":"Cold Snap","floor":11},{"not_picked":["Compile Driver","Rebound"],"picked":"Hologram","floor":12},{"not_picked":["Sunder","Blizzard"],"picked":"Fusion","floor":14},{"not_picked":["Static Discharge","Stack"],"picked":"Rip and Tear","floor":15}],"player_experience":190096,"relics_obtained":[{"floor":6,"key":"Du-Vu Doll"},{"floor":8,"key":"Calipers"}],"event_choices":[{"damage_healed":0,"gold_gain":0,"player_choice":"Take Damage","damage_taken":18,"relics_obtained":["Golden Idol"],"max_hp_gain":0,"max_hp_loss":0,"event_name":"Golden Idol","floor":3,"gold_loss":0},{"damage_healed":0,"gold_gain":0,"player_choice":"Box","damage_taken":0,"relics_obtained":["Centennial Puzzle"],"max_hp_gain":0,"max_hp_loss":0,"event_name":"Big Fish","floor":4,"gold_loss":0,"cards_obtained":["Regret"]},{"damage_healed":0,"gold_gain":0,"player_choice":"Ignored","damage_taken":0,"max_hp_gain":0,"max_hp_loss":0,"event_name":"Liars Game","floor":5,"gold_loss":0},{"damage_healed":0,"gold_gain":0,"player_choice":"Ignored","damage_taken":0,"max_hp_gain":0,"max_hp_loss":0,"event_name":"Shining Light","floor":10,"gold_loss":0}],"is_beta":false,"boss_relics":[],"items_purged_floors":[13],"is_endless":false,"potions_floor_spawned":[1,7,12],"killed_by":"The Guardian","ascension_level":4}}