{"host":"sc0o2qwpf9j16a4i","time":1610643817,"event":{"mods":["AchievementEnabler","BaseMod","BetterRewards","Block Reminder","Colored Map","Colored Powertips","Custom Start","Highlight Path","Minty Spire (QoL Compilation)","Relic Stats"],"gold_per_floor":[113,127,144,144,144,176,176,507,507,242,253,264,298,311,311,388,388,404,420,440,466,466,466,237,266,314,314,220,145,164,197,197,273,273,285,285,304,319,187,212,212,244,244,254,254,31,65,78,78,78,78,78,78,1,31,31],"floor_reached":57,"language":"ENG","playtime":2164,"items_purged":["Strike_R","Strike_R","Strike_R+1","Strike_R+1"],"score":4075,"play_id":"dd189ad9-296c-4312-9245-6202d2005307","local_time":"20210114190337","is_ascension_mode":true,"campfire_choices":[{"data":"Apotheosis","floor":7,"key":"SMITH"},{"data":"1","floor":15,"key":"LIFT"},{"data":"2","floor":23,"key":"LIFT"},{"data":"3","floor":27,"key":"LIFT"},{"floor":32,"key":"REST"},{"floor":45,"key":"RECALL"},{"floor":49,"key":"REST"},{"floor":53,"key":"REST"}],"circlet_count":0,"master_deck":["AscendersBane","Defend_R+1","Defend_R+1","Defend_R+1","Defend_R+1","Bash","Evolve","Feel No Pain","Inflame","Apotheosis+1","Body Slam","Pummel","Whirlwind","Flame Barrier","Burning Pact","Reaper+1","Battle Trance","Sentinel","Fiend Fire","Clothesline+1","Dark Embrace","Inflame","Barricade","Dual Wield","Heavy Blade+1","Feed","True Grit","Uppercut+1","True Grit","True Grit+1","Feel No Pain+1","Shrug It Off+1","Metallicize+1","Inflame+1","Impervious"],"relics":["Burning Blood","Mummified Hand","Chemical X","Happy Flower","Mercury Hourglass","Omamori","Dream Catcher","Sling","Mango","ClockworkSouvenir","Eternal Feather","Blood Vial","Question Card","Old Coin","Girya","Oddly Smooth Stone","Vajra","Snecko Eye","Red Mask","Membership Card","InkBottle","Bag of Marbles","Whetstone","SlaversCollar","White Beast Statue","Frozen Egg 2","Gremlin Horn","Bottled Tornado","OrangePellets","Centennial Puzzle","Toy Ornithopter"],"acts_visited":["Exordium","TheCity","TheBeyond","TheEnding"],"potions_floor_usage":[8,11,16,21,33,42,50,56,56],"damage_taken":[{"damage":13,"enemies":"2 Louse","floor":1,"turns":2},{"damage":0,"enemies":"Small Slimes","floor":2,"turns":1},{"damage":0,"enemies":"Cultist","floor":3,"turns":3},{"damage":8,"enemies":"Gremlin Nob","floor":6,"turns":3},{"damage":16,"enemies":"Lagavulin","floor":8,"turns":5},{"damage":0,"enemies":"Gremlin Gang","floor":11,"turns":3},{"damage":11,"enemies":"Exordium Thugs","floor":12,"turns":3},{"damage":11,"enemies":"Gremlin Nob","floor":13,"turns":3},{"damage":0,"enemies":"2 Fungi Beasts","floor":14,"turns":2},{"damage":0,"enemies":"Slime Boss","floor":16,"turns":3},{"damage":0,"enemies":"3 Byrds","floor":18,"turns":1},{"damage":0,"enemies":"Spheric Guardian","floor":19,"turns":1},{"damage":0,"enemies":"Snake Plant","floor":20,"turns":2},{"damage":0,"enemies":"Masked Bandits","floor":21,"turns":2},{"damage":0,"enemies":"Gremlin Leader","floor":25,"turns":2},{"damage":0,"enemies":"Sentry and Sphere","floor":30,"turns":3},{"damage":0,"enemies":"Book of Stabbing","floor":31,"turns":2},{"damage":0,"enemies":"Automaton","floor":33,"turns":3},{"damage":0,"enemies":"3 Shapes","floor":35,"turns":5},{"damage":0,"enemies":"3 Darklings","floor":37,"turns":2},{"damage":0,"enemies":"Jaw Worm Horde","floor":38,"turns":2},{"damage":16,"enemies":"Reptomancer","floor":40,"turns":3},{"damage":0,"enemies":"Giant Head","floor":42,"turns":3},{"damage":10,"enemies":"Spire Growth","floor":44,"turns":3},{"damage":2,"enemies":"Nemesis","floor":47,"turns":3},{"damage":0,"enemies":"4 Shapes","floor":48,"turns":4},{"damage":0,"enemies":"Time Eater","floor":50,"turns":6},{"damage":3,"enemies":"Donu and Deca","floor":51,"turns":7},{"damage":48,"enemies":"Shield and Spear","floor":55,"turns":5},{"damage":12,"enemies":"The Heart","floor":56,"turns":9}],"seed_played":"5923587108652272347","potions_obtained":[{"floor":2,"key":"BlessingOfTheForge"},{"floor":6,"key":"DistilledChaos"},{"floor":11,"key":"ColorlessPotion"},{"floor":12,"key":"AttackPotion"},{"floor":14,"key":"LiquidMemories"},{"floor":16,"key":"SpeedPotion"},{"floor":30,"key":"FearPotion"},{"floor":35,"key":"Strength Potion"},{"floor":38,"key":"AttackPotion"},{"floor":42,"key":"CultistPotion"},{"floor":55,"key":"ColorlessPotion"}],"is_trial":false,"path_per_floor":["M","M","M","?","?","E","R","E","T","$","M","M","E","M","R","B",null,"M","M","M","?","?","R","$","E","T","R","$","?","M","E","R","B",null,"M","?","M","M","$","E","?","E","T","M","R","$","E","M","R","B","B",null,"R","$","E","B",null],"character_chosen":"IRONCLAD","items_purchased":["Mummified Hand","Evolve","Chemical X","Feel No Pain","Inflame","Happy Flower","Mercury Hourglass","Omamori","Dream Catcher","Whirlwind","Sling","Mango","ClockworkSouvenir","Eternal Feather","Apotheosis","Blood Vial","Oddly Smooth Stone","Membership Card","Dual Wield","White Beast Statue","Bottled Tornado","OrangePellets","Impervious"],"campfire_rested":3,"item_purchase_floors":[0,0,0,0,0,0,0,0,0,0,0,0,0,0,0,0,10,24,28,39,46,46,54],"current_hp_per_floor":[30,38,46,46,46,46,55,47,47,47,55,64,61,69,81,89,89,89,89,89,89,89,89,89,89,89,89,89,89,89,89,89,89,89,93,93,96,96,96,86,86,94,94,90,94,94,98,106,106,106,106,106,106,106,64,95],"gold":31,"neow_bonus":"","is_daily":false,"chose_seed":false,"campfire_upgraded":1,"win_rate":0.0,"timestamp":1610643817,"path_taken":["M","M","M","?","?","E","R","E","T","$","?","M","E","M","R","BOSS","M","M","?","?","?","R","$","E","T","R","$","?","M","E","R","BOSS","M","?","M","M","$","E","?","E","T","M","R","$","E","M","R","BOSS","BOSS","R","$","E","BOSS"],"items_purchased_type":["Relic","Card","Relic","Card","Card","Relic","Relic","Relic","Relic","Card","Relic","Relic","Relic","Relic","Card","Relic","Relic","Relic","Card","Relic","Relic","Relic","Card"],"build_version":"2020-12-22","purchased_purges":4,"victory":true,"max_hp_per_floor":[89,89,89,89,89,89,89,89,89,89,89,89,89,89,89,89,89,89,89,89,89,89,89,89,89,89,89,89,89,89,89,89,89,89,93,93,96,96,96,96,91,94,94,94,94,94,98,106,106,106,106,106,106,106,106,106],"relic_stats":{"Happy Flower":[53],"Gremlin Horn":[20,21],"counters":[115,540],"Eternal Feather":31,"Whetstone":["Clothesline","Reaper"],"Question Card":77,"Burning Blood":475,"Mercury Hourglass":[878],"Blood Vial":93,"OrangePellets":[34],"Dream Catcher":3,"Centennial Puzzle":[15],"Mummified Hand":[189],"Snecko Eye":[295,298,302,281],"Chemical X":[36],"obtain_stats":[{"Ice Cream":44,"Calipers":46,"Gremlin Horn":9,"Vajra":13,"Whetstone":31,"Bottled Tornado":12,"Boot":9,"Sling":0,"Old Coin":28,"Blood Vial":23,"Centennial Puzzle":47,"HornCleat":44,"Strawberry":0,"Philosopher\u0027s Stone":17,"Fusion Hammer":34,"Girya":9,"Happy Flower":0,"Dead Branch":0,"Oddly Smooth Stone":43,"Eternal Feather":21,"Pen Nib":55,"Question Card":0,"Akabeko":0,"SlaversCollar":34,"OrangePellets":46,"Bird Faced Urn":55,"Snecko Eye":17,"Molten Egg 2":26,"Pandora\u0027s Box":34,"Meat on the Bone":3,"Regal Pillow":24,"Lantern":29,"StoneCalendar":36,"Mango":0,"Bag of Preparation":20,"Cursed Key":17,"Ancient Tea Set":0,"Burning Blood":0,"ClockworkSouvenir":21,"Dream Catcher":7,"Mummified Hand":0,"Gambling Chip":0,"Pantograph":41,"Toolbox":54,"Tiny Chest":23,"Red Mask":20,"Chemical X":54,"Red Skull":9,"InkBottle":25,"Paper Frog":54,"Potion Belt":10,"PreservedInsect":9,"Omamori":0,"Frozen Egg 2":6,"Orichalcum":10,"MawBank":41,"White Beast Statue":0,"Mercury Hourglass":30,"Anchor":26,"Turnip":0,"Coffee Dripper":17,"Bag of Marbles":47,"Membership Card":20,"Champion Belt":39,"FossilizedHelix":7,"TungstenRod":54,"Toy Ornithopter":55},{"Ice Cream":50,"Calipers":51,"Gremlin Horn":19,"Vajra":93,"Whetstone":102,"Bottled Tornado":20,"Boot":34,"Sling":57,"Old Coin":70,"Blood Vial":13,"Centennial Puzzle":110,"HornCleat":78,"Strawberry":57,"Philosopher\u0027s Stone":38,"Fusion Hammer":45,"Girya":90,"Happy Flower":85,"Dead Branch":57,"Oddly Smooth Stone":49,"Eternal Feather":66,"Pen Nib":56,"Question Card":29,"Akabeko":57,"SlaversCollar":103,"OrangePellets":109,"Bird Faced Urn":84,"Snecko Eye":64,"Molten Egg 2":69,"Pandora\u0027s Box":73,"Meat on the Bone":2,"Regal Pillow":25,"Lantern":44,"StoneCalendar":75,"Mango":85,"Bag of Preparation":39,"Cursed Key":22,"Ancient Tea Set":57,"Burning Blood":0,"ClockworkSouvenir":24,"Dream Catcher":4,"Mummified Hand":85,"Gambling Chip":57,"Pantograph":76,"Toolbox":55,"Tiny Chest":41,"Red Mask":66,"Chemical X":83,"Red Skull":62,"InkBottle":100,"Paper Frog":83,"Potion Belt":6,"PreservedInsect":5,"Omamori":85,"Frozen Egg 2":33,"Orichalcum":35,"MawBank":49,"White Beast Statue":14,"Mercury Hourglass":27,"Anchor":43,"Turnip":57,"Coffee Dripper":9,"Bag of Marbles":52,"Membership Card":39,"Champion Belt":48,"FossilizedHelix":18,"TungstenRod":83,"Toy Ornithopter":114},{"Ice Cream":273,"Calipers":279,"Gremlin Horn":92,"Vajra":467,"Whetstone":485,"Bottled Tornado":96,"Boot":175,"Sling":324,"Old Coin":363,"Blood Vial":62,"Centennial Puzzle":509,"HornCleat":397,"Strawberry":324,"Philosopher\u0027s Stone":203,"Fusion Hammer":252,"Girya":458,"Happy Flower":444,"Dead Branch":324,"Oddly Smooth Stone":268,"Eternal Feather":353,"Pen Nib":314,"Question Card":151,"Akabeko":324,"SlaversCollar":488,"OrangePellets":506,"Bird Faced Urn":434,"Snecko Eye":348,"Molten Egg 2":361,"Pandora\u0027s Box":379,"Meat on the Bone":9,"Regal Pillow":121,"Lantern":241,"StoneCalendar":382,"Mango":444,"Bag of Preparation":208,"Cursed Key":111,"Ancient Tea Set":324,"Burning Blood":0,"ClockworkSouvenir":117,"Dream Catcher":20,"Mummified Hand":444,"Gambling Chip":324,"Pantograph":389,"Toolbox":305,"Tiny Chest":221,"Red Mask":353,"Chemical X":432,"Red Skull":339,"InkBottle":480,"Paper Frog":432,"Potion Belt":26,"PreservedInsect":24,"Omamori":444,"Frozen Egg 2":169,"Orichalcum":181,"MawBank":268,"White Beast Statue":66,"Mercury Hourglass":133,"Anchor":236,"Turnip":324,"Coffee Dripper":48,"Bag of Marbles":284,"Membership Card":208,"Champion Belt":263,"FossilizedHelix":88,"TungstenRod":432,"Toy Ornithopter":531}],"InkBottle":[28],"Toy Ornithopter":34},"card_choices":[{"not_picked":["Carnage","Bloodletting"],"picked":"Body Slam","floor":1},{"not_picked":["Clash","Flex","Pummel"],"picked":"SKIP","floor":2},{"not_picked":["Clash","Flex"],"picked":"Pummel","floor":2},{"not_picked":["Body Slam","Armaments","Reckless Charge"],"picked":"SKIP","floor":3},{"not_picked":["Perfected Strike","Armaments"],"picked":"Flame Barrier","floor":6},{"not_picked":["Cleave","Thunderclap","Dropkick"],"picked":"Burning Pact","floor":8},{"not_picked":["Twin Strike","Flex","Bloodletting"],"picked":"Reaper","floor":11},{"not_picked":["Clothesline","Armaments","Uppercut"],"picked":"Battle Trance","floor":12},{"not_picked":["Iron Wave","Pommel Strike","Headbutt"],"picked":"Sentinel","floor":13},{"not_picked":["Armaments","Flame Barrier","Heavy Blade","Hemokinesis"],"picked":"SKIP","floor":14},{"not_picked":["Offering","Brutality","Reaper"],"picked":"Fiend Fire","floor":16},{"not_picked":["Clash","Cleave","Flex"],"picked":"Clothesline","floor":18},{"not_picked":["Cleave","Iron Wave","Flex"],"picked":"Dark Embrace","floor":19},{"not_picked":["Thunderclap","Fire Breathing","Clothesline"],"picked":"Inflame","floor":20},{"not_picked":["Body Slam","Cleave","Heavy Blade"],"picked":"Barricade","floor":21},{"not_picked":["Berserk","Headbutt","Intimidate","Rampage"],"picked":"SKIP","floor":25},{"not_picked":["Warcry","Fire Breathing","Heavy Blade+1","Cleave"],"picked":"SKIP","floor":30},{"not_picked":["Warcry","Fire Breathing","Cleave"],"picked":"Heavy Blade+1","floor":30},{"not_picked":["Carnage","Havoc","Perfected Strike"],"picked":"Feed","floor":31},{"not_picked":["Fiend Fire","Feed","Reaper"],"picked":"Limit Break","floor":33},{"not_picked":["Body Slam","Rampage","Wild Strike"],"picked":"True Grit","floor":35},{"not_picked":["Headbutt","Armaments","Flex+1"],"picked":"Uppercut+1","floor":37},{"not_picked":["Dark Embrace","Wild Strike+1","Fire Breathing"],"picked":"True Grit","floor":38},{"not_picked":["Rampage","Barricade+1","Perfected Strike"],"picked":"True Grit+1","floor":40},{"not_picked":["Double Tap","Perfected Strike","Clothesline+1"],"picked":"Feel No Pain+1","floor":42},{"not_picked":["Body Slam","Fire Breathing+1","Clash"],"picked":"Shrug It Off+1","floor":44},{"not_picked":["Spot Weakness","Thunderclap","Fiend Fire"],"picked":"Metallicize+1","floor":47},{"not_picked":["Perfected Strike","Headbutt","Clash"],"picked":"Inflame+1","floor":48},{"not_picked":["Warcry","Pummel+1","Infernal Blade","Double Tap"],"picked":"SKIP","floor":55}],"player_experience":624876,"relics_obtained":[{"floor":6,"key":"Question Card"},{"floor":8,"key":"Old Coin"},{"floor":9,"key":"Girya"},{"floor":13,"key":"Vajra"},{"floor":21,"key":"Red Mask"},{"floor":25,"key":"InkBottle"},{"floor":26,"key":"Bag of Marbles"},{"floor":31,"key":"Whetstone"},{"floor":40,"key":"Frozen Egg 2"},{"floor":42,"key":"Gremlin Horn"},{"floor":47,"key":"Centennial Puzzle"},{"floor":55,"key":"Toy Ornithopter"}],"event_choices":[{"damage_healed":0,"gold_gain":0,"player_choice":"Ignored","damage_taken":0,"max_hp_gain":0,"max_hp_loss":0,"event_name":"Liars Game","floor":4,"gold_loss":0},{"damage_healed":0,"gold_gain":0,"cards_transformed":["Strike_R"],"player_choice":"Transformed","damage_taken":0,"max_hp_gain":0,"max_hp_loss":0,"event_name":"Transmorgrifier","floor":5,"gold_loss":0,"cards_obtained":["Whirlwind"]},{"damage_healed":0,"gold_gain":0,"player_choice":"Fought Bandits","damage_taken":0,"max_hp_gain":0,"max_hp_loss":0,"event_name":"Masked Bandits","floor":21,"gold_loss":0},{"damage_healed":0,"gold_gain":0,"player_choice":"Simplicity","damage_taken":0,"max_hp_gain":0,"max_hp_loss":0,"event_name":"Back to Basics","floor":22,"gold_loss":0,"cards_upgraded":["Strike_R","Strike_R","Defend_R","Defend_R","Defend_R","Defend_R"]},{"cards_removed":["Whirlwind"],"damage_healed":0,"gold_gain":0,"player_choice":"Gave Gold","damage_taken":0,"max_hp_gain":0,"max_hp_loss":0,"event_name":"Beggar","floor":29,"gold_loss":75},{"cards_removed":["Limit Break"],"damage_healed":0,"gold_gain":0,"player_choice":"Removed Skill","damage_taken":0,"max_hp_gain":0,"max_hp_loss":0,"event_name":"Falling","floor":36,"gold_loss":0},{"damage_healed":0,"gold_gain":0,"player_choice":"Max HP","damage_taken":0,"max_hp_gain":0,"max_hp_loss":5,"event_name":"Winding Halls","floor":41,"gold_loss":0}],"is_beta":false,"boss_relics":[{"not_picked":["Runic Cube","Sozu"],"picked":"Snecko Eye"},{"not_picked":["Runic Pyramid","Black Blood"],"picked":"SlaversCollar"}],"items_purged_floors":[0,10,24,28],"is_endless":false,"potions_floor_spawned":[2,6,11,12,14,16,19,30,31,35,38,40,42,44,47,48,55],"ascension_level":20}}