{"host":"2hea6pl5vmah38iy","time":1610600394,"event":{"mods":["AchievementEnabler","BaseMod","Colored Map","DeckTracker","Keyboard Shortcuts","Minty Spire (QoL Compilation)","Rare Cards Sparkle","StSLib","SuperFastMode","everything is the same but u backflip on backflip"],"gold_per_floor":[17,30,40,40,60,60,94,107,133,145,33,33,53,66,66,140,140,181,181,38,76,76,76,76,101,101,101,101,161,161,161],"floor_reached":30,"language":"KOR","playtime":1276,"items_purged":["Strike_P"],"score":473,"play_id":"b8f88b3c-e8f5-4343-bd6c-3b7936fdcd4b","local_time":"20210114135954","is_ascension_mode":true,"campfire_choices":[{"data":"PathToVictory","floor":6.0,"key":"SMITH"},{"data":"Eruption","floor":12.0,"key":"SMITH"},{"data":"MentalFortress","floor":15.0,"key":"SMITH"},{"floor":23,"key":"REST"},{"floor":28,"key":"REST"}],"circlet_count":0,"master_deck":["AscendersBane","Strike_P","Strike_P","Defend_P","Defend_P+1","Defend_P+1","Eruption+1","Vigilance","PathToVictory+1","CutThroughFate","EmptyFist","PathToVictory","Perseverance","PathToVictory","MentalFortress+1","JustLucky","Prostrate","Wish","TalkToTheHand","ClearTheMind","EmptyMind"],"relics":["PureWater","GoldenEye","War Paint","Damaru","Sozu","Enchiridion","Membership Card","Smiling Mask","Frozen Egg 2","Dream Catcher","Potion Belt"],"acts_visited":["Exordium","TheCity"],"potions_floor_usage":[],"damage_taken":[{"damage":7.0,"enemies":"Small Slimes","floor":1.0,"turns":4.0},{"damage":0.0,"enemies":"Cultist","floor":2.0,"turns":4.0},{"damage":2.0,"enemies":"Jaw Worm","floor":3.0,"turns":3.0},{"damage":9.0,"enemies":"3 Louse","floor":5.0,"turns":4.0},{"damage":7.0,"enemies":"Lagavulin","floor":7.0,"turns":4.0},{"damage":3.0,"enemies":"Looter","floor":8.0,"turns":2.0},{"damage":0.0,"enemies":"Large Slime","floor":10.0,"turns":3.0},{"damage":9.0,"enemies":"Exordium Thugs","floor":13.0,"turns":3.0},{"damage":5.0,"enemies":"3 Louse","floor":14.0,"turns":3.0},{"damage":13.0,"enemies":"The Guardian","floor":16.0,"turns":6.0},{"damage":21.0,"enemies":"Spheric Guardian","floor":18.0,"turns":4.0},{"damage":2,"enemies":"3 Byrds","floor":21,"turns":6},{"damage":16,"enemies":"Book of Stabbing","floor":25,"turns":5},{"damage":25,"enemies":"Slavers","floor":29,"turns":6},{"damage":9,"enemies":"Snake Plant","floor":30,"turns":2}],"seed_played":"3207734069878249566","potions_obtained":[{"floor":1.0,"key":"Swift Potion"},{"floor":2.0,"key":"PowerPotion"},{"floor":8.0,"key":"Block Potion"}],"is_trial":false,"path_per_floor":["M","M","M","?","M","R","E","M","T","M","$","R","M","M","R","B",null,"M","?","$","M","?","R","?","E","T","T","R","E","M"],"character_chosen":"WATCHER","items_purchased":["MentalFortress","Membership Card"],"campfire_rested":2,"item_purchase_floors":[11,20],"current_hp_per_floor":[54,54,52,52,43,43,36,33,33,33,33,33,24,19,19,6,53,32,11,11,9,9,29,29,13,13,13,33,8,0,0],"gold":161,"neow_bonus":"ONE_RARE_RELIC","is_daily":false,"chose_seed":false,"campfire_upgraded":3,"win_rate":0.0,"timestamp":1610600394,"path_taken":["M","M","M","?","?","R","E","M","T","M","$","R","M","M","R","BOSS","M","?","$","M","?","R","?","E","T","?","R","E","M"],"items_purchased_type":["Card","Relic"],"build_version":"2020-12-22","purchased_purges":1,"victory":false,"max_hp_per_floor":[68,68,68,68,68,68,68,68,68,68,68,68,68,68,68,68,68,68,68,68,68,68,68,68,68,68,68,68,68,68,68],"card_choices":[{"not_picked":["Indignation","CarveReality"],"picked":"PathToVictory","floor":1.0},{"not_picked":["Tantrum","BowlingBash"],"picked":"CutThroughFate","floor":2.0},{"not_picked":["CutThroughFate","CarveReality","Crescendo"],"picked":"SKIP","floor":3.0},{"not_picked":["FlurryOfBlows","Pray"],"picked":"EmptyFist","floor":5.0},{"not_picked":["ThirdEye","ConjureBlade"],"picked":"PathToVictory","floor":7.0},{"not_picked":["ClearTheMind","Evaluate"],"picked":"Perseverance","floor":8.0},{"not_picked":["Study","EmptyMind"],"picked":"PathToVictory","floor":10.0},{"not_picked":["FlyingSleeves","FlurryOfBlows"],"picked":"JustLucky","floor":13.0},{"not_picked":["WreathOfFlame","WindmillStrike"],"picked":"Prostrate","floor":14.0},{"not_picked":["Establishment","Alpha"],"picked":"Wish","floor":16.0},{"not_picked":["FollowUp","Halt","Study"],"picked":"SKIP","floor":18.0},{"not_picked":["EmptyBody","Consecrate","FlurryOfBlows"],"picked":"SKIP","floor":21},{"not_picked":["JustLucky","EmptyFist+1"],"picked":"EmptyMind","floor":25},{"not_picked":["Swivel","EmptyFist","SignatureMove"],"picked":"SKIP","floor":29}],"player_experience":476701,"relics_obtained":[{"floor":7.0,"key":"War Paint"},{"floor":9.0,"key":"Damaru"},{"floor":19.0,"key":"Enchiridion"},{"floor":25,"key":"Smiling Mask"},{"floor":26,"key":"Frozen Egg 2"},{"floor":27,"key":"Dream Catcher"},{"floor":29,"key":"Potion Belt"}],"event_choices":[{"damage_healed":0.0,"max_hp_gain":0.0,"max_hp_loss":0.0,"gold_gain":0.0,"event_name":"Match and Keep!","player_choice":"0 cards matched","floor":4.0,"gold_loss":0.0,"damage_taken":0.0,"cards_obtained":[]},{"damage_healed":0.0,"max_hp_gain":0.0,"max_hp_loss":0.0,"gold_gain":0.0,"event_name":"Cursed Tome","player_choice":"Obtained Book","floor":19.0,"gold_loss":0.0,"damage_taken":21.0},{"damage_healed":0,"gold_gain":0,"cards_transformed":["Strike_P","Defend_P"],"player_choice":"Became Test Subject","damage_taken":0,"max_hp_gain":0,"max_hp_loss":0,"event_name":"Drug Dealer","floor":22,"gold_loss":0,"cards_obtained":["TalkToTheHand","ClearTheMind"]},{"damage_healed":0,"gold_gain":0,"player_choice":"Ignored","damage_taken":0,"max_hp_gain":0,"max_hp_loss":0,"event_name":"Vampires","floor":24,"gold_loss":0}],"is_beta":false,"boss_relics":[{"not_picked":["Pandora\u0027s Box","Coffee Dripper"],"picked":"Sozu"}],"items_purged_floors":[11],"is_endless":false,"potions_floor_spawned":[1,2,8,25],"killed_by":"Snake Plant","ascension_level":15}}