{"host":"kabf61oc9jgfwufg","time":1610637087,"event":{"mods":["AchievementEnabler","Act Like it!","Aspiration","BaseMod","Conspire","GifTheSpireLib","Halation","HexUI Lib","Hubris","Infinite Spire","Melee Mod","Minty Spire (QoL Compilation)","Quick Restart","Rare Cards Sparkle","Replay The Spire","Shop Mod","StSLib","Waifu the Spire"],"gold_per_floor":[111,144,144,16,34,65,85,116,116,16,48,71,100,114,114,210,210,226,237,237,256,270,270,287,321,333,361,472,75,75,75],"floor_reached":30,"language":"ENG","playtime":1090,"items_purged":["Strike_P","Defend_P","Defend_P"],"score":424,"play_id":"0a1bff12-8896-43d8-be94-1d5dd2e90b02","local_time":"20210114151127","is_ascension_mode":true,"campfire_choices":[{"floor":15,"key":"REST"},{"floor":23,"key":"DIG"}],"circlet_count":0,"master_deck":["Strike_P","Strike_P","Strike_P","Defend_P","Eruption","Vigilance","ConjureBlade","TalkToTheHand","FollowUp","BattleHymn","Judgement","Protect","FollowUp","DevaForm","FearNoEvil","hubris:InfiniteBlow+1","InnerPeace"],"relics":["PureWater","Strawberry","StrikeDummy","Garlic","ReplayTheSpireMod:Lightbulb","hubris:AstralHammer","Lantern","Shovel","Empty Cage","aspiration:SneckoTail","Pear","MawBank","infinitespire:BottledMercury","Replay:Ringing Soul","ClockworkSouvenir"],"acts_visited":["Exordium","TheCity"],"potions_floor_usage":[6,11,13,19,27,30],"damage_taken":[{"damage":0,"enemies":"conspire:RoseBush","floor":1,"turns":5},{"damage":34,"enemies":"conspire:MimicChest","floor":2,"turns":3},{"damage":6,"enemies":"2 Louse","floor":5,"turns":2},{"damage":0,"enemies":"Gremlin Nob","floor":6,"turns":3},{"damage":0,"enemies":"Cultist","floor":7,"turns":2},{"damage":5,"enemies":"Replay:BlueRogue","floor":8,"turns":5},{"damage":9,"enemies":"Gremlin Nob","floor":11,"turns":3},{"damage":10,"enemies":"3 Sentries","floor":13,"turns":5},{"damage":0,"enemies":"Looter","floor":14,"turns":2},{"damage":0,"enemies":"Slime Boss","floor":16,"turns":3},{"damage":37,"enemies":"conspire:FuzzyDice","floor":18,"turns":4},{"damage":0,"enemies":"Shell Parasite","floor":19,"turns":1},{"damage":20,"enemies":"Centurion and Healer","floor":21,"turns":4},{"damage":8,"enemies":"3 Cultists","floor":22,"turns":4},{"damage":3,"enemies":"conspire:HollyBat","floor":24,"turns":7},{"damage":0,"enemies":"conspire:Head Lice","floor":25,"turns":10},{"damage":20,"enemies":"Centurion and Healer","floor":27,"turns":5},{"damage":0,"enemies":"Slavers","floor":30,"turns":1}],"seed_played":"7197357238078114969","potions_obtained":[{"floor":2,"key":"Cursed Concoction"},{"floor":7,"key":"Cursed Concoction"},{"floor":8,"key":"Strength Potion"},{"floor":16,"key":"Reflective Coating"},{"floor":18,"key":"DistilledChaos"},{"floor":25,"key":"GamblersBrew"}],"is_trial":false,"path_per_floor":["M","?","?","$","M","E","M","E","T","$","E","T","E","M","R","B",null,"M","M","AVR","M","M","R","M","E","T","M","?","$","E"],"character_chosen":"WATCHER","items_purchased":["FollowUp","Replay:Ringing Soul","ClockworkSouvenir"],"campfire_rested":1,"item_purchase_floors":[4,29,29],"current_hp_per_floor":[51,24,32,32,26,26,26,21,21,21,12,12,2,2,25,25,79,42,42,42,22,14,24,21,21,21,1,1,1,1,1],"gold":75,"neow_bonus":"THREE_RARE_CARDS","is_daily":false,"chose_seed":false,"campfire_upgraded":0,"win_rate":0.0,"timestamp":1610637087,"path_taken":["M","?","?","$","M","E","M","E","T","$","E","?","E","M","R","BOSS","M","M","AVR","?","M","R","M","E","T","M","?","$","E"],"items_purchased_type":["Card","Relic","Relic"],"build_version":"2020-12-22","purchased_purges":3,"victory":false,"max_hp_per_floor":[72,79,79,79,79,79,79,79,79,79,79,79,79,79,79,79,79,79,79,79,79,79,89,89,89,89,89,89,89,89,89],"card_choices":[{"not_picked":["Devotion","Replay:AllIn"],"picked":"ConjureBlade","floor":0},{"not_picked":["ClearTheMind","BowlingBash"],"picked":"TalkToTheHand","floor":1},{"not_picked":["FlyingSleeves","Replay:AtTheReady"],"picked":"FlurryOfBlows","floor":2},{"not_picked":["Wallop","EmptyBody","ThirdEye"],"picked":"SKIP","floor":5},{"not_picked":["Halt","Evaluate","EmptyBody"],"picked":"SKIP","floor":6},{"not_picked":["Replay:ManipulateFuture","Consecrate"],"picked":"BattleHymn","floor":7},{"not_picked":["FlyingSleeves","Replay:Anticipation"],"picked":"Judgement","floor":8},{"not_picked":["Prostrate","Replay:Anticipation","Fasting2"],"picked":"SKIP","floor":11},{"not_picked":["CutThroughFate","Fasting2"],"picked":"Protect","floor":13},{"not_picked":["Crescendo","Swivel"],"picked":"FollowUp","floor":14},{"not_picked":["Judgement","LessonLearned"],"picked":"DevaForm","floor":16},{"not_picked":["Replay:Hum","Replay:ManipulateFuture+1","ClearTheMind+1"],"picked":"SKIP","floor":18},{"not_picked":["PathToVictory","MentalFortress+1"],"picked":"FearNoEvil","floor":19},{"not_picked":["BowlingBash+1","ClearTheMind","ThirdEye"],"picked":"SKIP","floor":21},{"not_picked":["Evaluate+1","Wireheading","BattleHymn"],"picked":"SKIP","floor":22},{"not_picked":["BattleHymn","BowlingBash","Conclude"],"picked":"SKIP","floor":24},{"not_picked":["Weave","Vault"],"picked":"InnerPeace","floor":25},{"not_picked":["SashWhip","BowlingBash+1","PathToVictory"],"picked":"SKIP","floor":27}],"player_experience":100252,"relics_obtained":[{"floor":2,"key":"Strawberry"},{"floor":6,"key":"StrikeDummy"},{"floor":8,"key":"Garlic"},{"floor":9,"key":"ReplayTheSpireMod:Lightbulb"},{"floor":11,"key":"hubris:AstralHammer"},{"floor":12,"key":"Lantern"},{"floor":13,"key":"Shovel"},{"floor":23,"key":"Pear"},{"floor":25,"key":"MawBank"},{"floor":26,"key":"infinitespire:BottledMercury"}],"event_choices":[{"damage_healed":0,"gold_gain":99,"player_choice":"Stole From Cult","damage_taken":0,"max_hp_gain":0,"max_hp_loss":0,"event_name":"Nest","floor":28,"gold_loss":0}],"is_beta":false,"boss_relics":[{"not_picked":["ReplayTheSpireMod:SealedPack","hubris:RunicObelisk"],"picked":"Empty Cage"}],"items_purged_floors":[4,10,20],"is_endless":false,"potions_floor_spawned":[2,7,8,16,18,25],"killed_by":"Slavers","ascension_level":1}}