{"host":"khkox7sggahain0a","time":1610613836,"event":{"mods":["Act Like it!","Arknights The Spire","BaseMod","Downfall","Gensokyo","Lobotomy","LobotomyExtend","Marisa£®ÏF”Í°°ƒß¿Ì…≥£©","Minty Spire (QoL Compilation)","Quick Restart","StSLib","The Animator","Waifu the Spire"],"gold_per_floor":[273,287,237,248,262,290,290,308,308,319,329,349,365,32,32,135,135,148,148,1,1,13,13,26,26,26,26,244,494,494,520,520,622,622,640,640,267,284,300,332,332,332,414,427,439,439,474,498,498,498],"floor_reached":51,"language":"ZHS","playtime":4667,"items_purged":["ats:Strike G","ats:Ambush"],"score":831,"play_id":"40299ad3-a140-4033-92c0-7ea3e9f3e168","local_time":"20210114164356","is_ascension_mode":false,"campfire_choices":[{"data":"ats:Flame Of Heaven","floor":7.0,"key":"SMITH"},{"floor":15.0,"key":"DIG"},{"floor":23.0,"key":"DIG"},{"floor":25.0,"key":"DIG"},{"floor":27.0,"key":"DIG"},{"floor":32.0,"key":"DIG"},{"floor":42.0,"key":"DIG"},{"floor":49.0,"key":"RECALL"}],"circlet_count":0,"master_deck":["ApocalypseBird","PunishingBird","LongBird","BigBird","ats:Armor Crushing Shot","ats:Emotion Absorption+1","BlueStar","ats:Ignite","ats:Ignite","ats:Volcano","BlackSwan","ats:Flame Of Heaven+1","SpiderBud","ats:Overload","VoidDream","ats:Consecutive Shot Auto","FieryBird","ats:Part Time Job","Bloodbath","ats:Poison Spread","MeatLantern","SilentOrchestra","ats:Echo Reverb","ats:Cat Scratch","ats:Automatic Cover","ats:Composite Medical Shells","ats:Mental Burst","ats:Burning Ground","ats:Support Order","ats:Ignite","Gensokyo:LittleGreenMen","ats:Flexible Camouflage","ats:Durian+1","LaLuna","ats:LN2 Cannon","Mercenary","ats:Revitalization+1","ats:Apocalypse","Dash","QueenOfHatred","ats:Charging Defense+1","DespairKnight","ats:Dogmatic Field","ats:Healing Drone+1","ats:Revitalization","ats:Song Of Battle","ats:Neurotoxin","ats:Poison Spread","OSAHOGD","ats:Automatic Cover","ats:Consecutive Shot Auto","ats:Consecutive Shot Auto","ats:Assault Order+1","ats:Guardian Obelisk","ats:Ignite","ats:Blood Oath+1","ats:Directed Diagnosis"],"relics":["ats:Sanity","CogitoBucket","LetterFromLob","ats:Originium","Bag of Preparation","Theresia","Shovel","Meat on the Bone","StoneCalendar","Pandora\u0027s Box","LuminousBracelet","ats:Industrial Water Cannon","ats:Lavender","Prayer Wheel","Blood Vial","War Paint","ats:Emergency Defibrillator","Anchor","Fusion Hammer","CaptainsWheel","AspirationHeart","AtMidnight","Pen Nib","Kunai","Smiling Mask","Twilight","ats:Hidden Killer","Potion Belt"],"acts_visited":["Exordium","Exordium","TheBeyond"],"potions_floor_usage":[50],"damage_taken":[{"damage":6.0,"enemies":"2 Louse","floor":1.0,"turns":4.0},{"damage":0.0,"enemies":"Small Slimes","floor":2.0,"turns":3.0},{"damage":1.0,"enemies":"Cultist","floor":4.0,"turns":3.0},{"damage":10.0,"enemies":"Looter","floor":5.0,"turns":3.0},{"damage":46.0,"enemies":"Gremlin Nob","floor":6.0,"turns":5.0},{"damage":0.0,"enemies":"3 Louse","floor":8.0,"turns":2.0},{"damage":0.0,"enemies":"Exordium Wildlife","floor":10.0,"turns":2.0},{"damage":4.0,"enemies":"2 Fungi Beasts","floor":11.0,"turns":2.0},{"damage":2.0,"enemies":"Large Slime","floor":12.0,"turns":5.0},{"damage":0.0,"enemies":"3 Louse","floor":13.0,"turns":3.0},{"damage":2.0,"enemies":"Hexaghost","floor":16.0,"turns":8.0},{"damage":54.0,"enemies":"Gensokyo:CosmicMonolith","floor":18.0,"turns":6.0},{"damage":12.0,"enemies":"Gensokyo:3_Dogs","floor":22.0,"turns":4.0},{"damage":24.0,"enemies":"Gensokyo:Swordslinger","floor":24.0,"turns":3.0},{"damage":6.0,"enemies":"Gensokyo:Wraith","floor":28.0,"turns":5.0},{"damage":57.0,"enemies":"Gensokyo:Tenshi","floor":31.0,"turns":4.0},{"damage":54.0,"enemies":"Gensokyo:Eiki","floor":33.0,"turns":5.0},{"damage":79.0,"enemies":"3 Shapes","floor":35.0,"turns":12.0},{"damage":12.0,"enemies":"3 Darklings","floor":38.0,"turns":4.0},{"damage":30.0,"enemies":"Sphere and 2 Shapes","floor":39.0,"turns":5.0},{"damage":39.0,"enemies":"Nemesis","floor":40.0,"turns":6.0},{"damage":11.0,"enemies":"4 Shapes","floor":44.0,"turns":3.0},{"damage":16.0,"enemies":"Jaw Worm Horde","floor":45.0,"turns":3.0},{"damage":145.0,"enemies":"Transient","floor":46.0,"turns":8.0},{"damage":117.0,"enemies":"Giant Head","floor":47.0,"turns":9.0},{"damage":76,"enemies":"Time Eater","floor":50,"turns":8},{"damage":160,"enemies":"Malkuth","floor":51,"turns":10}],"seed_played":"6253847816997356475","potions_obtained":[{"floor":1.0,"key":"Energy Potion"},{"floor":2.0,"key":"EntropicBrew"},{"floor":10.0,"key":"GamblersBrew"},{"floor":11.0,"key":"Swift Potion"},{"floor":13.0,"key":"Slimebound:ThreeZeroPotion"},{"floor":22.0,"key":"ColorlessPotion"},{"floor":28.0,"key":"Dexterity Potion"},{"floor":39.0,"key":"ColorlessPotion"},{"floor":40.0,"key":"Explosive Potion"}],"is_trial":false,"path_per_floor":["M","M","?","M","M","E","R","M","T","M","M","M","M","$","R","B",null,"M","?","COS","?","M","R","M","R","T","R","M","?","?","E","R","B",null,"M","?","$","M","M","E","?","R","T","M","M","M","E","T","R","B",null],"character_chosen":"DOCTOR_CLASS","items_purchased":["Meat on the Bone","ats:Neurotoxin","Pen Nib","ats:Poison Spread"],"campfire_rested":0,"item_purchase_floors":[14,37,37,37],"current_hp_per_floor":[66,66,66,65,55,9,9,9,9,9,5,8,12,12,12,24,72,53,53,53,53,51,51,37,37,37,37,53,53,53,37,37,36,69,79,79,79,79,79,60,53,53,53,62,79,58,21,21,21,79],"gold":498,"neow_bonus":"","is_daily":false,"chose_seed":false,"campfire_upgraded":1,"win_rate":0.0,"timestamp":1610613836,"path_taken":["M","M","?","M","M","E","R","M","T","?","M","M","M","$","R","BOSS","M","?","COS","?","M","R","M","R","T","R","M","?","?","E","R","BOSS","M","?","$","?","?","E","?","R","T","?","M","?","E","?","R","BOSS"],"items_purchased_type":["Relic","Card","Relic","Card"],"build_version":"2020-12-22","purchased_purges":2,"victory":true,"max_hp_per_floor":[72,72,72,72,72,72,72,72,72,72,72,72,72,72,72,72,72,87,79,79,73,73,73,73,73,73,73,73,69,69,69,69,69,69,79,79,79,79,79,79,79,79,79,79,79,79,79,79,79,79],"card_choices":[{"not_picked":["FairyFestival","UniverseFragment"],"picked":"BlueStar","floor":1.0},{"not_picked":["ats:Childhood Dance","ats:Assault Order"],"picked":"ats:Ignite","floor":1.0},{"not_picked":["OldLady","OSAHOGD","UniverseFragment"],"picked":"Singing Bowl","floor":2.0},{"not_picked":["ats:Leaping Hammer","ats:Revitalization"],"picked":"ats:Ignite","floor":2.0},{"not_picked":["Laetitia","Porccubus","WallGazer"],"picked":"Singing Bowl","floor":4.0},{"not_picked":["ats:Revitalization","ats:Blood Oath"],"picked":"ats:Volcano","floor":4.0},{"not_picked":["ShyLook","DreamingCurrent","QueenBee"],"picked":"Singing Bowl","floor":5.0},{"not_picked":["WallGazer","UniverseFragment"],"picked":"BlackSwan","floor":5.0},{"not_picked":["ats:Apocalypse","ats:Sunburst"],"picked":"ats:Flame Of Heaven","floor":5.0},{"not_picked":["WallGazer","ShyLook","Scorched"],"picked":"Singing Bowl","floor":6.0},{"not_picked":["LittleHelper","Variant"],"picked":"SpiderBud","floor":6.0},{"not_picked":["ats:Spore Proliferation","ats:Childhood Dance"],"picked":"ats:Overload","floor":6.0},{"not_picked":["Wellcheers","OSAHOGD","QueenBee"],"picked":"Singing Bowl","floor":8.0},{"not_picked":["WhitesApple","Variant"],"picked":"VoidDream","floor":8.0},{"not_picked":["ats:Assault Order","ats:Leaping Hammer"],"picked":"ats:Consecutive Shot Auto","floor":8.0},{"not_picked":["PunishingBird","Alriune","Laetitia"],"picked":"Singing Bowl","floor":10.0},{"not_picked":["ats:Explosion Area Strengthen","ats:Assault Order"],"picked":"ats:Ambush","floor":10.0},{"not_picked":["OldLady","PunishingBird","BigBadWolf"],"picked":"Singing Bowl","floor":11.0},{"not_picked":["DreamingCurrent","Bloodbath"],"picked":"FieryBird","floor":11.0},{"not_picked":["ats:Collapsing Strike","ats:Ambush"],"picked":"ats:Part Time Job","floor":11.0},{"not_picked":["MHz","FairyFestival","SingingMachine"],"picked":"Singing Bowl","floor":12.0},{"not_picked":["LittleHelper","BeautyBeast"],"picked":"Bloodbath","floor":12.0},{"not_picked":["ats:Curse Doll","ats:Cat Scratch"],"picked":"ats:Poison Spread","floor":12.0},{"not_picked":["GalaxyChild","Freischutz"],"picked":"MeatLantern","floor":13.0},{"not_picked":["ats:Closed Bolt Burst Fire","ats:Wolf Pack"],"picked":"ats:Consecutive Shot Auto","floor":13.0},{"not_picked":["Murderer","Scorched"],"picked":"SilentOrchestra","floor":16.0},{"not_picked":["ats:Rat Pack","ats:Disruption Kick"],"picked":"ats:Echo Reverb","floor":16.0},{"not_picked":["GalaxyChild","OSAHOGD","LittlePrince"],"picked":"Singing Bowl","floor":18.0},{"not_picked":["ats:Consecutive Shot Auto","ats:Hook Shot"],"picked":"ats:Ignite","floor":18.0},{"not_picked":["Gensokyo:Doppelganger","Gensokyo:LochNessMonster"],"picked":"Gensokyo:LittleGreenMen","floor":19.0},{"not_picked":["WallGazer","Scorched"],"picked":"PunishingBird","floor":22.0},{"not_picked":["ats:Explosion Area Strengthen+1","ats:Powerful Strike"],"picked":"ats:Flexible Camouflage","floor":22.0},{"not_picked":["ats:Echo Reverb","ats:True Silver Slash"],"picked":"ats:Durian","floor":24.0},{"not_picked":["FairyFestival","CherryBlossoms","Porccubus"],"picked":"Singing Bowl","floor":24.0},{"not_picked":["Woodsman","BeautyBeast"],"picked":"LaLuna","floor":24.0},{"not_picked":["ats:Cat Scratch","ats:Spore Proliferation"],"picked":"ats:LN2 Cannon","floor":24.0},{"not_picked":["Wellcheers","UniverseFragment","RedShoes"],"picked":"Singing Bowl","floor":28.0},{"not_picked":["BigBadWolf","Laetitia"],"picked":"Mercenary","floor":28.0},{"not_picked":["ats:Sword Rain+1","ats:Powerful Strike+1"],"picked":"ats:Revitalization+1","floor":28.0},{"not_picked":["ats:Mental Burst","ats:Leaping Hammer+1"],"picked":"ats:Apocalypse","floor":28.0},{"not_picked":["SingingMachine","Funeral","Wellcheers"],"picked":"Singing Bowl","floor":31.0},{"not_picked":["Rudolta","DespairKnight"],"picked":"QueenOfHatred","floor":31.0},{"not_picked":["ats:LN2 Cannon","ats:Leaping Hammer"],"picked":"ats:Charging Defense+1","floor":31.0},{"not_picked":["QueenBee","MeltingLove","NakedNest"],"picked":"Singing Bowl","floor":33.0},{"not_picked":["Woodsman","UniverseFragment"],"picked":"DespairKnight","floor":33.0},{"not_picked":["ats:Disruption Kick","ats:Fractured Body"],"picked":"ats:Dogmatic Field","floor":33.0},{"not_picked":["Scarecrow","Murderer"],"picked":"LongBird","floor":35.0},{"not_picked":["ats:Hammer On+1","ats:Childhood Dance+1"],"picked":"ats:Healing Drone+1","floor":35.0},{"not_picked":["ats:Apocalypse","ats:Shell Defense"],"picked":"ats:Revitalization","floor":35.0},{"not_picked":["OldLady","BodiesMountain","OSAHOGD"],"picked":"Singing Bowl","floor":38.0},{"not_picked":["OldLady","Scorched"],"picked":"OSAHOGD","floor":38.0},{"not_picked":["ats:Song Of Battle+1","ats:Ignite+1"],"picked":"ats:Automatic Cover","floor":38.0},{"not_picked":["ats:Poison Spread","ats:Ambush"],"picked":"ats:Consecutive Shot Auto","floor":38.0},{"not_picked":["FairyFestival","DreamingCurrent","CherryBlossoms"],"picked":"Singing Bowl","floor":39.0},{"not_picked":["ats:Thorns","ats:Spore Proliferation+1"],"picked":"ats:Consecutive Shot Auto","floor":39.0},{"not_picked":["ats:LN2 Cannon+1","ats:Hook Shot+1","ats:Collapsing Strike"],"picked":"SKIP","floor":39.0},{"not_picked":["Laetitia","LittleHelper","Rudolta"],"picked":"Singing Bowl","floor":40.0},{"not_picked":["ats:Curse Doll","ats:Powerful Strike+1"],"picked":"ats:Assault Order+1","floor":40.0},{"not_picked":["Porccubus","WhiteNight","Wellcheers"],"picked":"Singing Bowl","floor":44.0},{"not_picked":["ats:Revitalization","ats:Hammer On+1"],"picked":"ats:Guardian Obelisk","floor":44.0},{"not_picked":["ats:Powerful Strike","ats:Curse Doll+1"],"picked":"ats:Ignite","floor":44.0},{"not_picked":["HeroicMonk","Freischutz","Wellcheers"],"picked":"Singing Bowl","floor":45.0},{"not_picked":["GreedKing","QueenBee"],"picked":"BigBird","floor":45.0},{"not_picked":["ats:Explosion Area Strengthen","ats:Curse Doll","ats:Hammer On+1"],"picked":"SKIP","floor":45.0},{"not_picked":["ats:Echo Reverb","ats:Explosion Area Strengthen+1","ats:Hammer On"],"picked":"SKIP","floor":45.0},{"not_picked":["LittlePrince","HappyTeddy","BodiesMountain"],"picked":"Singing Bowl","floor":46.0},{"not_picked":["ats:Assault Order+1","ats:Flexible Camouflage+1"],"picked":"ats:Blood Oath+1","floor":46.0},{"not_picked":["ats:Part Time Job+1","ats:Hook Shot+1"],"picked":"ats:Directed Diagnosis","floor":47.0},{"not_picked":["SingingMachine","RedShoes","Freischutz"],"picked":"Singing Bowl","floor":47.0}],"player_experience":297382,"relics_obtained":[{"floor":1.0,"key":"LetterFromLob"},{"floor":6.0,"key":"ats:Originium"},{"floor":6.0,"key":"Bag of Preparation"},{"floor":9.0,"key":"Shovel"},{"floor":15.0,"key":"StoneCalendar"},{"floor":23.0,"key":"ats:Lavender"},{"floor":25.0,"key":"Prayer Wheel"},{"floor":26.0,"key":"Blood Vial"},{"floor":27.0,"key":"War Paint"},{"floor":31.0,"key":"ats:Originium"},{"floor":31.0,"key":"ats:Emergency Defibrillator"},{"floor":32.0,"key":"Anchor"},{"floor":35.0,"key":"AtMidnight"},{"floor":40.0,"key":"ats:Originium"},{"floor":40.0,"key":"Kunai"},{"floor":42.0,"key":"Smiling Mask"},{"floor":46.0,"key":"Twilight"},{"floor":47.0,"key":"ats:Hidden Killer"},{"floor":48.0,"key":"Potion Belt"}],"event_choices":[{"cards_removed":["ats:Strike V"],"damage_healed":0.0,"max_hp_gain":0.0,"max_hp_loss":0.0,"gold_gain":0.0,"event_name":"The Cleric","player_choice":"Card Removal","floor":3.0,"gold_loss":50.0,"damage_taken":0.0},{"damage_healed":0.0,"max_hp_gain":0.0,"max_hp_loss":0.0,"gold_gain":0.0,"cards_transformed":["ats:Consecutive Shot Auto"],"event_name":"Transmorgrifier","player_choice":"Transformed","floor":36.0,"gold_loss":0.0,"damage_taken":0.0,"cards_obtained":["ats:Song Of Battle"]},{"damage_healed":0.0,"max_hp_gain":0.0,"max_hp_loss":0.0,"gold_gain":0.0,"event_name":"Wheel of Change","player_choice":"Damaged","floor":41.0,"gold_loss":0.0,"damage_taken":7.0}],"is_beta":false,"boss_relics":[{"not_picked":["ats:Omniscience","Ectoplasm"],"picked":"Pandora\u0027s Box"},{"not_picked":["SlaversCollar","Tiny House"],"picked":"Fusion Hammer"}],"items_purged_floors":[14,37],"is_endless":false,"potions_floor_spawned":[1,2,10,11,13,22,28,39,40,44,45],"ascension_level":0}}