{"host":"45gjn1i9lq2ky2i9","time":1610632293,"event":{"mods":["2.2 Compatiblity","Act Like it!","Aspiration","Bard","BaseMod","Beaked The Cultist","Better Altar","Better Match","Better Note","Better Sensory Stone","Better Skull","Better Third Choice","Better Vampires","Conspire","Downfall","Halation","Hubris","Infinite Spire","Jedi Mod","Lobotomy","LobotomyExtend","Minty Spire (QoL Compilation)","Pale of the Ancients","Permanent Neow","Replay The Spire","Shop Mod","Spikes Relics","StSLib","The Mystic","The Runesmith","The Wild Card"],"gold_per_floor":[116,133,133,63,80,80,96,127,154,70,82,107,72,92,92,168,168,179,195,245,265,284,284,284,284,284,284,284,294,322,322,322,342,342,418,468,478,94,94,94,108,108,88,88,88],"floor_reached":44,"language":"RUS","playtime":1776,"items_purged":["Strike_B"],"score":767,"play_id":"1782019c-8397-4556-bf75-d9b965ea22ed","local_time":"20210114215132","is_ascension_mode":true,"campfire_choices":[{"data":"Zap","floor":6,"key":"SMITH"},{"floor":23,"key":"REST"},{"floor":34,"key":"DIG"}],"circlet_count":0,"master_deck":["AscendersBane","Strike_B","Strike_B","Defend_B","Defend_B","Defend_B","Defend_B","Zap+1","Dualcast","Reboot+1","Leap","Echo Form+1","Capacitor","Conserve Battery","ReplayTheSpireMod:Calculation Training+1","Chill","Blind+1","Rainbow","Biased Cognition","Ball Lightning","Glacier","BootSequence","Ball Lightning","Hologram","Redo+1"],"relics":["Cracked Core","Pen Nib","ReplayTheSpireMod:Lightbulb","Replay:Multitool","AncientExoskeleton","halation:PinkSoulGem","hubris:BottledRain","Bag of Marbles","Replay:Ringing Soul","Replay:Bottled Flurry","Tiny House","infinitespire:Magic Flask","hubris:Towel"],"acts_visited":["Exordium","TheCity","TheBeyond"],"potions_floor_usage":[5,7,12],"damage_taken":[{"damage":0,"enemies":"Cultist","floor":1,"turns":5},{"damage":1,"enemies":"2 Louse","floor":2,"turns":3},{"damage":2,"enemies":"Jaw Worm","floor":5,"turns":3},{"damage":1,"enemies":"Looter","floor":7,"turns":4},{"damage":27,"enemies":"3 Sentries","floor":8,"turns":8},{"damage":6,"enemies":"Gremlin Gang","floor":11,"turns":6},{"damage":9,"enemies":"Gremlin Nob","floor":12,"turns":4},{"damage":0,"enemies":"Red Slaver","floor":14,"turns":4},{"damage":18,"enemies":"Fading Forest","floor":16,"turns":11},{"damage":17,"enemies":"Spheric Guardian","floor":18,"turns":6},{"damage":0,"enemies":"Chosen","floor":19,"turns":6},{"damage":26,"enemies":"3 Cultists","floor":21,"turns":8},{"damage":6,"enemies":"Snake Plant","floor":22,"turns":4},{"damage":11,"enemies":"Centurion and Healer","floor":29,"turns":8},{"damage":5,"enemies":"Slavers","floor":30,"turns":6},{"damage":4,"enemies":"Snecko","floor":33,"turns":5},{"damage":19,"enemies":"Automaton","floor":35,"turns":14},{"damage":17,"enemies":"3 Darklings","floor":37,"turns":5},{"damage":11,"enemies":"Orb Walker","floor":41,"turns":4},{"damage":52,"enemies":"Reptomancer","floor":44,"turns":5}],"seed_played":"-6020488397412091677","potions_obtained":[{"floor":1,"key":"Fire Potion"},{"floor":5,"key":"Toxic Potion"},{"floor":8,"key":"Venom Potion"},{"floor":14,"key":"Ancient Potion"},{"floor":18,"key":"Milkshake"},{"floor":29,"key":"PotionOfCapacity"},{"floor":33,"key":"Elixir"},{"floor":43,"key":"DistilledChaos"}],"is_trial":false,"path_per_floor":["M","M","?","$","M","R","M","E","T","$","M","E","?","M","R","B",null,"M","M","?","M","M","R","?","R","T","PTL","PTL","M","E","T","R","M","R","B",null,"M","$","PTL","PTL","M","?","?","E"],"character_chosen":"DEFECT","items_purchased":["Capacitor","Blind","infinitespire:Magic Flask"],"campfire_rested":1,"item_purchase_floors":[4,10,38],"current_hp_per_floor":[64,63,63,63,61,61,60,33,33,33,27,18,35,35,56,38,63,46,46,46,20,14,35,35,56,56,56,56,45,40,40,61,60,60,41,71,57,57,57,57,49,49,49,0,0],"gold":88,"neow_bonus":"ONE_RANDOM_RARE_CARD","is_daily":false,"chose_seed":false,"campfire_upgraded":1,"win_rate":0.0,"timestamp":1610632292,"path_taken":["M","?","?","?","M","R","?","E","T","?","M","E","?","M","R","BOSS","M","M","?","?","M","R","?","R","T","PTL","PTL","M","E","?","R","M","R","BOSS","M","$","PTL","PTL","M","?","?","E"],"items_purchased_type":["Card","Card","Relic"],"build_version":"2020-12-22","purchased_purges":1,"victory":false,"max_hp_per_floor":[71,71,71,71,71,71,71,71,71,71,71,71,71,71,71,71,71,71,71,71,71,71,71,71,71,71,71,71,71,71,71,71,74,74,74,79,82,82,82,82,85,85,85,85,85],"card_choices":[{"not_picked":["jedi:BurstLightning","Compile Driver"],"picked":"Leap","floor":1},{"not_picked":["Compile Driver","Streamline"],"picked":"Echo Form","floor":2},{"not_picked":["Force Field","Barrage"],"picked":"Conserve Battery","floor":5},{"not_picked":["Go for the Eyes","Ball Lightning"],"picked":"ReplayTheSpireMod:Calculation Training","floor":7},{"not_picked":["Doom and Gloom","Sweeping Beam"],"picked":"Chill","floor":8},{"not_picked":["Force Field","FIFO Queue"],"picked":"Rainbow","floor":11},{"not_picked":["Beam Cell","jedi:blockon","ReplayTheSpireMod:Calculation Training"],"picked":"SKIP","floor":12},{"not_picked":["Streamline","BasicCrystalCard","ReplaySort"],"picked":"SKIP","floor":14},{"not_picked":["Meteor Strike","Thunder Strike"],"picked":"Biased Cognition","floor":16},{"not_picked":["Steam","Streamline","jedi:BurstLightning"],"picked":"SKIP","floor":18},{"not_picked":["Steam","Sweeping Beam","Compile Driver"],"picked":"SKIP","floor":19},{"not_picked":["Go for the Eyes","Hello World+1"],"picked":"Ball Lightning","floor":21},{"not_picked":["Hologram","Consume"],"picked":"Glacier","floor":22},{"not_picked":["Steam","Recycle"],"picked":"BootSequence","floor":29},{"not_picked":["jedi:darknesscall","Panic Button","Rip and Tear"],"picked":"SKIP","floor":30},{"not_picked":["jedi:darknesscall","Panic Button","Rip and Tear"],"picked":"SKIP","floor":30},{"not_picked":["Turbo","Rip and Tear"],"picked":"Ball Lightning","floor":33},{"not_picked":["Redo+1","Panic Button+1"],"picked":"Hologram","floor":37},{"not_picked":["Chill","Leap+1"],"picked":"Redo+1","floor":41}],"player_experience":538642,"relics_obtained":[{"floor":8,"key":"Pen Nib"},{"floor":9,"key":"ReplayTheSpireMod:Lightbulb"},{"floor":12,"key":"Replay:Multitool"},{"floor":26,"key":"hubris:BottledRain"},{"floor":30,"key":"Bag of Marbles"},{"floor":31,"key":"Replay:Ringing Soul"},{"floor":34,"key":"Replay:Bottled Flurry"}],"event_choices":[{"damage_healed":17,"gold_gain":0,"player_choice":"Healed","damage_taken":0,"max_hp_gain":0,"max_hp_loss":0,"event_name":"The Cleric","floor":13,"gold_loss":35},{"damage_healed":0,"gold_gain":100,"player_choice":"Bet on Murderer","damage_taken":0,"max_hp_gain":0,"max_hp_loss":0,"event_name":"The Joust","floor":20,"gold_loss":50},{"damage_healed":0,"gold_gain":0,"player_choice":"Bought 1 Potion","damage_taken":0,"max_hp_gain":0,"max_hp_loss":0,"event_name":"The Woman in Blue","floor":43,"gold_loss":0}],"is_beta":false,"boss_relics":[{"not_picked":["SacredBark","aspiration:FutureDiary"],"picked":"AncientExoskeleton"},{"not_picked":["halation:Yufonium","hubris:GrandSneckoEye"],"picked":"Tiny House"}],"items_purged_floors":[38],"is_endless":false,"potions_floor_spawned":[1,5,8,14,18,29,33],"killed_by":"Reptomancer","ascension_level":15}}