{"host":"Planeswalker","time":1610592794,"event":{"mods":["Act Like it!","Astrologer","BaseMod","Downfall","Friendly Minions","GifTheSpireLib","Halation","Hermit","Hubris","Jorbs\u0027s Wanderer Trilogy","Minty Spire (QoL Compilation)","Replay The Spire","SOS???????","Shop Mod","Somnambulant","StSLib","The Bladedancer","The Cursed","The Elementalist","The Hierophant","The Jungle","The Mystic","The Necromancer"],"gold_per_floor":[112,112,126,20,20,50,50,86,162,162,181,4,4,25,25,25,25],"floor_reached":16,"language":"ENG","playtime":1021,"items_purged":[],"score":108,"play_id":"08bdcac4-daac-4ea9-a887-87d50d9c8de3","local_time":"20210113195314","is_ascension_mode":false,"campfire_choices":[{"floor":10,"key":"REST"},{"floor":13,"key":"REST"},{"floor":15,"key":"REST"}],"circlet_count":0,"master_deck":["astrologer:Strike","astrologer:Strike","astrologer:Strike","astrologer:Defend","astrologer:Defend","astrologer:Defend","astrologer:Defend","astrologer:NorthStar","astrologer:TheFool","astrologer:TheEmpress","astrologer:Justice","astrologer:StarOfMisfortune","astrologer:ShiningStar","astrologer:Sunrise","astrologer:SolarFlare","astrologer:NeutronStar","astrologer:Prismatic","astrologer:FadingStar","astrologer:Fireball","astrologer:Prestidigitation","astrologer:CrystalBall","astrologer:TheDevil","astrologer:StarOfCourage"],"relics":["astrologer:SkyMirror","halation:BottledLove","Golden Idol","Dream Catcher","Gremlin Horn"],"acts_visited":["Exordium"],"potions_floor_usage":[6],"damage_taken":[{"damage":4,"enemies":"Jaw Worm","floor":1,"turns":4},{"damage":6,"enemies":"Cultist","floor":3,"turns":5},{"damage":36,"enemies":"Gremlin Nob","floor":6,"turns":5},{"damage":26,"enemies":"Lagavulin","floor":8,"turns":10},{"damage":5,"enemies":"2 Louse","floor":11,"turns":3},{"damage":6,"enemies":"2 Fungi Beasts","floor":14,"turns":3},{"damage":80,"enemies":"Fading Forest","floor":16,"turns":11}],"seed_played":"-6415953976971532557","potions_obtained":[{"floor":1,"key":"Reflective Coating"},{"floor":6,"key":"Dexterity Potion"},{"floor":11,"key":"ColorlessPotion"},{"floor":14,"key":"Energy Potion"}],"is_trial":false,"path_per_floor":["M","?","M","$","?","E","?","E","T","R","M","$","R","M","R","B"],"character_chosen":"ASTROLOGER","items_purchased":["astrologer:StarOfMisfortune","astrologer:ShiningStar","astrologer:FadingStar","astrologer:Fireball","astrologer:Prestidigitation"],"campfire_rested":3,"item_purchase_floors":[4,4,12,12,12],"current_hp_per_floor":[73,73,67,67,67,31,31,5,5,26,21,21,42,36,57,0,0],"gold":25,"neow_bonus":"TEN_PERCENT_HP_BONUS","is_daily":false,"chose_seed":false,"campfire_upgraded":0,"win_rate":0.0,"timestamp":1610592794,"path_taken":["M","?","M","?","?","E","?","E","T","R","M","$","R","M","R","BOSS"],"items_purchased_type":["Card","Card","Card","Card","Card"],"build_version":"2020-11-17","purchased_purges":0,"victory":false,"max_hp_per_floor":[77,77,77,77,77,77,71,71,71,71,71,71,71,71,71,71,71],"card_choices":[{"not_picked":["astrologer:Divination","astrologer:Moonlight"],"picked":"astrologer:TheEmpress","floor":1},{"not_picked":["astrologer:Retelling","astrologer:ShootingStar"],"picked":"astrologer:Justice","floor":3},{"not_picked":["astrologer:MeteorShower","astrologer:SpaceDust"],"picked":"astrologer:Sunrise","floor":6},{"not_picked":["astrologer:Radiance","astrologer:TheEmpress"],"picked":"astrologer:SolarFlare","floor":8},{"not_picked":["astrologer:Temperance","astrologer:CrystalBall"],"picked":"astrologer:NeutronStar","floor":10},{"not_picked":["astrologer:ReadTheStars","astrologer:Conjunction"],"picked":"astrologer:Prismatic","floor":11},{"not_picked":["astrologer:NeutronStar","astrologer:Prismatic"],"picked":"astrologer:CrystalBall","floor":13},{"not_picked":["astrologer:Eclipse","astrologer:CometStrike"],"picked":"astrologer:TheDevil","floor":14},{"not_picked":["astrologer:Opposition","astrologer:TheHighPriestess"],"picked":"astrologer:StarOfCourage","floor":15}],"player_experience":12293,"relics_obtained":[{"floor":6,"key":"halation:BottledLove"},{"floor":8,"key":"Dream Catcher"},{"floor":9,"key":"Gremlin Horn"}],"event_choices":[{"cards_removed":["astrologer:Strike"],"damage_healed":0,"gold_gain":0,"player_choice":"Card Removal","damage_taken":0,"max_hp_gain":0,"max_hp_loss":0,"event_name":"Wheel of Change","floor":2,"gold_loss":0},{"damage_healed":0,"gold_gain":0,"player_choice":"Lose Max HP","damage_taken":0,"relics_obtained":["Golden Idol"],"max_hp_gain":0,"max_hp_loss":6,"event_name":"Golden Idol","floor":7,"gold_loss":0}],"is_beta":true,"boss_relics":[],"items_purged_floors":[],"is_endless":false,"potions_floor_spawned":[1,6,11,14],"killed_by":"Fading Forest","ascension_level":0}}