{"host":"2qpilcmj89x3pncz","time":1610652234,"event":{"mods":["100% Spire Juice","2.2 Compatiblity","Act Like it!","Aspiration","BaseMod","Beaked The Cultist","BetterRewards","Colored Map","Colored Powertips","Conjunction","Conspire","Dota2Spire","Downfall","Faster Ascension Climbing","GifTheSpireLib","Grow up Mod","Halation","Hubris","Infinite Spire","Jedi Mod","Marisa????????","Mimic Mod","Minty Spire (QoL Compilation)","Pale of the Ancients","Poem Panic","Quick Restart","Shop Mod","Small Relic Pack","Spicy Shops","Spikes Relics","StSLib","Stuff the Spire","SuperFastMode","Synergy Search","The Servant 0.9.4","Wandering Minibosses","vexMod"],"gold_per_floor":[116,116,116,10,21,21,33,44,67,96,96,96,96,107,107,208,208,100,100,114,9,22,22,36,36,36,61,61,78,78,93,93,189,189,207,207,97,97,97,130,130,157,157,157,167,208,208,388,388,383,394,413,413,439,439,452,452,54,54,54],"floor_reached":61,"language":"ENG","playtime":2563,"items_purged":["Moonworks:Strike"],"score":1578,"play_id":"0727e8eb-536f-40b6-8ea6-252d50dc01a1","local_time":"20210114192354","is_ascension_mode":false,"campfire_choices":[{"data":"Moonworks:RagingMadness","floor":6.0,"key":"SMITH"},{"floor":13.0,"key":"RECALL"},{"data":"Moonworks:x16BigRocket+1","floor":15.0,"key":"SMITH"},{"data":"Moonworks:x16BigRocket+2","floor":23.0,"key":"SMITH"},{"data":"Moonworks:x16BigRocket+3","floor":25.0,"key":"SMITH"},{"data":"Moonworks:CrystalBarrier","floor":32.0,"key":"SMITH"},{"data":"Moonworks:x16BigRocket+4","floor":41.0,"key":"SMITH"},{"data":"Moonworks:x16BigRocket+5","floor":44.0,"key":"SMITH"},{"data":"Moonworks:x16BigRocket+6","floor":49.0,"key":"SMITH"},{"data":"Moonworks:x16BigRocket+7","floor":55.0,"key":"SMITH"},{"data":"Moonworks:x16BigRocket+8","floor":57.0,"key":"SMITH"}],"circlet_count":0,"master_deck":["Moonworks:Strike","Moonworks:Strike","Moonworks:Strike","Moonworks:Defend","Moonworks:Defend","Moonworks:Defend","Moonworks:Defend","Moonworks:Ambush","Moonworks:LongDistanceShot","Moonworks:RagingMadness+1","Apotheosis+1","Moonworks:x16BigRocket+9","Moonworks:SweetBattle+1","Moonworks:EvilSpyWorkPreparation+1","Moonworks:CrystalBarrier+1","Finesse+1","Moonworks:BackdoorTrade+1","Moonworks:AccelHyper+1","CurseOfTheBell","Moonworks:ShieldCounter+1","Moonworks:ImOnFire+1","hubris:Fate+1","Moonworks:TacticalRetreat+1","Moonworks:TacticalRetreat+1","Mayhem"],"relics":["Moonworks:BrokenBomb","Moonworks:Homemark","Toxic Egg 2","halation:LettersToHer","hubris:SlimyHat","StuffTheSpire:GrapeVine","wanderingMiniBosses:AbyssPearl","Nunchaku","Juzu Bracelet","Calling Bell","vexMod:FocusSash","hubris:PeanutButter","StoneCalendar","vexMod:DeviousBotling","StuffTheSpire:Nightcore","Toy Ornithopter","Bag of Preparation","Lizard Tail","CatCart","hubris:Icosahedron","paleoftheancients:Timepiece","paleoftheancients:KeyRelic","Gremlin Horn","CultistMask","relicPack:DSword","Dota2Spire:LotusOrb","paleoftheancients:SoulOfTheBandit","Dota2Spire:UrnOfShadows","ClockworkSouvenir"],"acts_visited":["Exordium","TheCity","TheBeyond","paleoftheancients:PaleOfTheAncients"],"potions_floor_usage":[],"damage_taken":[{"damage":0.0,"enemies":"conspire:RoseBush","floor":1.0,"turns":4.0},{"damage":0.0,"enemies":"2 Louse","floor":4.0,"turns":2.0},{"damage":7.0,"enemies":"Jaw Worm","floor":5.0,"turns":4.0},{"damage":32.0,"enemies":"Red Slaver","floor":7.0,"turns":6.0},{"damage":25.0,"enemies":"Exordium Wildlife","floor":8.0,"turns":8.0},{"damage":13.0,"enemies":"3 Sentries","floor":10.0,"turns":4.0},{"damage":14.0,"enemies":"3 Louse","floor":14.0,"turns":2.0},{"damage":48.0,"enemies":"The Guardian","floor":16.0,"turns":8.0},{"damage":27.0,"enemies":"2 Thieves","floor":18.0,"turns":6.0},{"damage":0.0,"enemies":"3 Byrds","floor":20.0,"turns":4.0},{"damage":35.0,"enemies":"Shelled Parasite and Fungi","floor":21.0,"turns":5.0},{"damage":12.0,"enemies":"Centurion and Healer","floor":22.0,"turns":6.0},{"damage":26.0,"enemies":"Snecko","floor":24.0,"turns":5.0},{"damage":4.0,"enemies":"conspire:SneckoGhost","floor":27.0,"turns":5.0},{"damage":12.0,"enemies":"Shelled Parasite and Fungi","floor":29.0,"turns":5.0},{"damage":0.0,"enemies":"Snake Plant","floor":31.0,"turns":4.0},{"damage":7.0,"enemies":"Champ","floor":33.0,"turns":9.0},{"damage":33.0,"enemies":"3 Shapes","floor":35.0,"turns":4.0},{"damage":0.0,"enemies":"3 Darklings","floor":37.0,"turns":6.0},{"damage":0.0,"enemies":"Nightmare","floor":40.0,"turns":2.0},{"damage":0.0,"enemies":"Nemesis","floor":42.0,"turns":7.0},{"damage":0.0,"enemies":"Maw","floor":45.0,"turns":5.0},{"damage":0.0,"enemies":"Orin","floor":46.0,"turns":3.0},{"damage":1.0,"enemies":"Awakened One","floor":50.0,"turns":9.0},{"damage":41.0,"enemies":"Awakened One","floor":51.0,"turns":5.0},{"damage":0.0,"enemies":"Awakened One","floor":52.0,"turns":10.0},{"damage":92.0,"enemies":"Awakened One","floor":56.0,"turns":8.0},{"damage":0,"enemies":"paleoftheancients:N","floor":60,"turns":9}],"seed_played":"4570274221778486573","potions_obtained":[{"floor":7.0,"key":"Swift Potion"},{"floor":14.0,"key":"FearPotion"},{"floor":16.0,"key":"Regen Potion"},{"floor":18.0,"key":"Dota2Spire:Clarity"},{"floor":20.0,"key":"BlessingOfTheForge"},{"floor":21.0,"key":"BlessingOfTheForge"},{"floor":27.0,"key":"champ:CounterPotion"},{"floor":31.0,"key":"PowerPotion"},{"floor":45.0,"key":"bronze:BurnAndBuffPotion"}],"is_trial":false,"path_per_floor":["M","?","?","M","M","R","M","M","T","E","$","?","R","M","R","B",null,"M","?","M","M","M","R","M","R","T","E","$","M","?","M","R","B",null,"M","?","M","?","AVR","NM","R","E","T","R","M","?","?","?","R","B","M","M","?","T","R","M","R","$","?","B",null],"character_chosen":"THE_STARBREAKER","items_purchased":["Moonworks:RagingMadness","Toxic Egg 2","halation:LettersToHer","hubris:SlimyHat","Apotheosis+1","Mayhem","Dota2Spire:UrnOfShadows","ClockworkSouvenir"],"campfire_rested":0,"item_purchase_floors":[0,0,0,0,0,58,58,58],"current_hp_per_floor":[80,90,100,110,113,123,101,89,99,96,106,116,126,122,132,97,240,240,250,262,239,239,249,233,243,253,262,272,270,280,290,300,306,410,389,399,409,419,429,439,449,468,478,488,501,511,521,531,541,570,539,555,530,540,550,474,484,494,504,519],"gold":54,"neow_bonus":"","is_daily":false,"chose_seed":false,"campfire_upgraded":10,"win_rate":0.0,"timestamp":1610652234,"path_taken":["M","?","?","M","M","R","?","?","T","E","$","?","R","M","R","BOSS","M","?","M","M","M","R","?","R","T","E","?","M","?","M","R","BOSS","M","?","M","?","AVR","NM","R","E","T","R","M","?","?","?","R","BOSS","M","M","?","T","R","M","R","$","?","BOSS"],"items_purchased_type":["Card","Relic","Relic","Relic","Card","Card","Relic","Relic"],"build_version":"2020-12-22","purchased_purges":1,"victory":true,"max_hp_per_floor":[80,90,100,110,120,130,140,150,160,170,180,190,200,210,220,230,240,250,260,270,280,290,300,310,320,330,340,350,360,370,380,390,400,410,420,430,440,450,460,470,480,490,500,510,520,530,540,550,560,570,580,590,600,610,620,630,640,650,660,670],"card_choices":[{"not_picked":["Moonworks:SealedMemories+1","Moonworks:EvilSpyWorkPreparation+1"],"picked":"Moonworks:x16BigRocket","floor":1.0},{"not_picked":["Moonworks:UnpaidWork+1","Moonworks:LulusLuckyEgg+1","Moonworks:CloudOfSeagulls"],"picked":"SKIP","floor":4.0},{"not_picked":["Moonworks:IntelligenceOfficer+1","Moonworks:ScrambledEve+1","Moonworks:JonathanRush"],"picked":"SKIP","floor":5.0},{"not_picked":["Moonworks:NicePresent+1","Moonworks:IndiscriminateFireSupport"],"picked":"Moonworks:SweetBattle+1","floor":7.0},{"not_picked":["Moonworks:BindingChains+1","Moonworks:LulusLuckyEgg+1"],"picked":"Moonworks:EvilSpyWorkPreparation+1","floor":8.0},{"not_picked":["Moonworks:CloudOfSeagulls","Moonworks:LulusLuckyEgg+1","Moonworks:x16BigRocket"],"picked":"SKIP","floor":10.0},{"not_picked":["Moonworks:ExtendedPhotonRifle","Moonworks:EvilSpyWorkPreparation+1","Moonworks:CloudOfSeagulls"],"picked":"SKIP","floor":14.0},{"not_picked":["Moonworks:WeAreWaruda+1","Moonworks:StarBlastingFuse+1"],"picked":"Moonworks:CrystalBarrier","floor":16.0},{"not_picked":["Moonworks:BigMagnum+1","Moonworks:EvilSpyWorkPreparation+1","Moonworks:ForcedRevival+1"],"picked":"SKIP","floor":18.0},{"not_picked":["Moonworks:NicePresent+1","Moonworks:IndiscriminateFireSupport+1","Moonworks:DeployBits+1"],"picked":"SKIP","floor":20.0},{"not_picked":["Moonworks:Flamethrower+1","Moonworks:ImOnFire+1","Moonworks:JonathanRush+1"],"picked":"SKIP","floor":21.0},{"not_picked":["Moonworks:Flamethrower+1","Moonworks:ImOnFire+1","Moonworks:JonathanRush+1"],"picked":"SKIP","floor":21.0},{"not_picked":["Moonworks:Flamethrower+1","Moonworks:ImOnFire+1","Moonworks:JonathanRush+1"],"picked":"SKIP","floor":21.0},{"not_picked":["Moonworks:EvilSpyWorkPreparation+1","Moonworks:CloudOfSeagulls","Moonworks:AngelHand+1"],"picked":"SKIP","floor":22.0},{"not_picked":["Moonworks:LulusLuckyEgg+1","Moonworks:SakisCookie+1","Moonworks:Dash+1"],"picked":"SKIP","floor":24.0},{"not_picked":["Moonworks:NicePresent+1","Moonworks:ScrambledEve+1"],"picked":"Moonworks:BackdoorTrade+1","floor":27.0},{"not_picked":["Moonworks:CastOff+1","Moonworks:Poppoformation+1"],"picked":"Moonworks:AccelHyper+1","floor":29.0},{"not_picked":["Moonworks:JonathanRush","Moonworks:CompletionReward","Moonworks:DeployBits+1"],"picked":"SKIP","floor":31.0},{"not_picked":["Moonworks:Gamble","Moonworks:SubspaceTunnel+1"],"picked":"Moonworks:ShieldCounter+1","floor":33.0},{"not_picked":["Moonworks:LulusLuckyEgg+1","Moonworks:ImOnFire+1","Moonworks:BigMagnum+1"],"picked":"SKIP","floor":35.0},{"not_picked":["Moonworks:JonathanRush+1","Moonworks:BeyondHell+1"],"picked":"Moonworks:ImOnFire+1","floor":37.0},{"not_picked":["Moonworks:ImOnFire+1","Moonworks:CloudOfSeagulls+1","Moonworks:MixPhenomenon+1"],"picked":"SKIP","floor":40.0},{"not_picked":["Moonworks:NicePresent+1","Moonworks:DeployBits+1","Moonworks:BigMagnum+1"],"picked":"SKIP","floor":42.0},{"not_picked":["Moonworks:Flamethrower+1","Moonworks:BindingChains+1","Moonworks:SakisCookie+1"],"picked":"SKIP","floor":45.0},{"not_picked":["Moonworks:LuckyCharm+1","Moonworks:CloudOfSeagulls+1"],"picked":"Moonworks:TacticalRetreat+1","floor":51.0},{"not_picked":["Moonworks:WindyEnchantment+1","Moonworks:CookingTime+1"],"picked":"Moonworks:TacticalRetreat+1","floor":52.0},{"not_picked":["Moonworks:NicePresent+1","Moonworks:LulusLuckyEgg+1","Moonworks:SakisCookie+1"],"picked":"SKIP","floor":56.0}],"player_experience":280142,"relics_obtained":[{"floor":9.0,"key":"halation:LettersToHer"},{"floor":10.0,"key":"StuffTheSpire:GrapeVine"},{"floor":18.0,"key":"wanderingMiniBosses:AbyssPearl"},{"floor":26.0,"key":"halation:LettersToHer"},{"floor":26.0,"key":"Nunchaku"},{"floor":27.0,"key":"Juzu Bracelet"},{"floor":30.0,"key":"vexMod:FocusSash"},{"floor":30.0,"key":"hubris:PeanutButter"},{"floor":30.0,"key":"StoneCalendar"},{"floor":40.0,"key":"Toy Ornithopter"},{"floor":42.0,"key":"Bag of Preparation"},{"floor":43.0,"key":"halation:LettersToHer"},{"floor":43.0,"key":"Lizard Tail"},{"floor":46.0,"key":"CatCart"},{"floor":54.0,"key":"halation:LettersToHer"},{"floor":54.0,"key":"Dota2Spire:LotusOrb"},{"floor":56.0,"key":"paleoftheancients:SoulOfTheBandit"}],"event_choices":[{"damage_healed":0.0,"max_hp_gain":0.0,"max_hp_loss":0.0,"gold_gain":0.0,"event_name":"conspire:Investor","player_choice":"Leave","floor":3.0,"gold_loss":0.0,"damage_taken":0.0},{"damage_healed":0.0,"max_hp_gain":0.0,"max_hp_loss":0.0,"gold_gain":0.0,"event_name":"conspire:LoneGhost","player_choice":"Disagree","floor":12.0,"gold_loss":0.0,"damage_taken":0.0},{"damage_healed":0.0,"max_hp_gain":0.0,"max_hp_loss":0.0,"gold_gain":0.0,"event_name":"Match and Keep!","player_choice":"1 cards matched","floor":19.0,"gold_loss":0.0,"damage_taken":0.0,"cards_obtained":["Finesse"]},{"cards_removed":["conspire:NecroticWound"],"damage_healed":0.0,"max_hp_gain":0.0,"max_hp_loss":0.0,"gold_gain":0.0,"event_name":"Purifier","player_choice":"Purged","floor":36.0,"gold_loss":0.0,"damage_taken":0.0},{"damage_healed":0.0,"max_hp_gain":0.0,"max_hp_loss":0.0,"gold_gain":0.0,"event_name":"SecretPortal","player_choice":"Ignored","floor":38.0,"gold_loss":0.0,"damage_taken":0.0},{"damage_healed":0.0,"max_hp_gain":0.0,"max_hp_loss":0.0,"gold_gain":0.0,"event_name":"OrinTheCat","player_choice":"Fight","floor":46.0,"gold_loss":0.0,"damage_taken":0.0},{"damage_healed":0.0,"max_hp_gain":0.0,"max_hp_loss":0.0,"gold_gain":300.0,"event_name":"Wheel of Change","player_choice":"Gold","floor":48.0,"gold_loss":0.0,"damage_taken":0.0}],"is_beta":false,"boss_relics":[{"not_picked":["beaked:MawFillet","StuffTheSpire:RunicHypercube","aspiration:SilentSkillbook"]},{"not_picked":["hubris:RunicObelisk","hubris:Stopwatch"],"picked":"vexMod:DeviousBotling"}],"items_purged_floors":[0],"is_endless":false,"potions_floor_spawned":[7,14,16,18,20,21,27,31,45,46,56],"ascension_level":0}}