{"host":"msa0wxqjs3jv1k3j","time":1610629082,"event":{"mods":["AchievementEnabler","BaseMod","BetterRewards","Colored Map","Highlight Path","KOR Keyword Fix","Keyboard Shortcuts","Minty Spire (QoL Compilation)","Quick Restart","SuperFastMode","everything is the same but u backflip on backflip"],"gold_per_floor":[109,121,221,237,15,15,47,47,47,47,47,73,73,85,85,187,187,207,41,54,72,72,87,99,125,172,172,191,207,207,207,207,305,305,320,39,39,59,409,409,409,409,409,456,456,491,491,507,507,507,507],"floor_reached":50,"language":"KOR","playtime":1673,"items_purged":["Defend_P","Defend_P"],"score":598,"play_id":"4c8af5ec-200d-48aa-9cdc-2d4e2a8f2782","local_time":"20210114215802","is_ascension_mode":false,"campfire_choices":[{"data":"Eruption","floor":6.0,"key":"SMITH"},{"data":"ClearTheMind","floor":11.0,"key":"SMITH"},{"floor":13.0,"key":"REST"},{"data":"SandsOfTime","floor":15.0,"key":"SMITH"},{"floor":27,"key":"REST"},{"data":"BowlingBash","floor":30,"key":"SMITH"},{"floor":32,"key":"REST"},{"data":"Establishment","floor":40,"key":"SMITH"},{"floor":42,"key":"REST"},{"data":"DeusExMachina","floor":45,"key":"SMITH"},{"floor":49,"key":"REST"}],"circlet_count":0,"master_deck":["Strike_P+1","Strike_P","Defend_P+1","Eruption+1","Vigilance","MentalFortress","SandsOfTime+1","FollowUp","ClearTheMind+1","BowlingBash+1","DeusExMachina+1","BattleHymn","DeusExMachina","MentalFortress+1","Adaptation+1","MentalFortress","FearNoEvil+1","Establishment+1","Dark Shackles","Crescendo"],"relics":["PureWater","Singing Bowl","Lee\u0027s Waffle","Mango","Potion Belt","Membership Card","Pen Nib","Letter Opener","Question Card","Bag of Marbles","VioletLotus","Ancient Tea Set","Ornamental Fan","Dream Catcher","Runic Pyramid","Torii","Mercury Hourglass","Old Coin","Pear","Pocketwatch","Damaru"],"acts_visited":["Exordium","TheCity","TheBeyond"],"potions_floor_usage":[33,46,50],"damage_taken":[{"damage":0.0,"enemies":"Small Slimes","floor":1.0,"turns":3.0},{"damage":0.0,"enemies":"Cultist","floor":2.0,"turns":2.0},{"damage":6.0,"enemies":"2 Louse","floor":4.0,"turns":3.0},{"damage":26.0,"enemies":"Gremlin Nob","floor":7.0,"turns":3.0},{"damage":14.0,"enemies":"3 Sentries","floor":12.0,"turns":5.0},{"damage":0.0,"enemies":"Large Slime","floor":14.0,"turns":2.0},{"damage":35.0,"enemies":"Hexaghost","floor":16.0,"turns":6.0},{"damage":15.0,"enemies":"2 Thieves","floor":18.0,"turns":2.0},{"damage":5.0,"enemies":"Chosen","floor":20.0,"turns":3.0},{"damage":8.0,"enemies":"Snake Plant","floor":21.0,"turns":3.0},{"damage":29.0,"enemies":"Shelled Parasite and Fungi","floor":23.0,"turns":4.0},{"damage":26.0,"enemies":"Sentry and Sphere","floor":24.0,"turns":4.0},{"damage":39,"enemies":"Slavers","floor":25,"turns":4},{"damage":0,"enemies":"Chosen and Byrds","floor":28,"turns":4},{"damage":8,"enemies":"3 Cultists","floor":29,"turns":4},{"damage":16,"enemies":"Champ","floor":33,"turns":6},{"damage":36,"enemies":"3 Darklings","floor":35,"turns":5},{"damage":0,"enemies":"Orb Walker","floor":38,"turns":2},{"damage":13,"enemies":"Mind Bloom Boss Battle","floor":39,"turns":4},{"damage":38,"enemies":"2 Orb Walkers","floor":44,"turns":5},{"damage":41,"enemies":"Nemesis","floor":46,"turns":7},{"damage":22,"enemies":"3 Darklings","floor":48,"turns":3},{"damage":87,"enemies":"Time Eater","floor":50,"turns":3}],"seed_played":"-4742778417237751364","potions_obtained":[{"floor":2.0,"key":"EssenceOfSteel"},{"floor":12.0,"key":"Fire Potion"},{"floor":23.0,"key":"FearPotion"},{"floor":24.0,"key":"FairyPotion"},{"floor":35,"key":"AttackPotion"},{"floor":39,"key":"FearPotion"},{"floor":44,"key":"EssenceOfSteel"}],"is_trial":false,"path_per_floor":["M","M","?","M","$","R","E","?","T","?","R","E","R","M","R","B",null,"M","$","M","M","?","M","M","E","T","R","M","M","R","?","R","B",null,"M","$","?","M","?","R","?","R","T","?","R","E","?","M","R","B"],"character_chosen":"WATCHER","items_purchased":["MentalFortress","Singing Bowl","Lee\u0027s Waffle","Potion Belt","Membership Card","Pen Nib","Ancient Tea Set","BattleHymn","Torii","Mercury Hourglass"],"campfire_rested":5,"item_purchase_floors":[0,0,0,0,5,5,19,19,36,36],"current_hp_per_floor":[95,95,95,89,89,89,63,63,63,44,44,32,61,61,61,26,97,84,84,81,75,75,48,22,24,24,57,59,51,51,51,83,67,109,75,75,75,77,66,66,66,102,112,74,74,35,35,15,56,0,0],"gold":507,"neow_bonus":"","is_daily":false,"chose_seed":false,"campfire_upgraded":6,"win_rate":0.0,"timestamp":1610629082,"path_taken":["M","M","?","?","$","R","E","?","T","?","R","E","R","M","R","BOSS","M","$","M","M","?","M","?","E","T","R","M","M","R","?","R","BOSS","M","$","?","M","?","R","?","R","T","?","R","E","?","M","R","BOSS"],"items_purchased_type":["Card","Relic","Relic","Relic","Relic","Relic","Relic","Card","Relic","Relic"],"build_version":"2020-12-22","purchased_purges":2,"victory":false,"max_hp_per_floor":[95,95,95,95,95,95,95,95,95,95,95,97,97,97,97,97,97,99,99,101,103,103,105,105,105,105,107,109,109,109,109,109,109,109,111,111,111,113,115,115,115,117,127,127,127,129,129,131,133,133,133],"card_choices":[{"not_picked":["Evaluate","CrushJoints","FlurryOfBlows"],"picked":"Singing Bowl","floor":1.0},{"not_picked":["PathToVictory","Protect"],"picked":"SandsOfTime","floor":2.0},{"not_picked":["SashWhip","Halt"],"picked":"FollowUp","floor":4.0},{"not_picked":["Halt","FlurryOfBlows"],"picked":"ClearTheMind","floor":7.0},{"not_picked":["Study","EmptyBody","PathToVictory","Pray"],"picked":"Singing Bowl","floor":12.0},{"not_picked":["WreathOfFlame","FlyingSleeves","Halt"],"picked":"BowlingBash","floor":14.0},{"not_picked":["LessonLearned","ConjureBlade","Devotion"],"picked":"DeusExMachina","floor":16.0},{"not_picked":["DeceiveReality","FlyingSleeves","JustLucky","Halt"],"picked":"Singing Bowl","floor":18.0},{"not_picked":["Weave","Nirvana+1","Swivel","FlurryOfBlows"],"picked":"Singing Bowl","floor":20.0},{"not_picked":["CrushJoints","ThirdEye","EmptyBody","FlyingSleeves"],"picked":"Singing Bowl","floor":21.0},{"not_picked":["Nirvana","Prostrate","Vault","CrushJoints"],"picked":"Singing Bowl","floor":23.0},{"not_picked":["WaveOfTheHand","ClearTheMind+1","EmptyBody"],"picked":"MentalFortress+1","floor":24.0},{"not_picked":["Omniscience","WaveOfTheHand","BowlingBash"],"picked":"Adaptation+1","floor":25},{"not_picked":["Worship","Prostrate+1","ClearTheMind","SashWhip"],"picked":"Singing Bowl","floor":27},{"not_picked":["Evaluate","CrushJoints","WheelKick+1","ClearTheMind"],"picked":"Singing Bowl","floor":28},{"not_picked":["Adaptation","Conclude","Pray"],"picked":"MentalFortress","floor":29},{"not_picked":["MentalFortress","WreathOfFlame+1","Wireheading"],"picked":"FearNoEvil+1","floor":32},{"not_picked":["LessonLearned","Ragnarok","Wish"],"picked":"Establishment","floor":33},{"not_picked":["ThirdEye+1","WheelKick","Protect+1","FlurryOfBlows+1"],"picked":"Singing Bowl","floor":35},{"not_picked":["Worship+1","JustLucky","Nirvana","FollowUp+1"],"picked":"Singing Bowl","floor":38},{"not_picked":["Wallop+1","Protect+1","ReachHeaven+1","MentalFortress"],"picked":"Singing Bowl","floor":39},{"not_picked":["Trip","Flash of Steel","Blind"],"picked":"Dark Shackles","floor":41},{"not_picked":["Fasting2","Halt","Omniscience","CutThroughFate+1"],"picked":"Singing Bowl","floor":42},{"not_picked":["TalkToTheHand+1","Halt+1","SashWhip+1"],"picked":"Crescendo","floor":44},{"not_picked":["Worship","SignatureMove+1","FearNoEvil","MentalFortress"],"picked":"Singing Bowl","floor":46},{"not_picked":["Pray","Halt+1","BowlingBash","ClearTheMind"],"picked":"Singing Bowl","floor":48},{"not_picked":["CrushJoints+1","TalkToTheHand+1","ThirdEye","ClearTheMind"],"picked":"Singing Bowl","floor":49}],"player_experience":111921,"relics_obtained":[{"floor":7.0,"key":"Letter Opener"},{"floor":9.0,"key":"Question Card"},{"floor":12.0,"key":"Bag of Marbles"},{"floor":25,"key":"Ornamental Fan"},{"floor":26,"key":"Dream Catcher"},{"floor":39,"key":"Old Coin"},{"floor":43,"key":"Pear"},{"floor":44,"key":"Pocketwatch"},{"floor":46,"key":"Damaru"}],"event_choices":[{"damage_healed":0.0,"max_hp_gain":0.0,"max_hp_loss":0.0,"gold_gain":100.0,"event_name":"Wheel of Change","player_choice":"Gold","floor":3.0,"gold_loss":0.0,"damage_taken":0.0},{"cards_removed":["Strike_P"],"damage_healed":0.0,"max_hp_gain":0.0,"max_hp_loss":0.0,"gold_gain":0.0,"event_name":"Living Wall","player_choice":"Forget","floor":8.0,"gold_loss":0.0,"damage_taken":0.0},{"damage_healed":0.0,"max_hp_gain":0.0,"max_hp_loss":0.0,"gold_gain":0.0,"event_name":"Shining Light","player_choice":"Entered Light","floor":10.0,"gold_loss":0.0,"damage_taken":19.0,"cards_upgraded":["Strike_P","Defend_P"]},{"damage_healed":0.0,"max_hp_gain":0.0,"max_hp_loss":0.0,"gold_gain":0.0,"event_name":"Duplicator","player_choice":"Copied","floor":22.0,"gold_loss":0.0,"damage_taken":0.0,"cards_obtained":["DeusExMachina"]},{"damage_healed":0,"gold_gain":0,"player_choice":"Ignored","damage_taken":0,"max_hp_gain":0,"max_hp_loss":0,"event_name":"Ghosts","floor":31,"gold_loss":0},{"cards_removed":["Defend_P"],"damage_healed":0,"gold_gain":0,"player_choice":"Removed Skill","damage_taken":0,"max_hp_gain":0,"max_hp_loss":0,"event_name":"Falling","floor":37,"gold_loss":0},{"damage_healed":0,"gold_gain":0,"player_choice":"Fight","damage_taken":0,"max_hp_gain":0,"max_hp_loss":0,"event_name":"MindBloom","floor":39,"gold_loss":0},{"damage_healed":0,"gold_gain":0,"player_choice":"Memory 1","damage_taken":0,"max_hp_gain":0,"max_hp_loss":0,"event_name":"SensoryStone","floor":41,"gold_loss":0},{"damage_healed":0,"gold_gain":0,"player_choice":"Fight","damage_taken":0,"max_hp_gain":0,"max_hp_loss":0,"event_name":"Mysterious Sphere","floor":44,"gold_loss":0},{"cards_removed":["Strike_P"],"damage_healed":0,"gold_gain":0,"player_choice":"Offered Basic","damage_taken":0,"max_hp_gain":0,"max_hp_loss":0,"event_name":"Bonfire Elementals","floor":47,"gold_loss":0}],"is_beta":false,"boss_relics":[{"not_picked":["Snecko Eye","Fusion Hammer"],"picked":"VioletLotus"},{"not_picked":["Empty Cage","Astrolabe"],"picked":"Runic Pyramid"}],"items_purged_floors":[0,19],"is_endless":false,"potions_floor_spawned":[2,12,23,24,35,39,44],"killed_by":"Time Eater","ascension_level":0}}