{"host":"f5uumzf5hfexzk8l","time":1610594211,"event":{"mods":["AchievementEnabler","BaseMod","Bestiary","Colored Map","Googly Eyes","Minty Spire (QoL Compilation)","Permanent Neow","Relic Sorter","Relic Stats","SuperFastMode","Unceasing Turn Reminder","everything is the same but u backflip on backflip"],"gold_per_floor":[109,122,135,153,166,191,191,225,225,235,78,78,93,123,123,200,200,217,237,237],"floor_reached":19,"language":"ENG","playtime":718,"items_purged":[],"score":328,"play_id":"27d75d0c-b94b-446d-96a0-6ef2b2de7abd","local_time":"20210113191651","is_ascension_mode":true,"campfire_choices":[{"floor":7.0,"key":"REST"},{"data":"Crescendo","floor":12.0,"key":"SMITH"},{"data":"BattleHymn","floor":15.0,"key":"SMITH"}],"circlet_count":0,"master_deck":["AscendersBane","Strike_P","Strike_P","Strike_P","Strike_P","Defend_P","Defend_P","Defend_P","Defend_P","Eruption","Vigilance","Judgement","ClearTheMind","ThirdEye","EmptyFist","Vengeance","Indignation","Crescendo+1","ThirdEye","BattleHymn+1","Evaluate","Devotion"],"relics":["PureWater","Pantograph","Shuriken","InkBottle","Lee\u0027s Waffle","Mummified Hand","Runic Pyramid"],"acts_visited":["Exordium","TheCity"],"potions_floor_usage":[],"damage_taken":[{"damage":0.0,"enemies":"2 Louse","floor":1.0,"turns":2.0},{"damage":7.0,"enemies":"Jaw Worm","floor":2.0,"turns":3.0},{"damage":1.0,"enemies":"Small Slimes","floor":3.0,"turns":3.0},{"damage":6.0,"enemies":"Looter","floor":4.0,"turns":2.0},{"damage":7.0,"enemies":"3 Louse","floor":5.0,"turns":4.0},{"damage":10.0,"enemies":"Gremlin Nob","floor":6.0,"turns":3.0},{"damage":16.0,"enemies":"Lagavulin","floor":8.0,"turns":5.0},{"damage":15.0,"enemies":"Large Slime","floor":10.0,"turns":4.0},{"damage":5.0,"enemies":"Exordium Wildlife","floor":13.0,"turns":3.0},{"damage":20.0,"enemies":"3 Sentries","floor":14.0,"turns":6.0},{"damage":11.0,"enemies":"The Guardian","floor":16.0,"turns":9.0},{"damage":25.0,"enemies":"2 Thieves","floor":18.0,"turns":3.0},{"damage":24.0,"enemies":"3 Byrds","floor":19.0,"turns":4.0}],"seed_played":"1871407850586791043","potions_obtained":[{"floor":1.0,"key":"SmokeBomb"},{"floor":5.0,"key":"StancePotion"},{"floor":6.0,"key":"BottledMiracle"},{"floor":10.0,"key":"EssenceOfSteel"},{"floor":16.0,"key":"DuplicationPotion"}],"is_trial":false,"path_per_floor":["M","M","M","M","M","E","R","E","T","M","$","R","M","E","R","B",null,"M","M"],"character_chosen":"WATCHER","items_purchased":["Lee\u0027s Waffle"],"campfire_rested":1,"item_purchase_floors":[11],"current_hp_per_floor":[43,36,35,29,22,12,32,16,16,1,75,75,70,50,50,64,72,47,23,23],"gold":237,"neow_bonus":"THREE_RARE_CARDS","is_daily":false,"chose_seed":false,"campfire_upgraded":2,"win_rate":0.0,"timestamp":1610594211,"path_taken":["M","M","M","M","M","E","R","E","T","M","$","R","M","E","R","BOSS","M","M"],"items_purchased_type":["Relic"],"build_version":"2020-12-22","purchased_purges":0,"victory":false,"max_hp_per_floor":[68,68,68,68,68,68,68,68,68,68,75,75,75,75,75,75,75,75,75,75],"relic_stats":{"Lee\u0027s Waffle":74,"counters":[13,51],"Shuriken":[8],"Mummified Hand":[6],"Pantograph":25,"obtain_stats":[{"Lee\u0027s Waffle":11,"Shuriken":8,"Mummified Hand":14,"Pantograph":6,"PureWater":0,"InkBottle":9,"Runic Pyramid":17},{"Lee\u0027s Waffle":8,"Shuriken":7,"Mummified Hand":10,"Pantograph":6,"PureWater":0,"InkBottle":7,"Runic Pyramid":11},{"Lee\u0027s Waffle":26,"Shuriken":22,"Mummified Hand":35,"Pantograph":17,"PureWater":0,"InkBottle":22,"Runic Pyramid":44}],"InkBottle":[10]},"card_choices":[{"not_picked":["DeusExMachina","Alpha"],"picked":"Judgement","floor":0.0},{"not_picked":["Collect","Halt","SashWhip"],"picked":"SKIP","floor":1.0},{"not_picked":["FollowUp","Crescendo"],"picked":"ClearTheMind","floor":2.0},{"not_picked":["Evaluate","FlyingSleeves"],"picked":"ThirdEye","floor":3.0},{"not_picked":["ClearTheMind","WaveOfTheHand"],"picked":"EmptyFist","floor":4.0},{"not_picked":["FollowUp","ClearTheMind"],"picked":"Vengeance","floor":5.0},{"not_picked":["SignatureMove","CrushJoints"],"picked":"Indignation","floor":6.0},{"not_picked":["Omniscience","EmptyMind"],"picked":"Crescendo","floor":8.0},{"not_picked":["Evaluate","Prostrate"],"picked":"ThirdEye","floor":10.0},{"not_picked":["WaveOfTheHand","FlurryOfBlows"],"picked":"BattleHymn","floor":13.0},{"not_picked":["Consecrate","ClearTheMind"],"picked":"Evaluate","floor":14.0},{"not_picked":["Ragnarok","Brilliance"],"picked":"Devotion","floor":16.0},{"not_picked":["DeceiveReality","ForeignInfluence","PathToVictory"],"picked":"SKIP","floor":18.0}],"player_experience":391100,"relics_obtained":[{"floor":6.0,"key":"Pantograph"},{"floor":8.0,"key":"Shuriken"},{"floor":9.0,"key":"InkBottle"},{"floor":14.0,"key":"Mummified Hand"}],"event_choices":[],"is_beta":false,"boss_relics":[{"not_picked":["Fusion Hammer","Snecko Eye"],"picked":"Runic Pyramid"}],"items_purged_floors":[],"is_endless":false,"potions_floor_spawned":[1,5,6,10,14,16],"killed_by":"3 Byrds","ascension_level":14}}