{"host":"7uuqqk35leady37t","time":1610612841,"event":{"mods":["BaseMod","Colored Map","Colored Powertips","Marisa£®ÏF”Í°°ƒß¿Ì…≥£©","Minty Spire (QoL Compilation)","Relic Stats","Remilia£®¿Ÿ√◊¿Ú—«£©","Replay The Spire","Robot Space Explorer","StSLib","The Bug Knight","The Servant 0.9.4","UnlockEverythingMod","Waifu the Spire","Yuri Mod","[IsaacMod]“‘»ˆº‚À˛"],"gold_per_floor":[112,123,140,15,27,27,54,54,78,78,78,78,78,78],"floor_reached":13,"language":"ZHS","playtime":479,"items_purged":["Defend_P"],"score":166,"play_id":"8b669301-8fec-4a5b-bb69-557e5a9a42af","local_time":"20210114162721","is_ascension_mode":true,"campfire_choices":[{"floor":6,"key":"REST"},{"floor":8,"key":"REST"}],"circlet_count":0,"master_deck":["AscendersBane","Strike_P","Strike_P","Strike_P","Strike_P","Defend_P","Defend_P","Defend_P","Eruption","Vigilance","Sanctity","Indignation","Crescendo","Alpha","Prostrate","ThirdEye"],"relics":["PureWater","HushsDoor","SteamSale","Happy Flower","Replay:Rubber Ducky"],"acts_visited":["Exordium"],"potions_floor_usage":[2,3],"damage_taken":[{"damage":6,"enemies":"Cultist","floor":1,"turns":4},{"damage":0,"enemies":"Small Slimes","floor":2,"turns":1},{"damage":0,"enemies":"2 Louse","floor":3,"turns":4},{"damage":22,"enemies":"Exordium Thugs","floor":5,"turns":3},{"damage":51,"enemies":"3 Sentries","floor":7,"turns":7},{"damage":55,"enemies":"Lagavulin","floor":13,"turns":5}],"seed_played":"-7647683910862808006","potions_obtained":[{"floor":1,"key":"DistilledChaos"},{"floor":2,"key":"PowerPotion"},{"floor":5,"key":"SpeedPotion"},{"floor":12,"key":"Strength Potion"}],"is_trial":false,"path_per_floor":["M","M","M","$","M","R","E","R","T","$","?","?","E"],"character_chosen":"WATCHER","items_purchased":["Alpha"],"campfire_rested":2,"item_purchase_floors":[4],"current_hp_per_floor":[61,61,61,61,39,61,10,32,32,32,32,32,0,0],"gold":78,"neow_bonus":"TEN_PERCENT_HP_BONUS","is_daily":false,"chose_seed":false,"campfire_upgraded":0,"win_rate":0.0,"timestamp":1610612841,"path_taken":["M","M","?","$","M","R","E","R","T","$","?","?","E"],"items_purchased_type":["Card"],"build_version":"2020-12-22","purchased_purges":1,"victory":false,"max_hp_per_floor":[74,74,74,74,74,74,74,74,74,74,74,74,74,74],"relic_stats":{"Happy Flower":[1],"counters":[6,24],"obtain_stats":[{"KeepersGift":0,"Happy Flower":7,"PureWater":0,"HushsDoor":0,"SteamSale":0,"Replay:Rubber Ducky":9},{"KeepersGift":0,"Happy Flower":5,"PureWater":0,"HushsDoor":0,"SteamSale":0,"Replay:Rubber Ducky":5},{"KeepersGift":0,"Happy Flower":19,"PureWater":0,"HushsDoor":0,"SteamSale":0,"Replay:Rubber Ducky":19}]},"card_choices":[{"not_picked":[],"picked":"ChaosCard","floor":0},{"not_picked":["SashWhip","EmptyBody"],"picked":"Sanctity","floor":1},{"not_picked":["Meditate","CrushJoints"],"picked":"Indignation","floor":2},{"not_picked":["Bomb","Protect"],"picked":"Crescendo","floor":3},{"not_picked":["Consecrate","Worship"],"picked":"Prostrate","floor":5},{"not_picked":["WreathOfFlame","Nirvana"],"picked":"ThirdEye","floor":7}],"player_experience":54730,"relics_obtained":[{"floor":7,"key":"Happy Flower"},{"floor":9,"key":"Replay:Rubber Ducky"}],"event_choices":[{"damage_healed":0,"gold_gain":0,"player_choice":"Got Potions","damage_taken":0,"max_hp_gain":0,"max_hp_loss":0,"event_name":"Lab","floor":12,"gold_loss":0}],"is_beta":false,"boss_relics":[],"items_purged_floors":[4],"is_endless":false,"potions_floor_spawned":[1,2,5],"killed_by":"Lagavulin","ascension_level":20}}