{"host":"Rich","time":1610661609,"event":{"mods":["AchievementEnabler","BaseMod","Highlight Path","Minty Spire (QoL Compilation)","Relic Stats"],"gold_per_floor":[109,109,125,125,23,51,70,70,70],"floor_reached":8,"language":"ENG","playtime":168,"items_purged":[],"score":162,"play_id":"0c39041c-408d-41ff-b82e-7f27c3c7df4a","local_time":"20210114170009","is_ascension_mode":true,"campfire_choices":[],"circlet_count":0,"master_deck":["AscendersBane","Strike_G","Strike_G","Strike_G","Strike_G","Defend_G","Defend_G","Defend_G","Defend_G","Survivor","Neutralize","Acrobatics","Eviscerate","Backstab","PiercingWail","Dagger Spray+1"],"relics":["Ring of the Snake","NeowsBlessing","Unceasing Top","Molten Egg 2"],"acts_visited":["Exordium"],"potions_floor_usage":[8],"damage_taken":[{"damage":0,"enemies":"Small Slimes","floor":1,"turns":1},{"damage":0,"enemies":"2 Louse","floor":3,"turns":1},{"damage":0,"enemies":"Lagavulin","floor":6,"turns":1},{"damage":6,"enemies":"Cultist","floor":7,"turns":3},{"damage":76,"enemies":"Gremlin Nob","floor":8,"turns":5}],"seed_played":"5135012740560987947","potions_obtained":[{"floor":6,"key":"Regen Potion"}],"is_trial":false,"path_per_floor":["M","?","M","?","?","E","M","E"],"character_chosen":"THE_SILENT","items_purchased":[],"campfire_rested":0,"item_purchase_floors":[],"current_hp_per_floor":[59,59,59,52,52,52,46,0,0],"gold":70,"neow_bonus":"THREE_ENEMY_KILL","is_daily":false,"chose_seed":false,"campfire_upgraded":0,"win_rate":0.0,"timestamp":1610661609,"path_taken":["M","?","M","?","?","E","?","E"],"items_purchased_type":[],"build_version":"2020-12-18","purchased_purges":0,"victory":false,"max_hp_per_floor":[66,66,66,66,66,66,66,66,66],"relic_stats":{"counters":[5,11],"obtain_stats":[{"NeowsBlessing":0,"Molten Egg 2":6,"Unceasing Top":5,"Ring of the Snake":0},{"NeowsBlessing":0,"Molten Egg 2":3,"Unceasing Top":2,"Ring of the Snake":0},{"NeowsBlessing":0,"Molten Egg 2":3,"Unceasing Top":2,"Ring of the Snake":0}],"Unceasing Top":[0],"Ring of the Snake":[10]},"card_choices":[{"not_picked":["Deflect","Skewer"],"picked":"Acrobatics","floor":1},{"not_picked":["Calculated Gamble","Bane"],"picked":"Backstab","floor":3},{"not_picked":["Infinite Blades","Flechettes+1"],"picked":"PiercingWail","floor":6},{"not_picked":["Night Terror","Prepared"],"picked":"Dagger Spray+1","floor":7}],"player_experience":1986987,"relics_obtained":[{"floor":6,"key":"Molten Egg 2"}],"event_choices":[{"damage_healed":0,"gold_gain":0,"cards_transformed":["Defend_G"],"player_choice":"Change","damage_taken":0,"max_hp_gain":0,"max_hp_loss":0,"event_name":"Living Wall","floor":2,"gold_loss":0,"cards_obtained":["Eviscerate"]},{"cards_removed":["Strike_G"],"damage_healed":0,"gold_gain":0,"player_choice":"Card Removal","damage_taken":7,"max_hp_gain":0,"max_hp_loss":0,"event_name":"Golden Wing","floor":4,"gold_loss":0},{"damage_healed":0,"gold_gain":0,"player_choice":"Paid Gold","damage_taken":0,"relics_obtained":["Unceasing Top"],"max_hp_gain":0,"max_hp_loss":0,"event_name":"WeMeetAgain","floor":5,"gold_loss":102}],"is_beta":true,"boss_relics":[],"items_purged_floors":[],"is_endless":false,"potions_floor_spawned":[6],"killed_by":"Gremlin Nob","ascension_level":20}}