{"host":"51fyd6gkml7xavq8","time":1610655707,"event":{"mods":["BaseMod","BetterRewards","Colored Map","Energized Spire","Infinite Spire","Minty Spire (QoL Compilation)","Replay The Spire","Shop Mod","Spicy Shops","StSLib","The Blue Laboratory","[IsaacMod]????"],"gold_per_floor":[110,75,25,39,52,79,79,113,137,212,227,254,274,299,299,394,444,459,478,443,456,466,466,466,466],"floor_reached":24,"language":"ENG","playtime":1166,"items_purged":["Dualcast","Strike_B"],"score":361,"play_id":"848c2218-0e98-4061-b856-f1cc7785ab57","local_time":"20210114172147","is_ascension_mode":true,"campfire_choices":[{"data":"ReplayTheSpireMod:Calculation Training","floor":7.0,"key":"SMITH"},{"data":"Zap","floor":23,"key":"SMITH"}],"circlet_count":0,"master_deck":["Strike_B","Strike_B","Strike_B","Defend_B","Defend_B+1","Defend_B+1","Defend_B+1","Zap+1","ReplayTheSpireMod:Calculation Training+1","Self Repair+1","Defragment","FIFO Queue","Consume+1"],"relics":["Cracked Core","HushsDoor","TheBean","MerchantsRug","Geode","infinitespire:SolderingIron","War Paint","Garlic","Toxic Egg 2","Tiny House"],"acts_visited":["Exordium","TheCity"],"potions_floor_usage":[12,12,12,24],"damage_taken":[{"damage":1.0,"enemies":"Cultist","floor":1.0,"turns":4.0},{"damage":0.0,"enemies":"2 Louse","floor":4.0,"turns":2.0},{"damage":9.0,"enemies":"Small Slimes","floor":5.0,"turns":4.0},{"damage":0.0,"enemies":"3 Sentries","floor":6.0,"turns":1.0},{"damage":25.0,"enemies":"Lagavulin","floor":8.0,"turns":7.0},{"damage":0,"enemies":"3 Louse","floor":11,"turns":3},{"damage":0,"enemies":"3 Sentries","floor":12,"turns":2},{"damage":4,"enemies":"Gremlin Gang","floor":13,"turns":3},{"damage":50,"enemies":"Nightmare","floor":14,"turns":11},{"damage":0,"enemies":"The Guardian","floor":16,"turns":2},{"damage":24,"enemies":"Chosen","floor":18,"turns":5},{"damage":6,"enemies":"3 Byrds","floor":19,"turns":3},{"damage":30,"enemies":"Snake Plant","floor":21,"turns":5},{"damage":19,"enemies":"Snecko","floor":22,"turns":5},{"damage":34,"enemies":"Shelled Parasite and Fungi","floor":24,"turns":4}],"seed_played":"-8620018718717156886","potions_obtained":[{"floor":1.0,"key":"GamblersBrew"},{"floor":6.0,"key":"CultistPotion"},{"floor":8.0,"key":"blueLaboratory:SystemWipe"},{"floor":11,"key":"GamblersBrew"},{"floor":14,"key":"blueLaboratory:RelayPotion"},{"floor":17,"key":"SmokeBomb"},{"floor":18,"key":"blueLaboratory:NullPotion"},{"floor":22,"key":"blueLaboratory:Moonshine"}],"is_trial":false,"path_per_floor":["M","?","$","M","M","E","R","E","T","?","M","E","M","NM","R_BF","B",null,"M","M","$","M","M","R","M"],"character_chosen":"DEFECT","items_purchased":["ReplayTheSpireMod:Calculation Training","Self Repair","MerchantsRug"],"campfire_rested":0,"item_purchase_floors":[0,0,0],"current_hp_per_floor":[63,75,75,75,73,73,73,55,55,44,51,51,54,11,33,33,70,56,60,60,40,31,31,0,0],"gold":466,"neow_bonus":"","is_daily":false,"chose_seed":false,"campfire_upgraded":2,"win_rate":0.0,"timestamp":1610655707,"path_taken":["M","?","$","M","M","E","R","E","T","?","?","E","M","NM","R_BF","BOSS","M","?","$","M","M","R","M"],"items_purchased_type":["Card","Card","Relic"],"build_version":"2020-12-22","purchased_purges":2,"victory":false,"max_hp_per_floor":[75,75,75,75,75,75,75,75,75,75,75,75,75,75,75,75,80,80,80,80,80,80,80,80,80],"card_choices":[{"not_picked":[],"picked":"Bomb","floor":0.0},{"not_picked":["Coolheaded","Time Bomb"],"picked":"Bomb","floor":1.0},{"not_picked":["Undo","Turbo","Gash"],"picked":"SKIP","floor":4.0},{"not_picked":["Sunder","Leap","Genetic Algorithm"],"picked":"SKIP","floor":5.0},{"not_picked":["Hyperbeam","Coolheaded","Beam Cell"],"picked":"SKIP","floor":6.0},{"not_picked":["Compile Driver","Go for the Eyes","Conserve Battery"],"picked":"SKIP","floor":8.0},{"not_picked":["Rebound","Sweeping Beam","Gash"],"picked":"SKIP","floor":11},{"not_picked":["Beam Cell","Thunder Strike"],"picked":"Defragment","floor":12},{"not_picked":["Streamline","Redo"],"picked":"FIFO Queue","floor":13},{"not_picked":["infinitespire:Menacing+1","ReplayTheSpireMod:Haul+1"],"picked":"infinitespire:SealOfDarkness+","floor":14},{"not_picked":["Reprogram+1","Rebound","Sunder"],"picked":"SKIP","floor":14},{"not_picked":["Compile Driver","Gash"],"picked":"Consume+1","floor":17},{"not_picked":["Ball Lightning+1","BootSequence+1","Heatsinks+1"],"picked":"SKIP","floor":18},{"not_picked":["ReplayTheSpireMod:Repulse+1","Rebound","Streamline+1"],"picked":"SKIP","floor":19},{"not_picked":["Conserve Battery+1","Cold Snap","Melter"],"picked":"SKIP","floor":21},{"not_picked":["Crystallizer+1","BootSequence+1","Redo+1"],"picked":"SKIP","floor":22}],"player_experience":527066,"relics_obtained":[{"floor":6.0,"key":"Geode"},{"floor":8.0,"key":"infinitespire:SolderingIron"},{"floor":9.0,"key":"War Paint"},{"floor":12,"key":"Garlic"},{"floor":14,"key":"Toxic Egg 2"}],"event_choices":[{"damage_healed":18.0,"max_hp_gain":0.0,"max_hp_loss":0.0,"gold_gain":0.0,"event_name":"The Cleric","player_choice":"Healed","floor":2.0,"gold_loss":35.0,"damage_taken":0.0},{"damage_healed":0.0,"max_hp_gain":0.0,"max_hp_loss":0.0,"gold_gain":75.0,"event_name":"World of Goop","player_choice":"Gather Gold","floor":10.0,"gold_loss":0.0,"damage_taken":11.0}],"is_beta":false,"boss_relics":[{"not_picked":["ChewingGum","Replay:Drink Me"],"picked":"Tiny House"},{"not_picked":[]}],"items_purged_floors":[3,20],"is_endless":true,"potions_floor_spawned":[1,6,8,11,14,18,22],"killed_by":"Shelled Parasite and Fungi","ascension_level":6}}