{"host":"Connor","time":1610585629,"event":{"mods":["Aspiration","BaseMod","Downfall","Hubris","Marisa????????","Minty Spire (QoL Compilation)","Replay The Spire","StSLib","The Cursed","The Jungle","The Servant 0.9.4"],"gold_per_floor":[111,5,5,5,5,5,5,5,74,39,64,89,114,152,152,152,152],"floor_reached":16,"language":"ENG","playtime":385,"items_purged":[],"score":191,"play_id":"094bbde1-673b-4ccc-8aca-50731c7bdb4f","local_time":"20210113165349","is_ascension_mode":true,"campfire_choices":[{"floor":6,"key":"REST"},{"data":"Rampage","floor":8,"key":"SMITH"},{"data":"Swivel","floor":15,"key":"SMITH"}],"circlet_count":0,"master_deck":["AscendersBane","Strike_R","Strike_R","Strike_R","Strike_R","Defend_R","Defend_R","Defend_R","Defend_R","Bash","Rampage+1","expansioncontent:Flail","Injury","Swivel+1","Fire Breathing+1","Iron Wave","ReachHeaven"],"relics":["Burning Blood","aspiration:Nostalgia","Replay:M_SmolderingBlood","Golden Idol","Oddly Smooth Stone","hubris:EvacipatedBox","Frozen Egg 2","Ornamental Fan","The Courier"],"acts_visited":["Exordium"],"potions_floor_usage":[1,13,14],"damage_taken":[{"damage":9,"enemies":"Small Slimes","floor":1,"turns":5},{"damage":1,"enemies":"2 Louse","floor":11,"turns":3},{"damage":0,"enemies":"Jaw Worm","floor":12,"turns":3},{"damage":0,"enemies":"Lots of Slimes","floor":13,"turns":2},{"damage":24,"enemies":"3 Sentries","floor":14,"turns":4},{"damage":50,"enemies":"Hexaghost","floor":16,"turns":9}],"seed_played":"6930775075400014616","potions_obtained":[{"floor":1,"key":"EntropicBrew"}],"is_trial":false,"path_per_floor":["M","$","?","?","$","R","?","R","T","?","M","M","M","E","R","B"],"character_chosen":"IRONCLAD","items_purchased":["expansioncontent:Flail","Oddly Smooth Stone","hubris:EvacipatedBox"],"campfire_rested":1,"item_purchase_floors":[2,5,5],"current_hp_per_floor":[65,65,39,39,10,32,32,32,32,50,55,61,67,49,49,0,0],"gold":152,"neow_bonus":"NOSTALGIA","is_daily":false,"chose_seed":false,"campfire_upgraded":2,"win_rate":0.0,"timestamp":1610585629,"path_taken":["M","$","?","?","?","R","?","R","T","?","M","?","M","E","R","BOSS"],"items_purchased_type":["Card","Relic","Relic"],"build_version":"2020-12-18","purchased_purges":0,"victory":false,"max_hp_per_floor":[75,75,75,75,75,75,75,75,75,75,75,75,75,75,75,75,75],"card_choices":[{"not_picked":["hubris:SharpeningStone","ReplayTheSpireMod:LeadingStrike"],"picked":"Rampage","floor":1},{"not_picked":["Crescendo","Clash"],"picked":"Swivel","floor":11},{"not_picked":["Thunderclap","hubris:ReadiedAction"],"picked":"Fire Breathing+1","floor":12},{"not_picked":["Clash","Run Through"],"picked":"Iron Wave","floor":13},{"not_picked":["CrushJoints","Clothesline"],"picked":"ReachHeaven","floor":14}],"player_experience":626915,"relics_obtained":[{"floor":9,"key":"Ornamental Fan"},{"floor":14,"key":"The Courier"}],"event_choices":[{"damage_healed":0,"gold_gain":0,"player_choice":"Take Damage","damage_taken":26,"relics_obtained":["Golden Idol"],"max_hp_gain":0,"max_hp_loss":0,"event_name":"Golden Idol","floor":3,"gold_loss":0},{"cards_removed":["Strike_R"],"damage_healed":0,"gold_gain":0,"player_choice":"Forget","damage_taken":0,"max_hp_gain":0,"max_hp_loss":0,"event_name":"Living Wall","floor":4,"gold_loss":0},{"damage_healed":18,"gold_gain":0,"player_choice":"Healed","damage_taken":0,"max_hp_gain":0,"max_hp_loss":0,"event_name":"The Cleric","floor":10,"gold_loss":35}],"is_beta":true,"boss_relics":[],"items_purged_floors":[],"is_endless":false,"potions_floor_spawned":[1],"killed_by":"Hexaghost","ascension_level":19}}