{"host":"a4220vmwe0snk9yx","time":1610642035,"event":{"mods":["100% Spire Juice","AchievementEnabler","BaseMod","Bestiary","Better Altar","Better Skull","BetterRewards","CapriCore","Card Forge","Chen","Gold Saver","HololiveMod","Koishi","Marisa（霧雨　魔理沙）","Minty Spire (QoL Compilation)","Prisma Mod","Reimu（博??梦）","StSLib","SuperFastMode","The Alterego","The Animator","The Immortal","The Wild Card","Waifu the Spire","WarShipGirlsR/??少女R mod","Yakumo Yukari mod"],"gold_per_floor":[961,83,94,94,110,110,110,110,110,110,129,139,139,155,155,260,260,275,375,390,390,340,340,340],"floor_reached":23,"language":"ENG","playtime":1128,"items_purged":[],"score":181,"play_id":"fa4fa36b-69e9-4146-8f6c-07ac4583a414","local_time":"20210114113355","is_ascension_mode":false,"campfire_choices":[{"data":"Moonworks:BigBangBell","floor":6,"key":"SMITH"},{"data":"Thinking Ahead","floor":8,"key":"SMITH"},{"data":"Moonworks:LulusLuckyEgg","floor":10,"key":"SMITH"},{"data":"Moonworks:UnpaidWork","floor":13,"key":"SMITH"},{"data":"Moonworks:EvilSpyWorkPreparation","floor":15,"key":"SMITH"}],"circlet_count":0,"master_deck":["Moonworks:Strike","Moonworks:Strike","Moonworks:Strike","Moonworks:Strike","Moonworks:Defend","Moonworks:Defend+1","Moonworks:Defend","Moonworks:Defend","Moonworks:Ambush+1","Moonworks:LongDistanceShot","Moonworks:EvilSpyWorkPreparation","Moonworks:LulusLuckyEgg+1","Moonworks:SweetBattle","Thinking Ahead+1","Moonworks:BigBangBell+1","Moonworks:UnpaidWork+1","Moonworks:EvilSpyWorkPreparation+1","Moonworks:FinalBattle","Moonworks:CompletionReward","Moonworks:SakisCookie+1"],"relics":["Moonworks:BrokenBomb","Moonworks:Homemark","Hammer of Thor","Seething Fire","Anvil of the Gods","Vajra","Black Star"],"acts_visited":["Exordium","TheCity"],"potions_floor_usage":[3,14],"damage_taken":[{"damage":1,"enemies":"Jaw Worm","floor":1,"turns":5},{"damage":0,"enemies":"2 Louse","floor":3,"turns":2},{"damage":0,"enemies":"Cultist","floor":5,"turns":2},{"damage":4,"enemies":"Large Slime","floor":11,"turns":3},{"damage":0,"enemies":"3 Louse","floor":12,"turns":1},{"damage":1,"enemies":"Lots of Slimes","floor":14,"turns":3},{"damage":41,"enemies":"The Guardian","floor":16,"turns":9},{"damage":10,"enemies":"Spheric Guardian","floor":18,"turns":3},{"damage":6,"enemies":"3 Byrds","floor":20,"turns":4},{"damage":58,"enemies":"Book of Stabbing","floor":23,"turns":6}],"seed_played":"-8213848808751423405","potions_obtained":[{"floor":3,"key":"Fruit Juice"},{"floor":5,"key":"SkillPotion"},{"floor":11,"key":"EssenceOfSteel"},{"floor":12,"key":"LiquidMemories"},{"floor":18,"key":"SteroidPotion"}],"is_trial":false,"path_per_floor":["M","$","M","?","M","R","?","R","T","R","M","M","R","M","R","B",null,"M","?","M","?","?","E"],"character_chosen":"THE_STARBREAKER","items_purchased":["Vajra","Moonworks:SweetBattle","Thinking Ahead"],"campfire_rested":0,"item_purchase_floors":[2,2,2],"current_hp_per_floor":[59,59,64,64,64,64,51,51,51,51,51,51,51,54,54,17,65,55,55,53,53,53,0,0],"gold":340,"neow_bonus":"THREE_CARDS","is_daily":false,"chose_seed":false,"campfire_upgraded":5,"win_rate":0.0,"timestamp":1610642035,"path_taken":["M","$","M","?","M","R","?","R","T","R","M","M","R","M","R","BOSS","M","?","?","?","?","E"],"items_purchased_type":["Relic","Card","Card"],"build_version":"2020-12-22","purchased_purges":0,"victory":false,"max_hp_per_floor":[60,60,65,65,65,65,65,65,65,65,65,65,65,65,65,65,65,65,65,65,65,65,65,65],"card_choices":[{"not_picked":["Moonworks:SakisCookie","Moonworks:ForcedRevival"],"picked":"Moonworks:EvilSpyWorkPreparation","floor":0},{"not_picked":["Moonworks:IndiscriminateFireSupport","Moonworks:ImOnFire"],"picked":"Moonworks:LulusLuckyEgg","floor":1},{"not_picked":["Moonworks:SealedMemories","Moonworks:LulusLuckyEgg"],"picked":"Moonworks:BigBangBell","floor":3},{"not_picked":["Moonworks:BigMagnum","Moonworks:Dash","Moonworks:JonathanRush"],"picked":"SKIP","floor":5},{"not_picked":["Moonworks:IndiscriminateFireSupport","Moonworks:SakisCookie"],"picked":"Moonworks:UnpaidWork","floor":11},{"not_picked":["Moonworks:JonathanRush","Moonworks:Poppoformation","Moonworks:StiffCrystal"],"picked":"SKIP","floor":12},{"not_picked":["Moonworks:Assault","Moonworks:BigMagnum"],"picked":"Moonworks:EvilSpyWorkPreparation","floor":14},{"not_picked":["Moonworks:SubspaceTunnel","Moonworks:LeapThroughSpace"],"picked":"Moonworks:FinalBattle","floor":16},{"not_picked":["Moonworks:AngelHand","Moonworks:JonathanRush"],"picked":"Moonworks:CompletionReward","floor":18},{"not_picked":["Moonworks:Dash","Moonworks:Assault"],"picked":"Moonworks:SakisCookie+1","floor":20}],"player_experience":911625,"relics_obtained":[],"event_choices":[{"damage_healed":0,"gold_gain":0,"player_choice":"Entered Light","damage_taken":13,"max_hp_gain":0,"max_hp_loss":0,"event_name":"Shining Light","floor":7,"gold_loss":0,"cards_upgraded":["Moonworks:Ambush","Moonworks:Defend"]},{"damage_healed":0,"gold_gain":100,"player_choice":"Pray","damage_taken":0,"max_hp_gain":0,"max_hp_loss":0,"event_name":"Golden Shrine","floor":19,"gold_loss":0},{"damage_healed":0,"gold_gain":0,"player_choice":"Ignored","damage_taken":0,"max_hp_gain":0,"max_hp_loss":0,"event_name":"Ghosts","floor":21,"gold_loss":0},{"damage_healed":0,"gold_gain":0,"player_choice":"Bet on Owner","damage_taken":0,"max_hp_gain":0,"max_hp_loss":0,"event_name":"The Joust","floor":22,"gold_loss":50}],"is_beta":false,"boss_relics":[{"not_picked":["Calling Bell","Astrolabe"],"picked":"Black Star"}],"items_purged_floors":[],"is_endless":false,"potions_floor_spawned":[3,5,11,12,18],"killed_by":"Book of Stabbing","ascension_level":0}}