{"host":"ab7pxspaffl0aqg0","time":1610615783,"event":{"mods":["BaseMod","BetterRewards","Colored Map","Downfall","Hubris","Infinite Spire","Minty Spire (QoL Compilation)","Prisma Mod","Relic Sorter","Replay The Spire","Shop Mod","StSLib"],"gold_per_floor":[113,113,113,68,88,113,213,223,271,285,305,317,342,360,360,457,457,475,490,502,517,517,517,545,545,545,545,560,18,38,58,58,161,161,179,0,0,16,27,45,75,35,35,45,59,59,87,104,104,104],"floor_reached":51,"language":"ENG","playtime":4147,"items_purged":[],"score":720,"play_id":"9eed4c50-69cd-4247-850e-5dfd3950059b","local_time":"20210114011623","is_ascension_mode":false,"campfire_choices":[{"data":"PrismaMod:MiyuCheapChannelRandom","floor":15,"key":"SMITH"},{"data":"PrismaMod:MiyuCarnivalAttack","floor":15,"key":"SMITH"},{"data":"PrismaMod:MiyuChannelDefendEvoke","floor":23,"key":"SMITH"},{"data":"PrismaMod:MiyuUncommonDexBuff","floor":23,"key":"SMITH"},{"floor":25,"key":"REST"},{"data":"PrismaMod:MiyuCheapDefend1","floor":27,"key":"SMITH"},{"data":"PrismaMod:MiyuUberAOEAttack","floor":27,"key":"SMITH"},{"data":"PrismaMod:MiyuEvokeAllDefend","floor":32,"key":"SMITH"},{"data":"PrismaMod:MiyuUncommonAOEAttack","floor":32,"key":"SMITH"},{"floor":46,"key":"REST"},{"floor":49,"key":"REST"}],"circlet_count":0,"master_deck":["PrismaMod:MiyuCommonDefend","PrismaMod:MiyuCommonDefend","PrismaMod:MiyuCommonDefend","PrismaMod:MiyuCommonDefend","PrismaMod:MiyuCommonDefend","PrismaMod:MiyuCommonAttack","PrismaMod:MiyuCommonAttack","PrismaMod:MiyuCommonAttack","PrismaMod:MiyuCommonAttack","PrismaMod:MiyuCheapChannelAttack","PrismaMod:MiyuCheapChannelDefend","PrismaMod:MiyuCommonAOEAttack","PrismaMod:MiyuMaid","PrismaMod:MiyuCarnivalAttack+1","PrismaMod:MiyuOrbIncreasePerm","PrismaMod:MiyuAttackChannelWeak","PrismaMod:MiyuCheapChannelRandom+1","PrismaMod:MiyuCheapChannelWeak","PrismaMod:MiyuCommonAOEAttack","PrismaMod:MiyuEvokeCheapAttack","PrismaMod:MiyuAttackChannelWeak","PrismaMod:MiyuEvokeBuffDex","PrismaMod:MiyuChannelDefendEvoke+1","PrismaMod:MiyuUncommonAOEAttack+1","PrismaMod:MiyuEvokeAll+1","PrismaMod:MiyuDefenseExplosion+1","PrismaMod:MiyuCheapDefend1+1","PrismaMod:MiyuCheapChannelVul+1","PrismaMod:MiyuUberAttack+1","hubris:DuctTapeCard","PrismaMod:MiyuEvokeAllDefend+1","PrismaMod:MiyuCarnivalDefend","PrismaMod:MiyuUberAttack+1","champ:DefensiveStyle+1"],"relics":["PrismaMod:PrismaSapphire","NeowsBlessing","Letter Opener","infinitespire:Lucky Rock","Replay:Arrowhead","hubris:VirtuousBlindfold","Blue Doll","hubris:PeanutButter","MerchantsRug","Toy Ornithopter","hubris:DuctTape","hubris:ScarierMask","Red Mask","Black Star","Strawberry","Lantern","Oddly Smooth Stone","HornCleat"],"acts_visited":["Exordium","TheCity","TheBeyond"],"potions_floor_usage":[16,16,16,24,33,33,41,41,41,50],"damage_taken":[{"damage":0,"enemies":"Small Slimes","floor":1,"turns":1},{"damage":0,"enemies":"2 Louse","floor":5,"turns":1},{"damage":0,"enemies":"Gremlin Nob","floor":6,"turns":1},{"damage":0,"enemies":"Cultist","floor":8,"turns":3},{"damage":4,"enemies":"Exordium Wildlife","floor":10,"turns":2},{"damage":10,"enemies":"Gremlin Gang","floor":11,"turns":4},{"damage":9,"enemies":"Blue Slaver","floor":12,"turns":3},{"damage":3,"enemies":"Replay:BlueRogue","floor":13,"turns":5},{"damage":8,"enemies":"Exordium Wildlife","floor":14,"turns":5},{"damage":15,"enemies":"Slime Boss","floor":16,"turns":5},{"damage":19,"enemies":"Shell Parasite","floor":18,"turns":5},{"damage":2,"enemies":"Chosen","floor":19,"turns":3},{"damage":10,"enemies":"Snake Plant","floor":20,"turns":5},{"damage":15,"enemies":"Sentry and Sphere","floor":21,"turns":4},{"damage":35,"enemies":"Book of Stabbing","floor":24,"turns":5},{"damage":11,"enemies":"Shelled Parasite and Fungi","floor":28,"turns":3},{"damage":0,"enemies":"Centurion and Healer","floor":30,"turns":3},{"damage":0,"enemies":"Sentry and Sphere","floor":31,"turns":3},{"damage":20,"enemies":"Collector","floor":33,"turns":10},{"damage":0,"enemies":"Orb Walker","floor":35,"turns":3},{"damage":4,"enemies":"3 Shapes","floor":38,"turns":3},{"damage":12,"enemies":"Maw","floor":39,"turns":7},{"damage":23,"enemies":"3 Darklings","floor":40,"turns":4},{"damage":47,"enemies":"Giant Head","floor":41,"turns":13},{"damage":20,"enemies":"Transient","floor":44,"turns":5},{"damage":42,"enemies":"Nemesis","floor":47,"turns":9},{"damage":0,"enemies":"Jaw Worm Horde","floor":48,"turns":2},{"damage":42,"enemies":"infinitespire:MassOfShapes","floor":50,"turns":24}],"seed_played":"-6101217271547438588","potions_obtained":[{"floor":5,"key":"FearPotion"},{"floor":10,"key":"EssenceOfSteel"},{"floor":11,"key":"champ:CounterPotion"},{"floor":16,"key":"Fire Potion"},{"floor":20,"key":"Guardian:BlockOnCardUsePotion"},{"floor":28,"key":"Dexterity Potion"},{"floor":30,"key":"infinitespire:BlackPotion"},{"floor":33,"key":"Guardian:BlockOnCardUsePotion"},{"floor":38,"key":"BlessingOfTheForge"},{"floor":40,"key":"Dexterity Potion"},{"floor":48,"key":"Swift Potion"}],"is_trial":false,"path_per_floor":["M","?","?","$","M","E","?","M","T","M","M","M","E","M","R","B",null,"M","M","M","M","?","R","E","R","T","R","M","$","M","M","R","B",null,"M","?","AVR","M","M","M","E","?","T","M","$","R","E","M","R","B",null],"character_chosen":"MIYU","items_purchased":["PrismaMod:MiyuUncommonDexBuff","MerchantsRug","Toy Ornithopter","hubris:DuctTape","Lantern"],"campfire_rested":3,"item_purchase_floors":[4,29,29,29,45],"current_hp_per_floor":[75,75,75,75,75,75,75,75,75,71,61,52,49,41,41,26,75,56,54,44,29,54,54,19,41,41,41,30,30,30,30,30,24,75,75,75,75,71,67,48,24,24,31,19,19,43,9,9,33,4],"gold":104,"neow_bonus":"THREE_ENEMY_KILL","is_daily":false,"chose_seed":false,"campfire_upgraded":8,"win_rate":0.0,"timestamp":1610615783,"path_taken":["M","?","?","$","?","E","?","M","T","M","M","M","E","M","R","BOSS","M","?","M","M","?","R","E","R","T","R","M","$","M","M","R","BOSS","M","?","AVR","M","M","M","E","?","T","M","$","R","E","?","R","BOSS"],"items_purchased_type":["Card","Relic","Relic","Relic","Relic"],"build_version":"2020-12-22","purchased_purges":0,"victory":true,"max_hp_per_floor":[75,75,75,75,75,75,75,75,75,75,75,75,75,75,75,75,75,75,75,75,75,75,75,75,75,75,75,75,75,75,75,75,75,75,75,75,75,75,75,75,75,75,82,82,82,82,82,82,82,82],"card_choices":[{"not_picked":["PrismaMod:MiyuUncommonAttack","PrismaMod:MiyuCheapStrBuff"],"picked":"PrismaMod:MiyuCommonAOEAttack","floor":1},{"not_picked":["PrismaMod:MiyuDefenseRemoval","PrismaMod:MiyuCheapPlate"],"picked":"PrismaMod:MiyuAttackChannelWeak","floor":5},{"not_picked":["PrismaMod:MiyuCheapDexBuff","PrismaMod:MiyuCheapDefend1"],"picked":"PrismaMod:MiyuCheapChannelRandom","floor":6},{"not_picked":["PrismaMod:MiyuChristmas","PrismaMod:MiyuEvokeBuffDex"],"picked":"PrismaMod:MiyuCheapChannelWeak","floor":8},{"not_picked":["PrismaMod:MiyuCarnivalAttack","PrismaMod:MiyuUncommonDexBuff"],"picked":"PrismaMod:MiyuUberAOEAttack","floor":10},{"not_picked":["PrismaMod:MiyuEvokeCheapDefend","PrismaMod:MiyuUncommonAttack"],"picked":"PrismaMod:MiyuCommonAOEAttack","floor":11},{"not_picked":["PrismaMod:MiyuUberAOEAttack","PrismaMod:MiyuUberAttack"],"picked":"PrismaMod:MiyuEvokeCheapAttack","floor":12},{"not_picked":["PrismaMod:MiyuCheapChannelDefend","PrismaMod:MiyuUberDefend"],"picked":"PrismaMod:MiyuAttackChannelWeak","floor":13},{"not_picked":["PrismaMod:MiyuDefenseRemoval","PrismaMod:MiyuUncommonDexBuff"],"picked":"PrismaMod:MiyuEvokeBuffDex","floor":14},{"not_picked":["PrismaMod:MiyuBride","PrismaMod:MiyuChannelAttackEvoke"],"picked":"PrismaMod:MiyuChannelDefendEvoke","floor":16},{"not_picked":["PrismaMod:MiyuEvokeBuffStr","PrismaMod:MiyuCheapAttack2+1"],"picked":"PrismaMod:MiyuUncommonAOEAttack","floor":18},{"not_picked":["PrismaMod:MiyuCarnivalAttack","PrismaMod:MiyuUncommonDexBuff"],"picked":"PrismaMod:MiyuEvokeAll+1","floor":19},{"not_picked":["PrismaMod:MiyuEvokeCheapAttack","PrismaMod:MiyuEvokeCheapDefend+1"],"picked":"PrismaMod:MiyuDefenseExplosion+1","floor":20},{"not_picked":["PrismaMod:MiyuUncommonDexBuff","PrismaMod:MiyuCheapChannelDefend"],"picked":"PrismaMod:MiyuCheapDefend1","floor":21},{"not_picked":["PrismaMod:MiyuEvokeCheapAttack","PrismaMod:MiyuEvokeBuffDex"],"picked":"PrismaMod:MiyuCheapChannelVul+1","floor":24},{"not_picked":["PrismaMod:MiyuCheapAttack2","PrismaMod:MiyuUncommonDefend"],"picked":"PrismaMod:MiyuUberAttack+1","floor":28},{"not_picked":["PrismaMod:MiyuAttackChannelVul","PrismaMod:MiyuCommonAOEAttack","PrismaMod:MiyuEvokeBuffStr"],"picked":"SKIP","floor":30},{"not_picked":["PrismaMod:MiyuCommonAOEAttack+1","PrismaMod:MiyuEvokeAll"],"picked":"PrismaMod:MiyuEvokeAllDefend","floor":31},{"not_picked":["PrismaMod:MiyuBride","PrismaMod:MiyuCheapDefend2"],"picked":"PrismaMod:MiyuCarnivalDefend","floor":33},{"not_picked":["PrismaMod:MiyuMaid+1","PrismaMod:MiyuCheapAttack1"],"picked":"PrismaMod:MiyuUberAttack+1","floor":35},{"not_picked":["Sever Soul","Consume+1","Guardian:Gem_Red"],"picked":"SKIP","floor":38},{"not_picked":["Perfected Strike","Guardian:PrimingBeam+1"],"picked":"champ:DefensiveStyle","floor":39},{"not_picked":["Slimebound:Repurpose+1","sneckomod:IronFang","sneckomod:UnknownBlock"],"picked":"SKIP","floor":40},{"not_picked":["Replay:BluntJabs","hexamod:TimeWarp","Slimebound:SplitLeeching+1"],"picked":"SKIP","floor":41},{"not_picked":["Stack","Reflex+1","PrismaMod:IllyaGrailKun+1"],"picked":"SKIP","floor":44},{"not_picked":["PrismaMod:MiyuEvokeBuffStr","PrismaMod:MiyuUncommonDexBuff+1","PrismaMod:MiyuEvokeCheapAttack+1"],"picked":"SKIP","floor":47},{"not_picked":["PrismaMod:MiyuCheapChannelRandom","PrismaMod:MiyuEvokeCheapDefend","PrismaMod:MiyuOrbIncreasePerm"],"picked":"SKIP","floor":48}],"player_experience":202609,"relics_obtained":[{"floor":6,"key":"Letter Opener"},{"floor":9,"key":"infinitespire:Lucky Rock"},{"floor":13,"key":"Replay:Arrowhead"},{"floor":24,"key":"Blue Doll"},{"floor":26,"key":"hubris:PeanutButter"},{"floor":41,"key":"Golden Egg"},{"floor":41,"key":"hubris:TinFlute"},{"floor":43,"key":"Strawberry"},{"floor":47,"key":"Oddly Smooth Stone"},{"floor":47,"key":"HornCleat"}],"event_choices":[{"damage_healed":0,"gold_gain":0,"cards_transformed":["PrismaMod:MiyuCommonAttack"],"player_choice":"Change","damage_taken":0,"max_hp_gain":0,"max_hp_loss":0,"event_name":"Living Wall","floor":2,"gold_loss":0,"cards_obtained":["PrismaMod:MiyuMaid"]},{"damage_healed":0,"gold_gain":0,"player_choice":"2 cards matched","damage_taken":0,"max_hp_gain":0,"max_hp_loss":0,"event_name":"Match and Keep!","floor":3,"gold_loss":0,"cards_obtained":["PrismaMod:MiyuCarnivalAttack","PrismaMod:MiyuOrbIncreasePerm"]},{"damage_healed":0,"gold_gain":100,"player_choice":"Pray","damage_taken":0,"max_hp_gain":0,"max_hp_loss":0,"event_name":"Golden Shrine","floor":7,"gold_loss":0},{"damage_healed":25,"gold_gain":0,"player_choice":"Heal","damage_taken":0,"max_hp_gain":0,"max_hp_loss":0,"event_name":"The Library","floor":22,"gold_loss":0},{"damage_healed":0,"gold_gain":0,"player_choice":"Paid","damage_taken":0,"relics_obtained":["Red Mask"],"max_hp_gain":0,"max_hp_loss":0,"event_name":"Tomb of Lord Red Mask","floor":36,"gold_loss":179},{"damage_healed":0,"gold_gain":0,"player_choice":"Upgrade","damage_taken":0,"max_hp_gain":0,"max_hp_loss":0,"event_name":"Designer","floor":42,"gold_loss":40,"cards_upgraded":["champ:DefensiveStyle"]}],"is_beta":false,"boss_relics":[{"not_picked":["Pandora\u0027s Box","Tiny House"],"picked":"hubris:VirtuousBlindfold"},{"not_picked":["Abe\u0027s Treasure","ReplayTheSpireMod:DimensionalGlitch"],"picked":"hubris:ScarierMask"}],"items_purged_floors":[],"is_endless":false,"potions_floor_spawned":[5,10,11,16,20,28,30,33,38,40,48],"ascension_level":0}}