{"host":"3a1ypf1irl30q4k8","time":1610629189,"event":{"mods":["AchievementEnabler","BaseMod","Bestiary","Colored Map","Minty Spire (QoL Compilation)","Relic Stats"],"gold_per_floor":[114,125,145,245,255,255,265,265,265,295,10,40,40,54,54,150,150,168,168,188,39,53,53,78,78,103,103,133,133,142,169,169,282,282,309,318,156,178,2,30,51,63,63],"floor_reached":42,"language":"ENG","playtime":2453,"items_purged":["Strike_G","Strike_G","Strike_G"],"score":546,"play_id":"183d6516-8576-4b2d-a03f-e4b10e61a81c","local_time":"20210114125949","is_ascension_mode":true,"campfire_choices":[{"data":"Backstab","floor":6.0,"key":"SMITH"},{"data":"Dagger Spray","floor":8.0,"key":"SMITH"},{"data":"Glass Knife","floor":13.0,"key":"SMITH"},{"data":"Quick Slash","floor":15.0,"key":"SMITH"},{"data":"Survivor","floor":23.0,"key":"SMITH"},{"floor":25.0,"key":"REST"},{"floor":30.0,"key":"REST"},{"data":"Apotheosis","floor":32.0,"key":"SMITH"},{"floor":41,"key":"REST"}],"circlet_count":0,"master_deck":["Strike_G","Defend_G","Defend_G","Defend_G","Defend_G","Defend_G","Survivor+1","Neutralize+1","Backstab+1","Cloak And Dagger","Poisoned Stab","Dagger Spray+1","Flying Knee","Glass Knife+1","Well Laid Plans","Quick Slash+1","Wraith Form v2+1","Deadly Poison+1","Acrobatics","Apotheosis+1","PiercingWail","Crippling Poison+1","Caltrops+1","Die Die Die+1","Envenom+1","Dash+1","Backflip","Blade Dance","Sadistic Nature+1","Blur","Accuracy+1","Glass Knife+1"],"relics":["Ring of the Snake","Sundial","Pear","Membership Card","Frozen Egg 2","Black Star","CeramicFish","Question Card","Potion Belt","Dream Catcher","Molten Egg 2","SacredBark","TwistedFunnel","MawBank","Happy Flower"],"acts_visited":["Exordium","TheCity","TheBeyond"],"potions_floor_usage":[40,40,40],"damage_taken":[{"damage":0.0,"enemies":"Cultist","floor":1.0,"turns":3.0},{"damage":3.0,"enemies":"2 Louse","floor":2.0,"turns":2.0},{"damage":1.0,"enemies":"Small Slimes","floor":3.0,"turns":4.0},{"damage":0.0,"enemies":"Red Slaver","floor":5.0,"turns":3.0},{"damage":0.0,"enemies":"Lots of Slimes","floor":7.0,"turns":2.0},{"damage":15.0,"enemies":"Lagavulin","floor":10.0,"turns":5.0},{"damage":4.0,"enemies":"3 Sentries","floor":12.0,"turns":5.0},{"damage":0.0,"enemies":"2 Fungi Beasts","floor":14.0,"turns":2.0},{"damage":7.0,"enemies":"Slime Boss","floor":16.0,"turns":5.0},{"damage":3.0,"enemies":"Chosen","floor":18.0,"turns":3.0},{"damage":5.0,"enemies":"3 Byrds","floor":20.0,"turns":4.0},{"damage":7.0,"enemies":"Shelled Parasite and Fungi","floor":22.0,"turns":6.0},{"damage":17.0,"enemies":"Book of Stabbing","floor":24.0,"turns":7.0},{"damage":28.0,"enemies":"Slavers","floor":28.0,"turns":7.0},{"damage":12.0,"enemies":"Snake Plant","floor":31.0,"turns":3.0},{"damage":19.0,"enemies":"Collector","floor":33.0,"turns":9.0},{"damage":21.0,"enemies":"3 Darklings","floor":35.0,"turns":5.0},{"damage":15,"enemies":"3 Shapes","floor":38,"turns":4},{"damage":64,"enemies":"Reptomancer","floor":40,"turns":6},{"damage":74,"enemies":"Transient","floor":42,"turns":5}],"seed_played":"-7859512988795168392","potions_obtained":[{"floor":1.0,"key":"FearPotion"},{"floor":7.0,"key":"ColorlessPotion"},{"floor":14.0,"key":"PowerPotion"},{"floor":16.0,"key":"FearPotion"},{"floor":19.0,"key":"DuplicationPotion"},{"floor":19.0,"key":"Fruit Juice"},{"floor":28.0,"key":"DistilledChaos"},{"floor":33.0,"key":"SpeedPotion"},{"floor":35,"key":"Regen Potion"},{"floor":40,"key":"BlessingOfTheForge"}],"is_trial":false,"path_per_floor":["M","M","M","?","M","R","M","R","T","E","$","E","R","M","R","B",null,"M","?","M","$","M","R","E","R","T","T","E","?","R","M","R","B",null,"M","?","$","M","$","E","R","M"],"character_chosen":"THE_SILENT","items_purchased":["Membership Card","Glass Knife","Well Laid Plans","Explosive Potion","Apotheosis","PiercingWail","TwistedFunnel","Ancient Potion","Sadistic Nature+1","Blur","Accuracy+1"],"campfire_rested":3,"item_purchase_floors":[11,11,11,11,21,21,37,37,39,39,39],"current_hp_per_floor":[70,67,66,66,66,66,66,66,66,61,61,57,57,57,57,50,80,77,77,72,72,65,65,48,72,72,72,44,44,68,56,56,37,80,59,59,59,44,44,30,57,0,0],"gold":63,"neow_bonus":"UPGRADE_CARD","is_daily":false,"chose_seed":false,"campfire_upgraded":6,"win_rate":0.0,"timestamp":1610629189,"path_taken":["M","?","M","?","M","R","M","R","T","E","$","E","R","?","R","BOSS","M","?","M","$","M","R","E","R","T","?","E","?","R","M","R","BOSS","M","?","$","?","?","E","R","M"],"items_purchased_type":["Relic","Card","Card","Potion","Card","Card","Relic","Potion","Card","Card","Card"],"build_version":"2020-12-22","purchased_purges":3,"victory":false,"max_hp_per_floor":[70,70,70,70,70,70,70,70,70,80,80,80,80,80,80,80,80,80,80,80,80,80,80,80,80,80,80,80,80,80,80,80,80,80,80,80,80,80,80,90,90,90,90],"relic_stats":{"Dream Catcher":2,"Happy Flower":[1],"counters":[20,90],"Sundial":[6],"CeramicFish":90,"Black Star":3,"Question Card":9,"MawBank":24,"obtain_stats":[{"Potion Belt":26,"TwistedFunnel":37,"Pear":10,"Happy Flower":40,"CeramicFish":24,"SacredBark":34,"Frozen Egg 2":12,"Question Card":24,"MawBank":40,"Dream Catcher":28,"Sundial":9,"Molten Egg 2":28,"Black Star":17,"Membership Card":11,"Ring of the Snake":0},{"Potion Belt":13,"TwistedFunnel":17,"Pear":6,"Happy Flower":19,"CeramicFish":13,"SacredBark":16,"Frozen Egg 2":7,"Question Card":13,"MawBank":19,"Dream Catcher":14,"Sundial":5,"Molten Egg 2":14,"Black Star":9,"Membership Card":6,"Ring of the Snake":0},{"Potion Belt":51,"TwistedFunnel":75,"Pear":19,"Happy Flower":85,"CeramicFish":51,"SacredBark":70,"Frozen Egg 2":24,"Question Card":51,"MawBank":85,"Dream Catcher":58,"Sundial":14,"Molten Egg 2":58,"Black Star":31,"Membership Card":19,"Ring of the Snake":0}],"Ring of the Snake":[40]},"card_choices":[{"not_picked":["PiercingWail","Blade Dance"],"picked":"Backstab","floor":1.0},{"not_picked":["Flechettes","Dodge and Roll"],"picked":"Cloak And Dagger","floor":2.0},{"not_picked":["Infinite Blades","Finisher"],"picked":"Poisoned Stab","floor":3.0},{"not_picked":["Slice","Blade Dance"],"picked":"Dagger Spray","floor":5.0},{"not_picked":["Underhanded Strike","Slice"],"picked":"Flying Knee","floor":7.0},{"not_picked":["Heel Hook","Flechettes","Calculated Gamble"],"picked":"SKIP","floor":10.0},{"not_picked":["Slice","Bane","Flying Knee"],"picked":"SKIP","floor":12.0},{"not_picked":["Outmaneuver","Escape Plan"],"picked":"Quick Slash","floor":14.0},{"not_picked":["Corpse Explosion","Storm of Steel"],"picked":"Wraith Form v2+1","floor":16.0},{"not_picked":["Prepared","Well Laid Plans+1"],"picked":"Deadly Poison+1","floor":18.0},{"not_picked":["Flying Knee","Eviscerate"],"picked":"Acrobatics","floor":20.0},{"not_picked":["Sucker Punch","Well Laid Plans+1"],"picked":"Crippling Poison+1","floor":22.0},{"not_picked":["Endless Agony","Dagger Throw","Masterful Stab"],"picked":"SKIP","floor":24.0},{"not_picked":["Well Laid Plans+1","Phantasmal Killer","Bouncing Flask","Quick Slash+1"],"picked":"SKIP","floor":28.0},{"not_picked":["Backflip","Cloak And Dagger","Accuracy+1"],"picked":"Caltrops+1","floor":30.0},{"not_picked":["Deadly Poison","Bane+1","Sucker Punch+1"],"picked":"Die Die Die+1","floor":31.0},{"not_picked":["A Thousand Cuts+1","Bullet Time","Burst"],"picked":"Envenom+1","floor":33.0},{"not_picked":["Blade Dance+1","Deadly Poison","Slice+1"],"picked":"Dash+1","floor":35},{"not_picked":["Endless Agony+1","Noxious Fumes+1","Underhanded Strike+1"],"picked":"Blade Dance","floor":38},{"not_picked":["Dagger Throw+1","Slice+1","Acrobatics+1","Skewer+1"],"picked":"SKIP","floor":40},{"not_picked":["Well Laid Plans+1","Predator+1","Escape Plan"],"picked":"Glass Knife+1","floor":41}],"player_experience":1053132,"relics_obtained":[{"floor":9.0,"key":"Sundial"},{"floor":10.0,"key":"Pear"},{"floor":12.0,"key":"Frozen Egg 2"},{"floor":24.0,"key":"CeramicFish"},{"floor":24.0,"key":"Question Card"},{"floor":26.0,"key":"Potion Belt"},{"floor":28.0,"key":"Dream Catcher"},{"floor":28.0,"key":"Molten Egg 2"},{"floor":40,"key":"MawBank"},{"floor":40,"key":"Happy Flower"}],"event_choices":[{"damage_healed":0.0,"max_hp_gain":0.0,"max_hp_loss":0.0,"gold_gain":100.0,"event_name":"Golden Shrine","player_choice":"Pray","floor":4.0,"gold_loss":0.0,"damage_taken":0.0},{"damage_healed":0.0,"max_hp_gain":0.0,"max_hp_loss":0.0,"gold_gain":0.0,"event_name":"Lab","player_choice":"Got Potions","floor":19.0,"gold_loss":0.0,"damage_taken":0.0},{"damage_healed":0.0,"max_hp_gain":0.0,"max_hp_loss":0.0,"gold_gain":0.0,"event_name":"NoteForYourself","player_choice":"Ignored","floor":29.0,"gold_loss":0.0,"damage_taken":0.0},{"damage_healed":0,"gold_gain":0,"cards_transformed":["Strike_G"],"player_choice":"Transformed","damage_taken":0,"max_hp_gain":0,"max_hp_loss":0,"event_name":"Transmorgrifier","floor":36,"gold_loss":0,"cards_obtained":["Backflip"]}],"is_beta":false,"boss_relics":[{"not_picked":["Ectoplasm","HoveringKite"],"picked":"Black Star"},{"not_picked":["Sozu","Calling Bell"],"picked":"SacredBark"}],"items_purged_floors":[21,37,39],"is_endless":false,"potions_floor_spawned":[1,7,14,16,28,33,35,40],"killed_by":"Transient","ascension_level":2}}