{"host":"p9t7qd83igtcp2bh","time":1610598650,"event":{"mods":["2.2 Compatiblity","AchievementEnabler","BaseMod","Colored Map","Colored Powertips","Custom Start","DeckTracker","Keyboard Shortcuts","Minty Spire (QoL Compilation)","Permanent Neow","StSLib","SuperFastMode","everything is the same but u backflip on backflip"],"gold_per_floor":[119,131,150,113,123,123,157,157,157,157,182,194,225,251,263,350,362,389,413,166,181,181,181,181],"floor_reached":23,"language":"KOR","playtime":616,"items_purged":[],"score":417,"play_id":"a10b8014-cc7e-4bf1-92b4-0baac40d18f7","local_time":"20210114133050","is_ascension_mode":true,"campfire_choices":[{"floor":6.0,"key":"DIG"},{"floor":8.0,"key":"REST"},{"floor":10.0,"key":"DIG"},{"floor":15.0,"key":"DIG"}],"circlet_count":0,"master_deck":["AscendersBane","Strike_P","Defend_P","Defend_P","Defend_P+1","Eruption","Vigilance","CrushJoints","BowlingBash","SignatureMove","MentalFortress","EmptyFist+1","Wallop","DevaForm","FlyingSleeves+1","LessonLearned","Sanctity+1","Evaluate+1","DevaForm+1","EmptyMind+1","Sanctity"],"relics":["PureWater","Shovel","Letter Opener","Eternal Feather","StrikeDummy","MawBank","CaptainsWheel","Astrolabe","Question Card","Kunai"],"acts_visited":["Exordium","TheCity"],"potions_floor_usage":[21],"damage_taken":[{"damage":1.0,"enemies":"Cultist","floor":1.0,"turns":3.0},{"damage":2.0,"enemies":"Jaw Worm","floor":2.0,"turns":4.0},{"damage":4.0,"enemies":"2 Louse","floor":3.0,"turns":2.0},{"damage":7.0,"enemies":"2 Fungi Beasts","floor":5.0,"turns":2.0},{"damage":21.0,"enemies":"Lagavulin","floor":7.0,"turns":7.0},{"damage":3.0,"enemies":"Blue Slaver","floor":11.0,"turns":2.0},{"damage":5.0,"enemies":"Looter","floor":13.0,"turns":3.0},{"damage":8.0,"enemies":"Red Slaver","floor":14.0,"turns":4.0},{"damage":0.0,"enemies":"Slime Boss","floor":16.0,"turns":3.0},{"damage":17,"enemies":"Shell Parasite","floor":18,"turns":6},{"damage":7,"enemies":"Spheric Guardian","floor":19,"turns":6},{"damage":15,"enemies":"Centurion and Healer","floor":21,"turns":5},{"damage":29,"enemies":"Slavers","floor":23,"turns":1}],"seed_played":"6759287351467477736","potions_obtained":[{"floor":1.0,"key":"SmokeBomb"},{"floor":2.0,"key":"SkillPotion"},{"floor":7.0,"key":"BlessingOfTheForge"},{"floor":13.0,"key":"AttackPotion"},{"floor":19,"key":"Block Potion"},{"floor":21,"key":"Explosive Potion"}],"is_trial":false,"path_per_floor":["M","M","M","$","M","R","E","R","T","R","M","?","M","M","R","B",null,"M","M","$","M","T","E"],"character_chosen":"WATCHER","items_purchased":["MentalFortress","Question Card"],"campfire_rested":1,"item_purchase_floors":[4,20],"current_hp_per_floor":[42,40,36,36,29,29,8,37,37,46,43,43,38,30,39,39,61,44,37,37,22,22,0,0],"gold":181,"neow_bonus":"ONE_RARE_RELIC","is_daily":false,"chose_seed":false,"campfire_upgraded":0,"win_rate":0.0,"timestamp":1610598650,"path_taken":["M","M","M","$","M","R","E","R","T","R","M","?","M","M","R","BOSS","M","M","$","M","?","E"],"items_purchased_type":["Card","Relic"],"build_version":"2020-12-22","purchased_purges":0,"victory":false,"max_hp_per_floor":[68,68,68,68,68,68,68,68,68,68,68,68,68,68,68,68,68,68,68,68,68,68,68,68],"card_choices":[{"not_picked":["Weave","JustLucky"],"picked":"CrushJoints","floor":1.0},{"not_picked":["ThirdEye","FlyingSleeves"],"picked":"BowlingBash","floor":2.0},{"not_picked":["Weave","SandsOfTime"],"picked":"SignatureMove","floor":3.0},{"not_picked":["DeceiveReality","EmptyMind"],"picked":"EmptyFist","floor":5.0},{"not_picked":["ClearTheMind","EmptyFist"],"picked":"Wallop","floor":7.0},{"not_picked":["Sanctity","Crescendo"],"picked":"DevaForm","floor":11.0},{"not_picked":["Protect","SashWhip"],"picked":"FlyingSleeves","floor":13.0},{"not_picked":["Halt","Prostrate"],"picked":"LessonLearned","floor":14.0},{"not_picked":["Wireheading","BattleHymn","ClearTheMind"],"picked":"SKIP","floor":18},{"not_picked":["SashWhip","LikeWater"],"picked":"EmptyMind+1","floor":19},{"not_picked":["Sanctity","ForeignInfluence","FollowUp","WindmillStrike"],"picked":"SKIP","floor":21},{"not_picked":["ForeignInfluence","FollowUp","WindmillStrike"],"picked":"Sanctity","floor":21}],"player_experience":634056,"relics_obtained":[{"floor":6.0,"key":"Letter Opener"},{"floor":7.0,"key":"Eternal Feather"},{"floor":9.0,"key":"StrikeDummy"},{"floor":10.0,"key":"MawBank"},{"floor":15.0,"key":"CaptainsWheel"},{"floor":22,"key":"Kunai"}],"event_choices":[{"cards_removed":["Defend_P"],"damage_healed":0.0,"max_hp_gain":0.0,"max_hp_loss":0.0,"gold_gain":0.0,"event_name":"Bonfire Elementals","player_choice":"Offered Basic","floor":12.0,"gold_loss":0.0,"damage_taken":0.0}],"is_beta":false,"boss_relics":[{"not_picked":["SacredBark","Busted Crown"],"picked":"Astrolabe"}],"items_purged_floors":[],"is_endless":false,"potions_floor_spawned":[1,2,7,13,19,21],"killed_by":"Slavers","ascension_level":14}}