{"host":"7k7fhzlbqzyu5ijh","time":1610598160,"event":{"mods":["AchievementEnabler","BaseMod","Bestiary","Colored Powertips","Filter the Spire","Highlight Path","Minty Spire (QoL Compilation)","Potion Indicator Mod","RNG Fix","Relic Stats"],"gold_per_floor":[119,139,149,161,211,239,239,204,228,259,259,284,6,39,39,134,134,149,158,183,53,77,115,115,155,182,182,182,220,93,109,109,214,214,235,13,31,81,81,81,99,126,126,152,152,194,213,213,213,213,213,213,67,107,107],"floor_reached":56,"language":"ENG","playtime":4683,"items_purged":["Strike_P","Writhe","Defend_P","Defend_P"],"score":1788,"play_id":"87b263b6-feb7-4fe6-b36a-4887cb53f864","local_time":"20210113232240","is_ascension_mode":true,"campfire_choices":[{"data":"Eruption","floor":7,"key":"SMITH"},{"data":"Wallop","floor":11,"key":"SMITH"},{"data":"EmptyFist","floor":15,"key":"SMITH"},{"data":"Ragnarok","floor":24,"key":"SMITH"},{"data":"ClearTheMind","floor":27,"key":"SMITH"},{"data":"SashWhip","floor":32,"key":"SMITH"},{"floor":40,"key":"RECALL"},{"data":"CrushJoints","floor":45,"key":"SMITH"},{"data":"MasterReality","floor":49,"key":"SMITH"},{"floor":52,"key":"REST"}],"circlet_count":0,"master_deck":["Strike_P","Strike_P","Defend_P","Defend_P","Eruption+1","Vigilance","EmptyFist+1","SashWhip+1","DeceiveReality","Wallop+1","Tantrum","Consecrate","ClearTheMind+1","Ragnarok+1","ThirdEye","BattleHymn+1","Evaluate","Crescendo+1","TalkToTheHand+1","Evaluate+1","MasterReality+1","FlurryOfBlows+1","Adaptation","CrushJoints+1","FearNoEvil+1","MentalFortress","WaveOfTheHand"],"relics":["PureWater","NeowsBlessing","Bag of Preparation","Oddly Smooth Stone","Ancient Tea Set","Dead Branch","Incense Burner","Lee\u0027s Waffle","Bronze Scales","Runic Dome","CeramicFish","Centennial Puzzle","Smiling Mask","Mango","Lantern","Nunchaku","VioletLotus","ClockworkSouvenir","Du-Vu Doll","InkBottle","Boot","Art of War"],"acts_visited":["Exordium","TheCity","TheBeyond","TheEnding"],"potions_floor_usage":[10,16,25,33,41,42,50,55,55,55],"damage_taken":[{"damage":0,"enemies":"Small Slimes","floor":1,"turns":2},{"damage":0,"enemies":"Cultist","floor":2,"turns":1},{"damage":0,"enemies":"Jaw Worm","floor":3,"turns":1},{"damage":9,"enemies":"Red Slaver","floor":4,"turns":2},{"damage":23,"enemies":"Gremlin Nob","floor":6,"turns":5},{"damage":4,"enemies":"3 Sentries","floor":10,"turns":8},{"damage":2,"enemies":"Lagavulin","floor":12,"turns":7},{"damage":0,"enemies":"3 Sentries","floor":14,"turns":3},{"damage":0,"enemies":"Slime Boss","floor":16,"turns":3},{"damage":0,"enemies":"Chosen","floor":18,"turns":3},{"damage":0,"enemies":"Shell Parasite","floor":22,"turns":1},{"damage":12,"enemies":"Book of Stabbing","floor":23,"turns":6},{"damage":5,"enemies":"Gremlin Leader","floor":25,"turns":2},{"damage":0,"enemies":"Slavers","floor":29,"turns":3},{"damage":0,"enemies":"Snake Plant","floor":31,"turns":3},{"damage":0,"enemies":"Champ","floor":33,"turns":5},{"damage":4,"enemies":"3 Shapes","floor":35,"turns":3},{"damage":0,"enemies":"Orb Walker","floor":37,"turns":2},{"damage":0,"enemies":"Mind Bloom Boss Battle","floor":38,"turns":3},{"damage":10,"enemies":"Maw","floor":41,"turns":6},{"damage":10,"enemies":"4 Shapes","floor":42,"turns":4},{"damage":0,"enemies":"Nemesis","floor":44,"turns":5},{"damage":0,"enemies":"Reptomancer","floor":46,"turns":4},{"damage":0,"enemies":"Sphere and 2 Shapes","floor":47,"turns":2},{"damage":12,"enemies":"Donu and Deca","floor":50,"turns":6},{"damage":24,"enemies":"Shield and Spear","floor":54,"turns":4},{"damage":60,"enemies":"The Heart","floor":55,"turns":8}],"seed_played":"-445083010839885206","potions_obtained":[{"floor":3,"key":"ColorlessPotion"},{"floor":6,"key":"DistilledChaos"},{"floor":14,"key":"Ancient Potion"},{"floor":16,"key":"Strength Potion"},{"floor":22,"key":"LiquidMemories"},{"floor":38,"key":"Dexterity Potion"},{"floor":41,"key":"StancePotion"},{"floor":46,"key":"DuplicationPotion"}],"is_trial":false,"path_per_floor":["M","M","M","M","T","E","R","?","T","E","R","E","$","E","R","B",null,"M","?","T","$","M","E","R","E","T","R","?","E","$","M","R","B",null,"M","$","M","?","?","R","M","M","T","E","R","E","M","?","R","B",null,"R","$","E","B",null],"character_chosen":"WATCHER","items_purchased":["Lee\u0027s Waffle","Block Potion","BattleHymn","DuplicationPotion","Adaptation","ClockworkSouvenir","Regen Potion","MentalFortress"],"campfire_rested":1,"item_purchase_floors":[13,13,21,30,36,36,53,53],"current_hp_per_floor":[65,65,65,56,56,33,33,51,51,47,47,45,79,79,79,79,79,79,79,79,79,79,67,67,76,76,76,76,76,76,76,76,76,89,85,85,85,85,85,85,75,65,65,65,65,65,65,65,65,53,79,88,88,64,19],"gold":107,"neow_bonus":"THREE_ENEMY_KILL","is_daily":false,"chose_seed":false,"campfire_upgraded":8,"win_rate":0.0,"timestamp":1610598160,"path_taken":["M","M","?","M","?","E","R","?","T","E","R","E","$","E","R","BOSS","M","?","?","$","M","E","R","E","T","R","?","E","$","M","R","BOSS","M","$","M","?","?","R","?","M","T","E","R","E","M","?","R","BOSS","R","$","E","BOSS"],"items_purchased_type":["Relic","Potion","Card","Potion","Card","Relic","Potion","Card"],"build_version":"2020-12-22","purchased_purges":4,"victory":true,"max_hp_per_floor":[72,72,72,72,72,72,72,72,72,72,72,72,79,79,79,79,79,79,79,79,79,79,79,79,93,93,93,93,93,93,93,93,93,93,93,93,93,93,88,88,88,88,88,88,88,88,88,88,88,88,88,88,88,88,88],"relic_stats":{"Lee\u0027s Waffle":34,"counters":[27,102],"Dead Branch":[105],"CeramicFish":117,"Bag of Preparation":[46],"Smiling Mask":175,"Boot":[12],"Centennial Puzzle":[21],"Nunchaku":[17],"Bronze Scales":[253],"VioletLotus":[21],"Art of War":[0],"obtain_stats":[{"Lee\u0027s Waffle":13,"Lantern":26,"NeowsBlessing":0,"Dead Branch":10,"CeramicFish":19,"Oddly Smooth Stone":6,"Mango":25,"Bag of Preparation":5,"Incense Burner":12,"Ancient Tea Set":9,"Smiling Mask":23,"Boot":46,"ClockworkSouvenir":36,"Du-Vu Doll":38,"Runic Dome":17,"Centennial Puzzle":20,"Nunchaku":29,"Bronze Scales":14,"VioletLotus":34,"Art of War":54,"PureWater":0,"InkBottle":44},{"Lee\u0027s Waffle":7,"Lantern":13,"NeowsBlessing":0,"Dead Branch":6,"CeramicFish":10,"Oddly Smooth Stone":5,"Mango":13,"Bag of Preparation":4,"Incense Burner":7,"Ancient Tea Set":5,"Smiling Mask":12,"Boot":23,"ClockworkSouvenir":17,"Du-Vu Doll":19,"Runic Dome":9,"Centennial Puzzle":10,"Nunchaku":14,"Bronze Scales":8,"VioletLotus":16,"Art of War":26,"PureWater":0,"InkBottle":22},{"Lee\u0027s Waffle":26,"Lantern":44,"NeowsBlessing":0,"Dead Branch":19,"CeramicFish":35,"Oddly Smooth Stone":11,"Mango":44,"Bag of Preparation":6,"Incense Burner":26,"Ancient Tea Set":11,"Smiling Mask":42,"Boot":82,"ClockworkSouvenir":58,"Du-Vu Doll":63,"Runic Dome":32,"Centennial Puzzle":35,"Nunchaku":47,"Bronze Scales":29,"VioletLotus":55,"Art of War":94,"PureWater":0,"InkBottle":78}],"InkBottle":[15]},"card_choices":[{"not_picked":["BowlingBash","Halt"],"picked":"EmptyFist","floor":1},{"not_picked":["JustLucky","Collect"],"picked":"SashWhip","floor":2},{"not_picked":["Halt","EmptyFist"],"picked":"DeceiveReality","floor":3},{"not_picked":["SignatureMove","EmptyFist"],"picked":"Wallop","floor":4},{"not_picked":["Fasting2","Evaluate","Nirvana"],"picked":"SKIP","floor":6},{"not_picked":["Prostrate","Meditate"],"picked":"Tantrum","floor":10},{"not_picked":["SashWhip","InnerPeace"],"picked":"Consecrate","floor":12},{"not_picked":["Prostrate","SashWhip"],"picked":"ClearTheMind","floor":14},{"not_picked":["DeusExMachina","Judgement"],"picked":"Ragnarok","floor":16},{"not_picked":["EmptyFist","WreathOfFlame"],"picked":"ThirdEye","floor":18},{"not_picked":["BowlingBash","SandsOfTime+1"],"picked":"Evaluate","floor":22},{"not_picked":["SandsOfTime","Halt+1"],"picked":"Crescendo+1","floor":23},{"not_picked":["Crescendo+1","Study"],"picked":"TalkToTheHand+1","floor":25},{"not_picked":["Crescendo","Fasting2"],"picked":"Evaluate+1","floor":29},{"not_picked":["DevaForm","Evaluate+1","FlyingSleeves"],"picked":"SKIP","floor":31},{"not_picked":["ConjureBlade","DevaForm"],"picked":"MasterReality","floor":33},{"not_picked":["JustLucky","Conclude"],"picked":"FlurryOfBlows+1","floor":35},{"not_picked":["Prostrate","Wallop","BowlingBash"],"picked":"SKIP","floor":37},{"not_picked":["ClearTheMind+1","Consecrate","EmptyFist+1"],"picked":"SKIP","floor":41},{"not_picked":["Consecrate+1","Collect"],"picked":"CrushJoints","floor":42},{"not_picked":["FlurryOfBlows","ThirdEye","BowlingBash"],"picked":"SKIP","floor":44},{"not_picked":["TalkToTheHand+1","ForeignInfluence+1"],"picked":"FearNoEvil+1","floor":46},{"not_picked":["Consecrate+1","PathToVictory","Indignation"],"picked":"SKIP","floor":47},{"not_picked":["FlurryOfBlows","SignatureMove+1"],"picked":"WaveOfTheHand","floor":54}],"player_experience":427268,"relics_obtained":[{"floor":5,"key":"Bag of Preparation"},{"floor":6,"key":"Oddly Smooth Stone"},{"floor":9,"key":"Ancient Tea Set"},{"floor":10,"key":"Dead Branch"},{"floor":12,"key":"Incense Burner"},{"floor":14,"key":"Bronze Scales"},{"floor":20,"key":"Centennial Puzzle"},{"floor":23,"key":"Smiling Mask"},{"floor":25,"key":"Mango"},{"floor":26,"key":"Lantern"},{"floor":29,"key":"Nunchaku"},{"floor":38,"key":"Du-Vu Doll"},{"floor":44,"key":"InkBottle"},{"floor":46,"key":"Boot"},{"floor":54,"key":"Art of War"}],"event_choices":[{"damage_healed":18,"gold_gain":0,"player_choice":"Healed","damage_taken":0,"max_hp_gain":0,"max_hp_loss":0,"event_name":"The Cleric","floor":8,"gold_loss":35},{"damage_healed":0,"gold_gain":0,"player_choice":"Opened","damage_taken":0,"relics_obtained":["CeramicFish"],"max_hp_gain":0,"max_hp_loss":0,"event_name":"The Mausoleum","floor":19,"gold_loss":0,"cards_obtained":["Writhe"]},{"cards_removed":["Strike_P"],"damage_healed":0,"gold_gain":0,"player_choice":"Elegance","damage_taken":0,"max_hp_gain":0,"max_hp_loss":0,"event_name":"Back to Basics","floor":28,"gold_loss":0},{"damage_healed":0,"gold_gain":0,"player_choice":"Fight","damage_taken":0,"max_hp_gain":0,"max_hp_loss":0,"event_name":"MindBloom","floor":38,"gold_loss":0},{"damage_healed":0,"gold_gain":0,"player_choice":"Max HP","damage_taken":0,"max_hp_gain":0,"max_hp_loss":5,"event_name":"Winding Halls","floor":39,"gold_loss":0},{"damage_healed":0,"gold_gain":0,"player_choice":"Upgraded","damage_taken":0,"max_hp_gain":0,"max_hp_loss":0,"event_name":"Upgrade Shrine","floor":48,"gold_loss":0,"cards_upgraded":["BattleHymn"]}],"is_beta":false,"boss_relics":[{"not_picked":["Coffee Dripper","Pandora\u0027s Box"],"picked":"Runic Dome"},{"not_picked":["Calling Bell","Velvet Choker"],"picked":"VioletLotus"}],"items_purged_floors":[13,21,30,53],"is_endless":false,"potions_floor_spawned":[3,6,14,16,22,31,38,41,46,54],"ascension_level":6}}