{"host":"1c17lcvl7acx821p","time":1610655985,"event":{"mods":["AchievementEnabler","BaseMod","Colored Map","Minty Spire (QoL Compilation)","StSLib"],"gold_per_floor":[117,117,127,141,160,160,191,207,207,236,252,269,269,304,304,405,405,424,424,49,49,49,49,69,97,97,108,119,119,34,67,67,166,166,182,182,237,248,21,54,54,87,87,87,87,6,6,26,26,26,26,26,1,32,32,32],"floor_reached":55,"language":"ENG","playtime":3101,"items_purged":["Strike_P"],"score":821,"play_id":"6c5c0c62-0a27-4251-9904-8372f0b1c1db","local_time":"20210114222625","is_ascension_mode":true,"campfire_choices":[{"data":"CrushJoints","floor":6.0,"key":"SMITH"},{"data":"ConjureBlade","floor":13.0,"key":"SMITH"},{"floor":15.0,"key":"REST"},{"data":"LessonLearned","floor":23.0,"key":"SMITH"},{"floor":29,"key":"REST"},{"floor":32,"key":"REST"},{"floor":41,"key":"REST"},{"floor":44,"key":"REST"},{"floor":49,"key":"RECALL"},{"data":"TalkToTheHand","floor":52,"key":"SMITH"}],"circlet_count":0,"master_deck":["Strike_P+1","Defend_P+1","Defend_P+1","Eruption+1","Vigilance+1","CutThroughFate+1","CrushJoints+1","EmptyBody+1","TalkToTheHand+1","BowlingBash+1","DevaForm+1","ConjureBlade+1","LessonLearned+1","J.A.X.+1","SashWhip+1","DeceiveReality","LikeWater","Omniscience+1","MentalFortress+1","Nirvana+1","Prostrate+1","Nirvana+1","Protect+1","ClearTheMind+1","FearNoEvil+1","Protect+1","TalkToTheHand","Meditate+1","JustLucky","Prostrate+1"],"relics":["Snecko Eye","Nunchaku","MealTicket","Pen Nib","Mercury Hourglass","Black Star","Juzu Bracelet","Sling","Potion Belt","Kunai","Centennial Puzzle","Lizard Tail","Letter Opener","Toxic Egg 2","WingedGreaves","Astrolabe","Mango","ClockworkSouvenir","Lantern","Singing Bowl","Du-Vu Doll","Bottled Flame","Bottled Lightning","Eternal Feather"],"acts_visited":["Exordium","TheCity","TheBeyond","TheEnding"],"potions_floor_usage":[33,42,54,55,55],"damage_taken":[{"damage":0.0,"enemies":"Small Slimes","floor":1.0,"turns":2.0},{"damage":0.0,"enemies":"2 Louse","floor":3.0,"turns":3.0},{"damage":0.0,"enemies":"Jaw Worm","floor":4.0,"turns":2.0},{"damage":2.0,"enemies":"Large Slime","floor":5.0,"turns":6.0},{"damage":15.0,"enemies":"Gremlin Nob","floor":7.0,"turns":5.0},{"damage":7.0,"enemies":"Gremlin Gang","floor":8.0,"turns":5.0},{"damage":0.0,"enemies":"Lagavulin","floor":10.0,"turns":6.0},{"damage":1.0,"enemies":"3 Louse","floor":11.0,"turns":2.0},{"damage":0.0,"enemies":"Looter","floor":12.0,"turns":2.0},{"damage":21.0,"enemies":"Gremlin Nob","floor":14.0,"turns":4.0},{"damage":10.0,"enemies":"The Guardian","floor":16.0,"turns":7.0},{"damage":11.0,"enemies":"Spheric Guardian","floor":18.0,"turns":4.0},{"damage":5.0,"enemies":"Shell Parasite","floor":24.0,"turns":6.0},{"damage":48.0,"enemies":"Gremlin Leader","floor":25.0,"turns":4.0},{"damage":33,"enemies":"Shelled Parasite and Fungi","floor":27,"turns":5},{"damage":3,"enemies":"Snake Plant","floor":28,"turns":3},{"damage":7,"enemies":"Book of Stabbing","floor":31,"turns":4},{"damage":32,"enemies":"Collector","floor":33,"turns":7},{"damage":18,"enemies":"3 Darklings","floor":35,"turns":6},{"damage":57,"enemies":"2 Orb Walkers","floor":37,"turns":5},{"damage":1,"enemies":"3 Shapes","floor":38,"turns":3},{"damage":20,"enemies":"Nemesis","floor":40,"turns":7},{"damage":13,"enemies":"Reptomancer","floor":42,"turns":4},{"damage":8,"enemies":"Maw","floor":48,"turns":7},{"damage":34,"enemies":"Awakened One","floor":50,"turns":10},{"damage":82,"enemies":"Shield and Spear","floor":54,"turns":10},{"damage":8,"enemies":"The Heart","floor":55,"turns":2}],"seed_played":"4482308083506369496","potions_obtained":[{"floor":5.0,"key":"SpeedPotion"},{"floor":7.0,"key":"Ancient Potion"},{"floor":10.0,"key":"StancePotion"},{"floor":12.0,"key":"StancePotion"},{"floor":16.0,"key":"Regen Potion"},{"floor":24.0,"key":"AttackPotion"},{"floor":31,"key":"PowerPotion"},{"floor":33,"key":"Fire Potion"},{"floor":37,"key":"FearPotion"},{"floor":42,"key":"Ambrosia"},{"floor":48,"key":"Swift Potion"}],"is_trial":false,"path_per_floor":["M","?","M","M","M","R","E","M","T","E","M","M","R","E","R","B",null,"M","?","$","?","?","R","M","E","T","M","M","R","?","E","R","B",null,"M","?","?","M","$","E","R","E","T","R","?","$","?","M","R","B",null,"R","$","E","B"],"character_chosen":"WATCHER","items_purchased":["Juzu Bracelet","Sling","ClockworkSouvenir","FearNoEvil","Meditate+1","JustLucky"],"campfire_rested":5,"item_purchase_floors":[20,20,39,39,46,53],"current_hp_per_floor":[72,58,58,58,56,56,41,34,34,34,33,33,33,12,33,23,72,61,48,63,63,63,63,58,10,10,21,18,41,41,34,57,25,77,59,59,16,15,30,12,39,26,26,53,53,68,68,62,62,28,90,90,90,8,0,0],"gold":32,"neow_bonus":"BOSS_RELIC","is_daily":false,"chose_seed":false,"campfire_upgraded":4,"win_rate":0.0,"timestamp":1610655985,"path_taken":["M","?","M","M","M","R","E","M","T","E","M","M","R","E","R","BOSS","M","?","$","?","?","R","M","E","T","M","M","R","?","E","R","BOSS","M","?","?","M","$","E","R","E","T","R","?","$","?","M","R","BOSS","R","$","E","BOSS"],"items_purchased_type":["Relic","Relic","Relic","Card","Card","Card"],"build_version":"2020-12-22","purchased_purges":1,"victory":false,"max_hp_per_floor":[72,72,72,72,72,72,72,72,72,72,72,72,72,72,72,72,72,72,77,77,77,77,77,77,77,77,77,77,77,77,77,77,77,77,77,77,91,91,91,93,93,93,93,93,93,93,88,90,90,90,90,90,90,90,90,90],"card_choices":[{"not_picked":["ClearTheMind","Evaluate"],"picked":"CutThroughFate","floor":1.0},{"not_picked":["EmptyFist","PathToVictory"],"picked":"CrushJoints","floor":3.0},{"not_picked":["SashWhip","FlurryOfBlows"],"picked":"EmptyBody","floor":4.0},{"not_picked":["ClearTheMind","ThirdEye"],"picked":"TalkToTheHand","floor":5.0},{"not_picked":["WaveOfTheHand","FlurryOfBlows"],"picked":"BowlingBash","floor":7.0},{"not_picked":["BowlingBash","EmptyFist","Halt"],"picked":"SKIP","floor":8.0},{"not_picked":["CutThroughFate","Collect"],"picked":"DevaForm","floor":10.0},{"not_picked":["EmptyBody","SashWhip"],"picked":"ConjureBlade","floor":11.0},{"not_picked":["Perseverance","Crescendo","PathToVictory"],"picked":"SKIP","floor":12.0},{"not_picked":["PathToVictory","FlurryOfBlows","EmptyBody"],"picked":"SKIP","floor":14.0},{"not_picked":["Scrawl","Blasphemy"],"picked":"LessonLearned","floor":16.0},{"not_picked":["CutThroughFate","Halt","BowlingBash"],"picked":"SKIP","floor":18.0},{"not_picked":["BowlingBash","ThirdEye","Consecrate"],"picked":"SKIP","floor":24.0},{"not_picked":["WindmillStrike","Vengeance"],"picked":"SashWhip","floor":25.0},{"not_picked":["Halt+1","Conclude"],"picked":"DeceiveReality","floor":27},{"not_picked":["ClearTheMind","SashWhip+1","Indignation+1"],"picked":"SKIP","floor":28},{"not_picked":["Crescendo+1","BowlingBash+1"],"picked":"LikeWater","floor":31},{"not_picked":["Blasphemy+1","Judgement+1"],"picked":"Omniscience+1","floor":33},{"not_picked":["CrushJoints","BowlingBash"],"picked":"Nirvana+1","floor":35},{"not_picked":["ClearTheMind+1","Crescendo+1"],"picked":"Protect+1","floor":37},{"not_picked":["CrushJoints+1","Weave"],"picked":"ClearTheMind+1","floor":38},{"not_picked":["Prostrate+1","EmptyFist","Study+1"],"picked":"Singing Bowl","floor":40},{"not_picked":["ReachHeaven","Blasphemy+1"],"picked":"Protect+1","floor":42},{"not_picked":["Consecrate","WheelKick","WindmillStrike"],"picked":"Singing Bowl","floor":48},{"not_picked":["BowlingBash","Study"],"picked":"Prostrate+1","floor":54}],"player_experience":80255,"relics_obtained":[{"floor":7.0,"key":"Nunchaku"},{"floor":9.0,"key":"MealTicket"},{"floor":10.0,"key":"Pen Nib"},{"floor":14.0,"key":"Mercury Hourglass"},{"floor":25.0,"key":"Kunai"},{"floor":25.0,"key":"Centennial Puzzle"},{"floor":26.0,"key":"Lizard Tail"},{"floor":31,"key":"Toxic Egg 2"},{"floor":31,"key":"WingedGreaves"},{"floor":37,"key":"Mango"},{"floor":40,"key":"Lantern"},{"floor":40,"key":"Singing Bowl"},{"floor":42,"key":"Du-Vu Doll"},{"floor":42,"key":"Bottled Flame"},{"floor":54,"key":"Bottled Lightning"},{"floor":54,"key":"Eternal Feather"}],"event_choices":[{"damage_healed":0.0,"max_hp_gain":0.0,"max_hp_loss":0.0,"gold_gain":0.0,"event_name":"Shining Light","player_choice":"Entered Light","floor":2.0,"gold_loss":0.0,"damage_taken":14.0,"cards_upgraded":["Strike_P","Defend_P"]},{"damage_healed":0.0,"max_hp_gain":5.0,"max_hp_loss":0.0,"gold_gain":0.0,"event_name":"Forgotten Altar","player_choice":"Shed Blood","floor":19.0,"gold_loss":0.0,"damage_taken":18.0},{"damage_healed":0.0,"max_hp_gain":0.0,"max_hp_loss":0.0,"gold_gain":0.0,"event_name":"Drug Dealer","player_choice":"Obtain J.A.X.","floor":21.0,"gold_loss":0.0,"damage_taken":0.0,"cards_obtained":["J.A.X."]},{"damage_healed":0.0,"max_hp_gain":0.0,"max_hp_loss":0.0,"gold_gain":0.0,"event_name":"WeMeetAgain","player_choice":"Gave Potion","floor":22.0,"gold_loss":0.0,"damage_taken":0.0,"relics_obtained":["Potion Belt"]},{"damage_healed":0,"gold_gain":0,"player_choice":"Obtained Relic","damage_taken":0,"relics_obtained":["Letter Opener"],"max_hp_gain":0,"max_hp_loss":0,"event_name":"Addict","floor":30,"gold_loss":85},{"cards_removed":["Defend_P"],"damage_healed":0,"gold_gain":0,"player_choice":"Removed Skill","damage_taken":0,"max_hp_gain":0,"max_hp_loss":0,"event_name":"Falling","floor":36,"gold_loss":0},{"damage_healed":0,"gold_gain":0,"player_choice":"Fight","damage_taken":0,"max_hp_gain":0,"max_hp_loss":0,"event_name":"Mysterious Sphere","floor":37,"gold_loss":0},{"damage_healed":0,"gold_gain":0,"player_choice":"Copied","damage_taken":0,"max_hp_gain":0,"max_hp_loss":0,"event_name":"Duplicator","floor":45,"gold_loss":0,"cards_obtained":["TalkToTheHand"]},{"damage_healed":0,"gold_gain":0,"player_choice":"Max HP","damage_taken":0,"max_hp_gain":0,"max_hp_loss":5,"event_name":"Winding Halls","floor":47,"gold_loss":0}],"is_beta":false,"boss_relics":[{"not_picked":["Cursed Key","Velvet Choker"],"picked":"Black Star"},{"not_picked":["Runic Dome","Sozu"],"picked":"Astrolabe"}],"items_purged_floors":[20],"is_endless":false,"potions_floor_spawned":[5,7,10,12,16,24,31,33,37,42,48],"killed_by":"The Heart","ascension_level":1}}