{"host":"h4lp0eeso8a0ssq0","time":1610602013,"event":{"mods":["2.2 Compatiblity","BaseMod","CapriCore","Colored Map","Hermit","Minty Spire (QoL Compilation)","StSLib","SuperFastMode","The Cursed","The Hierophant"],"gold_per_floor":[111,86,99,99,119,119,138,138,138,118,118,130,130,55,55,145,145,155,167,167,185,103,103,137,137,137,152,142,142],"floor_reached":28,"language":"KOR","playtime":1405,"items_purged":["hierophant:Strike_Hierophant"],"score":238,"play_id":"9cdb09b1-7ef9-4fe5-9faf-851d4ca25a77","local_time":"20210114142653","is_ascension_mode":false,"campfire_choices":[{"data":"hierophant:FaithHealing","floor":6,"key":"SMITH"},{"data":"hierophant:Punish","floor":8,"key":"SMITH"},{"data":"hierophant:Exaltation","floor":13,"key":"SMITH"},{"data":"hierophant:PassingBell","floor":15,"key":"SMITH"},{"data":"hierophant:Repentance","floor":23,"key":"SMITH"},{"data":"hierophant:Kindle","floor":25,"key":"SMITH"}],"circlet_count":0,"master_deck":["hierophant:Punish+1","hierophant:Defend_Hierophant","hierophant:Defend_Hierophant","hierophant:Defend_Hierophant","hierophant:Defend_Hierophant","hierophant:ChurchCoffers","hierophant:ThreeLashes","hierophant:PassingBell+1","hierophant:FaithHealing+1","hierophant:ThreeLashes","hierophant:Exaltation+1","hierophant:ArchangelShield","hierophant:Kindle+1","hierophant:HolyVerse+1","hierophant:Repentance+1","hierophant:Determination"],"relics":["hierophant:PropheticMaskRelic","NeowsBlessing","Boot","InkBottle","Empty Cage","MutagenicStrength","Centennial Puzzle","Bottled Lightning"],"acts_visited":["Exordium","TheCity"],"potions_floor_usage":[16,28],"damage_taken":[{"damage":0,"enemies":"Cultist","floor":1,"turns":1},{"damage":0,"enemies":"Small Slimes","floor":3,"turns":1},{"damage":0,"enemies":"2 Louse","floor":5,"turns":1},{"damage":32,"enemies":"Gremlin Nob","floor":7,"turns":5},{"damage":10,"enemies":"Exordium Thugs","floor":10,"turns":3},{"damage":2,"enemies":"Blue Slaver","floor":12,"turns":2},{"damage":44,"enemies":"The Guardian","floor":16,"turns":11},{"damage":5,"enemies":"Chosen","floor":18,"turns":4},{"damage":2,"enemies":"Spheric Guardian","floor":19,"turns":3},{"damage":18,"enemies":"Shelled Parasite and Fungi","floor":21,"turns":4},{"damage":26,"enemies":"Gremlin Leader","floor":24,"turns":4},{"damage":5,"enemies":"Chosen and Byrds","floor":27,"turns":3},{"damage":24,"enemies":"Slavers","floor":28,"turns":2}],"seed_played":"8747322718576949888","potions_obtained":[{"floor":3,"key":"DistilledChaos"},{"floor":7,"key":"Regen Potion"},{"floor":12,"key":"SneckoOil"},{"floor":18,"key":"BlessingOfTheForge"},{"floor":24,"key":"DistilledChaos"}],"is_trial":false,"path_per_floor":["M","?","M","?","M","R","E","R","T","M","?","M","R","$","R","B",null,"M","M","?","M","$","R","E","R","T","M","E"],"character_chosen":"HIEROPHANT","items_purchased":["hierophant:Repentance"],"campfire_rested":0,"item_purchase_floors":[22],"current_hp_per_floor":[75,75,75,75,75,75,43,43,43,33,33,31,31,31,31,2,75,70,68,68,50,50,50,24,24,24,19,0,0],"gold":142,"neow_bonus":"THREE_ENEMY_KILL","is_daily":false,"chose_seed":false,"campfire_upgraded":6,"win_rate":0.0,"timestamp":1610602013,"path_taken":["M","?","M","?","?","R","E","R","T","M","?","M","R","$","R","BOSS","M","M","?","M","$","R","E","R","T","M","E"],"items_purchased_type":["Card"],"build_version":"2020-12-22","purchased_purges":1,"victory":false,"max_hp_per_floor":[75,75,75,75,75,75,75,75,75,75,75,75,75,75,75,75,75,75,75,75,75,75,75,75,75,75,75,75,75],"card_choices":[{"not_picked":["hierophant:MorningPrayer","hierophant:OrnateBuckler"],"picked":"hierophant:ThreeLashes","floor":1},{"not_picked":["hierophant:Doubloon","hierophant:AuricBeam"],"picked":"hierophant:PassingBell","floor":3},{"not_picked":["hierophant:Bribe","hierophant:AuricBeam"],"picked":"hierophant:FaithHealing","floor":5},{"not_picked":["hierophant:MintersHammer","hierophant:Repentance"],"picked":"hierophant:ThreeLashes","floor":7},{"not_picked":["hierophant:OrnateBuckler","hierophant:CoinFling"],"picked":"hierophant:Exaltation","floor":10},{"not_picked":["hierophant:Purify","hierophant:AuricShield"],"picked":"hierophant:ArchangelShield","floor":12},{"not_picked":["hierophant:Determination","hierophant:Cornucopia"],"picked":"hierophant:Kindle","floor":16},{"not_picked":["hierophant:DisplayOfPower","hierophant:Endure"],"picked":"hierophant:HolyVerse+1","floor":18},{"not_picked":["hierophant:Refuge+1","hierophant:Doubloon","hierophant:HammerAndAnvil"],"picked":"SKIP","floor":19},{"not_picked":["hierophant:Patience","hierophant:Bribe+1","hierophant:PassingBell"],"picked":"SKIP","floor":21},{"not_picked":["hierophant:OrnateBuckler","hierophant:Bribe","hierophant:CursedGold+1"],"picked":"SKIP","floor":24},{"not_picked":["hierophant:Racketeering","hierophant:Bribe+1"],"picked":"hierophant:Determination","floor":27}],"player_experience":29013,"relics_obtained":[{"floor":7,"key":"Boot"},{"floor":9,"key":"InkBottle"},{"floor":24,"key":"Centennial Puzzle"},{"floor":26,"key":"Bottled Lightning"}],"event_choices":[{"damage_healed":0,"gold_gain":0,"player_choice":"Left Gold","damage_taken":0,"max_hp_gain":0,"max_hp_loss":0,"event_name":"World of Goop","floor":2,"gold_loss":25},{"damage_healed":0,"gold_gain":0,"player_choice":"Bought 0 Potions","damage_taken":0,"max_hp_gain":0,"max_hp_loss":0,"event_name":"The Woman in Blue","floor":4,"gold_loss":0},{"cards_removed":["hierophant:Strike_Hierophant"],"damage_healed":0,"gold_gain":0,"player_choice":"Purged","damage_taken":0,"max_hp_gain":0,"max_hp_loss":0,"event_name":"Purifier","floor":11,"gold_loss":0},{"damage_healed":0,"gold_gain":0,"player_choice":"Inject Mutagens","damage_taken":0,"relics_obtained":["MutagenicStrength"],"max_hp_gain":0,"max_hp_loss":0,"event_name":"Drug Dealer","floor":20,"gold_loss":0}],"is_beta":false,"boss_relics":[{"not_picked":["Ectoplasm","Tiny House"],"picked":"Empty Cage"}],"items_purged_floors":[14],"is_endless":false,"potions_floor_spawned":[3,7,12,18,19,24],"killed_by":"Slavers","ascension_level":0}}