{"host":"4rvk26w7t08d5zdj","time":1610649101,"event":{"mods":["AchievementEnabler","BaseMod","Colored Powertips","Conspire","Energized Spire","GifTheSpireLib","Minty Spire (QoL Compilation)","Rare Cards Sparkle","StSLib","The Animator","The Blue Laboratory"],"gold_per_floor":[118,118,118,137,164,184,204,222,249,6,24,24,50,76,76,173,173,185,195,195,195,195,195,220,220,220,236,236,236,84,114,114,214,214,227,244,292,305,315,315,327,327,379,379,395,395,395,28,28,28,28],"floor_reached":50,"language":"ENG","playtime":5276,"items_purged":["Writhe"],"score":563,"play_id":"126d8a03-3bf9-4103-b0b8-2ae774d1edcc","local_time":"20210114103141","is_ascension_mode":false,"campfire_choices":[{"data":"animator:Eve","floor":12.0,"key":"SMITH"},{"data":"animator:NagisaMomoe","floor":15.0,"key":"SMITH"},{"data":"animator:Greed","floor":23.0,"key":"SMITH"},{"data":"animator:WinryRockbell","floor":25.0,"key":"SMITH"},{"data":"animator:Elsword","floor":29.0,"key":"SMITH"},{"floor":32.0,"key":"REST"},{"floor":40,"key":"REST"},{"floor":49,"key":"REST"}],"circlet_count":0,"master_deck":["animator:Strike_MadokaMagica","animator:Defend_MadokaMagica","animator:Strike","animator:Strike","animator:Strike","animator:Defend+1","animator:Defend+1","animator:IrohaTamaki+1","animator:YuiTsuruno","animator:Shuna","animator:Elsword+1","animator:OrikoMikuni","animator:KyokoSakura","animator:Eve+1","animator:Mitsurugi","animator:YuiTsuruno+1","animator:NagisaMomoe+1","animator:Emonzaemon+1","animator:Greed+1","CurseOfTheBell","animator:WinryRockbell+1","animator:Millim+5","Necronomicurse","animator:MamiTomoe+1","animator:Hans","animator:Konayuki","animator:Melzalgald+1","animator:Biyorigo","animator:Benimaru+1","animator:Mitsurugi+1","animator:YunYun+1","animator:Mitsurugi+1","animator:YachiyoNanami","animator:RoyMustang+1"],"relics":["animator:LivingPicture","animator:TheMissingPiece","Torii","animator:ShionDessert","Molten Egg 2","Calling Bell","Regal Pillow","Pantograph","Pocketwatch","Necronomicon","CloakClasp","War Paint","conspire:Dentures","Bag of Marbles","Incense Burner","Bronze Scales","Sundial","ClockworkSouvenir"],"acts_visited":["Exordium","TheCity","TheBeyond"],"potions_floor_usage":[33,38,39,45,47,50],"damage_taken":[{"damage":7.0,"enemies":"Jaw Worm","floor":1.0,"turns":4.0},{"damage":0.0,"enemies":"Cultist","floor":4.0,"turns":5.0},{"damage":0.0,"enemies":"2 Louse","floor":5.0,"turns":1.0},{"damage":0.0,"enemies":"conspire:2 RoseBushes","floor":6.0,"turns":5.0},{"damage":2.0,"enemies":"Blue Slaver","floor":7.0,"turns":4.0},{"damage":1.0,"enemies":"2 Fungi Beasts","floor":8.0,"turns":3.0},{"damage":10.0,"enemies":"Exordium Thugs","floor":11.0,"turns":3.0},{"damage":0.0,"enemies":"Large Slime","floor":13.0,"turns":3.0},{"damage":0.0,"enemies":"Blue Slaver","floor":14.0,"turns":2.0},{"damage":7.0,"enemies":"Slime Boss","floor":16.0,"turns":9.0},{"damage":7.0,"enemies":"Spheric Guardian","floor":18.0,"turns":4.0},{"damage":3.0,"enemies":"3 Byrds","floor":19.0,"turns":5.0},{"damage":0.0,"enemies":"conspire:Head Lice","floor":24.0,"turns":5.0},{"damage":1.0,"enemies":"Snake Plant","floor":27.0,"turns":3.0},{"damage":3.0,"enemies":"3 Cultists","floor":31.0,"turns":5.0},{"damage":0,"enemies":"conspire:MysteriousRune","floor":33,"turns":7},{"damage":24,"enemies":"3 Darklings","floor":35,"turns":7},{"damage":1,"enemies":"Orb Walker","floor":36,"turns":3},{"damage":34,"enemies":"2 Orb Walkers","floor":37,"turns":5},{"damage":8,"enemies":"4 Shapes","floor":38,"turns":4},{"damage":0,"enemies":"Transient","floor":39,"turns":5},{"damage":17,"enemies":"3 Darklings","floor":41,"turns":5},{"damage":0,"enemies":"Spire Growth","floor":45,"turns":3},{"damage":0,"enemies":"Reptomancer","floor":47,"turns":2},{"damage":88,"enemies":"Awakened One","floor":50,"turns":7}],"seed_played":"-359244846376293777","potions_obtained":[{"floor":1.0,"key":"blueLaboratory:HorrorPotion"},{"floor":6.0,"key":"blueLaboratory:Moonshine"},{"floor":11.0,"key":"blueLaboratory:LouseDecoction"},{"floor":13.0,"key":"SpeedPotion"},{"floor":14.0,"key":"blueLaboratory:PhilterOfMotion"},{"floor":16.0,"key":"PowerPotion"},{"floor":18.0,"key":"blueLaboratory:Moonshine"},{"floor":19.0,"key":"blueLaboratory:CorrosionFlask"},{"floor":31.0,"key":"animator:FalseLifePotion"},{"floor":37,"key":"blueLaboratory:BottleOfRum"},{"floor":38,"key":"Strength Potion"},{"floor":41,"key":"Dexterity Potion"},{"floor":45,"key":"SmokeBomb"}],"is_trial":false,"path_per_floor":["M","?","?","M","M","M","M","M","T","$","M","R","M","M","R","B",null,"M","M","?","?","?","R","E","R","T","M","?","R","$","M","R","B",null,"M","M","?","M","M","R","M","?","T","?","M","T","E","$","R","B"],"character_chosen":"THE_ANIMATOR","items_purchased":["Molten Egg 2","Bag of Marbles","ClockworkSouvenir","animator:YachiyoNanami","animator:RoyMustang+1"],"campfire_rested":3,"item_purchase_floors":[10,30,48,48,48],"current_hp_per_floor":[65,65,65,65,65,66,64,63,63,63,53,53,53,53,53,46,73,66,63,63,47,47,47,48,48,48,47,47,47,47,44,74,75,75,51,50,16,8,8,45,28,28,28,47,47,47,47,47,75,0,0],"gold":28,"neow_bonus":"TEN_PERCENT_HP_BONUS","is_daily":false,"chose_seed":false,"campfire_upgraded":5,"win_rate":0.0,"timestamp":1610649101,"path_taken":["M","?","?","M","M","?","M","M","T","?","M","R","M","M","R","BOSS","M","M","?","?","?","R","E","R","T","?","?","R","$","M","R","BOSS","M","M","?","M","M","R","M","?","T","?","M","?","E","?","R","BOSS"],"items_purchased_type":["Relic","Relic","Relic","Card","Card"],"build_version":"2020-12-22","purchased_purges":1,"victory":false,"max_hp_per_floor":[72,72,72,72,72,73,73,73,73,73,73,73,73,73,73,73,73,73,73,73,73,73,73,74,74,74,74,74,74,74,74,74,75,75,75,75,75,75,75,75,75,75,75,75,75,75,75,75,75,75,75],"card_choices":[{"not_picked":["animator:Togame","animator:Hakurou"],"picked":"animator:Shuna","floor":1.0},{"not_picked":["animator:Sloth","animator:Lu"],"picked":"animator:Elsword","floor":4.0},{"not_picked":["animator:Chris","animator:Raven"],"picked":"animator:OrikoMikuni","floor":5.0},{"not_picked":["animator:SuzuneAmano","animator:SayakaMiki"],"picked":"animator:KyokoSakura","floor":6.0},{"not_picked":["animator:Togame","animator:Elsword"],"picked":"animator:Eve","floor":7.0},{"not_picked":["animator:MetalKnight","animator:Raven"],"picked":"animator:Mitsurugi","floor":8.0},{"not_picked":["animator:SilverFang","animator:Ara+1"],"picked":"animator:YuiTsuruno+1","floor":11.0},{"not_picked":["animator:IrohaTamaki+1","animator:YuiTsuruno+1"],"picked":"animator:NagisaMomoe","floor":13.0},{"not_picked":["animator:Chris+1","animator:Vanir+1"],"picked":"animator:Emonzaemon+1","floor":14.0},{"not_picked":["animator:Elesis+1","animator:Saitama"],"picked":"animator:Greed","floor":16.0},{"not_picked":["animator:Benimaru+1","animator:Darkness+1"],"picked":"animator:WinryRockbell","floor":18.0},{"not_picked":["animator:OrikoMikuni","animator:Raven+1"],"picked":"animator:Millim+1","floor":19.0},{"not_picked":["animator:OrikoMikuni","animator:SuzuneAmano+1"],"picked":"animator:MamiTomoe+1","floor":24.0},{"not_picked":["animator:Tatsumaki+1","animator:Genos+1"],"picked":"animator:Hans","floor":27.0},{"not_picked":["animator:ZankiKiguchi+1","animator:Ciel"],"picked":"animator:Melzalgald+1","floor":31.0},{"not_picked":["animator:Saitama","animator:HigakiRinne"],"picked":"animator:Biyorigo","floor":33},{"not_picked":["animator:Sonic+1","animator:Ciel"],"picked":"animator:Benimaru+1","floor":35},{"not_picked":["animator:Benimaru+1","animator:GazelDwargon"],"picked":"animator:Millim+1","floor":36},{"not_picked":["animator:Souei+1","animator:TsurugaMeisai+1"],"picked":"animator:Mitsurugi+1","floor":37},{"not_picked":["animator:Geryuganshoop","animator:Ciel+1"],"picked":"animator:YunYun+1","floor":38},{"not_picked":["animator:IrohaTamaki+1","animator:Konayuki"],"picked":"animator:Millim+1","floor":39},{"not_picked":["animator:MaesHughes","animator:UneriGinkaku+1","animator:Add"],"picked":"SKIP","floor":41},{"not_picked":["animator:YunYun+1","animator:Kazuma"],"picked":"animator:Mitsurugi+1","floor":45}],"player_experience":1026966,"relics_obtained":[{"floor":9.0,"key":"animator:ShionDessert"},{"floor":17.0,"key":"Regal Pillow"},{"floor":17.0,"key":"Pantograph"},{"floor":17.0,"key":"Pocketwatch"},{"floor":21.0,"key":"Necronomicon"},{"floor":24.0,"key":"War Paint"},{"floor":26.0,"key":"conspire:Dentures"},{"floor":37,"key":"Incense Burner"},{"floor":43,"key":"Bronze Scales"},{"floor":46,"key":"Sundial"}],"event_choices":[{"damage_healed":0.0,"max_hp_gain":0.0,"max_hp_loss":0.0,"gold_gain":0.0,"event_name":"Living Wall","player_choice":"Grow","floor":2.0,"gold_loss":0.0,"damage_taken":0.0,"cards_upgraded":["animator:IrohaTamaki"]},{"damage_healed":0.0,"max_hp_gain":0.0,"max_hp_loss":0.0,"gold_gain":0.0,"event_name":"WeMeetAgain","player_choice":"Gave Potion","floor":3.0,"gold_loss":0.0,"damage_taken":0.0,"relics_obtained":["Torii"]},{"damage_healed":0.0,"max_hp_gain":0.0,"max_hp_loss":0.0,"gold_gain":0.0,"event_name":"Vampires","player_choice":"Ignored","floor":20.0,"gold_loss":0.0,"damage_taken":0.0},{"damage_healed":0.0,"max_hp_gain":0.0,"max_hp_loss":0.0,"gold_gain":0.0,"event_name":"Cursed Tome","player_choice":"Obtained Book","floor":21.0,"gold_loss":0.0,"damage_taken":16.0},{"damage_healed":0.0,"max_hp_gain":0.0,"max_hp_loss":0.0,"gold_gain":0.0,"event_name":"The Mausoleum","player_choice":"Opened","floor":22.0,"gold_loss":0.0,"damage_taken":0.0,"relics_obtained":["CloakClasp"]},{"damage_healed":0.0,"max_hp_gain":0.0,"max_hp_loss":0.0,"gold_gain":0.0,"cards_transformed":["animator:Defend"],"event_name":"Transmorgrifier","player_choice":"Transformed","floor":28.0,"gold_loss":0.0,"damage_taken":0.0,"cards_obtained":["animator:Konayuki"]},{"damage_healed":0,"gold_gain":0,"player_choice":"Fight","damage_taken":0,"max_hp_gain":0,"max_hp_loss":0,"event_name":"Mysterious Sphere","floor":37,"gold_loss":0},{"damage_healed":0,"gold_gain":0,"player_choice":"Ignored","damage_taken":0,"max_hp_gain":0,"max_hp_loss":0,"event_name":"The Moai Head","floor":42,"gold_loss":0},{"damage_healed":19,"gold_gain":0,"player_choice":"Writhe","damage_taken":0,"max_hp_gain":0,"max_hp_loss":0,"event_name":"Winding Halls","floor":44,"gold_loss":0,"cards_obtained":["Writhe"]}],"is_beta":false,"boss_relics":[{"not_picked":["conspire:RunicOctahedron","Astrolabe"],"picked":"Calling Bell"},{"not_picked":["energizedSpire:StickyHand","Velvet Choker","energizedSpire:NeverEndingSparkler"]}],"items_purged_floors":[48],"is_endless":false,"potions_floor_spawned":[1,6,11,13,14,16,18,19,31,37,38,41,45],"killed_by":"Awakened One","ascension_level":0}}