{"host":"cv77zuuuekizn3ic","time":1610631270,"event":{"mods":["AchievementEnabler","BaseMod","Marisa£®ÏF”Í°°ƒß¿Ì…≥£©","Minty Spire (QoL Compilation)","StSLib","Waifu the Spire","everything is the same but u backflip on backflip","slay the spire mod where everything is the same but ironclad has a cowboy hat"],"gold_per_floor":[109,34,53,53,9,9,44,60,360,360,372,372,136,151,151,224,224,242,260,260,116,116,151,151,186,213,213,225,100,112,124,124,198,198,214,226,238,238,249,281,281,309,309,320,170,170,202,213,213,213,213,213,38,65,65],"floor_reached":56,"language":"ZHS","playtime":5259,"items_purged":["Strike_G","Sucker Punch","Predator","Well Laid Plans","Neutralize"],"score":2474,"play_id":"3b41cd74-7505-483d-9733-78e047e53b15","local_time":"20210114213430","is_ascension_mode":true,"campfire_choices":[{"data":"Footwork","floor":6.0,"key":"SMITH"},{"data":"Noxious Fumes","floor":10.0,"key":"SMITH"},{"data":"Flechettes","floor":12.0,"key":"SMITH"},{"data":"Malaise","floor":15.0,"key":"SMITH"},{"data":"Acrobatics","floor":24.0,"key":"SMITH"},{"data":"Tactician","floor":32,"key":"SMITH"},{"floor":46,"key":"RECALL"},{"data":"Burst","floor":49,"key":"SMITH"},{"data":"Reflex","floor":52,"key":"SMITH"}],"circlet_count":0,"master_deck":["AscendersBane","Backflip","Flechettes+1","Footwork+1","Noxious Fumes+1","Malaise+1","Tactician+1","After Image","Burst+1","Expertise","Concentrate","Escape Plan","Acrobatics+1","Tactician+1","Eviscerate","Ghostly","Ghostly","Ghostly","Corpse Explosion","Reflex+1","Acrobatics","Adrenaline","After Image"],"relics":["Ring of the Snake","NeowsBlessing","Unceasing Top","Mercury Hourglass","Old Coin","PreservedInsect","Pandora\u0027s Box","Mango","Bag of Preparation","Empty Cage","Mummified Hand","Happy Flower","Blue Candle","Bag of Marbles","Boot"],"acts_visited":["Exordium","TheCity","TheBeyond","TheEnding"],"potions_floor_usage":[50,55],"damage_taken":[{"damage":0.0,"enemies":"Jaw Worm","floor":1.0,"turns":1.0},{"damage":0.0,"enemies":"Cultist","floor":3.0,"turns":1.0},{"damage":0.0,"enemies":"3 Sentries","floor":7.0,"turns":2.0},{"damage":0.0,"enemies":"Small Slimes","floor":8.0,"turns":3.0},{"damage":0.0,"enemies":"Looter","floor":11.0,"turns":4.0},{"damage":10.0,"enemies":"Large Slime","floor":14.0,"turns":5.0},{"damage":0.0,"enemies":"Hexaghost","floor":16.0,"turns":11.0},{"damage":0.0,"enemies":"3 Byrds","floor":18.0,"turns":4.0},{"damage":0.0,"enemies":"Chosen","floor":19.0,"turns":4.0},{"damage":12.0,"enemies":"Book of Stabbing","floor":23.0,"turns":4.0},{"damage":0.0,"enemies":"Gremlin Leader","floor":25.0,"turns":5.0},{"damage":0.0,"enemies":"3 Cultists","floor":28.0,"turns":2.0},{"damage":0.0,"enemies":"Sentry and Sphere","floor":30.0,"turns":3.0},{"damage":0,"enemies":"Centurion and Healer","floor":31,"turns":5},{"damage":8,"enemies":"Champ","floor":33,"turns":6},{"damage":0,"enemies":"3 Darklings","floor":35,"turns":3},{"damage":0,"enemies":"Orb Walker","floor":36,"turns":3},{"damage":0,"enemies":"Maw","floor":37,"turns":2},{"damage":1,"enemies":"Transient","floor":39,"turns":6},{"damage":0,"enemies":"Nemesis","floor":40,"turns":5},{"damage":0,"enemies":"Giant Head","floor":42,"turns":2},{"damage":0,"enemies":"Jaw Worm Horde","floor":44,"turns":2},{"damage":0,"enemies":"Reptomancer","floor":47,"turns":3},{"damage":0,"enemies":"Writhing Mass","floor":48,"turns":3},{"damage":27,"enemies":"Time Eater","floor":50,"turns":12},{"damage":0,"enemies":"Shield and Spear","floor":54,"turns":3},{"damage":6,"enemies":"The Heart","floor":55,"turns":8}],"seed_played":"-6184578514708246023","potions_obtained":[{"floor":7.0,"key":"SkillPotion"},{"floor":11.0,"key":"SkillPotion"},{"floor":23.0,"key":"PowerPotion"},{"floor":54,"key":"Explosive Potion"}],"is_trial":false,"path_per_floor":["M","?","M","?","$","R","E","M","T","R","M","R","$","M","R","B",null,"M","M","?","$","?","E","R","E","T","?","M","$","M","M","R","B",null,"M","M","M","?","M","E","?","E","T","M","$","R","E","M","R","B",null,"R","$","E","B",null],"character_chosen":"THE_SILENT","items_purchased":["Footwork","PreservedInsect","Eviscerate"],"campfire_rested":0,"item_purchase_floors":[5,13,21],"current_hp_per_floor":[59,59,59,48,48,48,48,48,48,48,48,48,48,38,38,38,59,59,59,59,59,33,35,35,35,35,35,35,35,35,35,35,27,42,42,42,42,42,41,41,41,41,41,41,41,41,41,41,41,14,39,39,39,39,33],"gold":65,"neow_bonus":"THREE_ENEMY_KILL","is_daily":false,"chose_seed":false,"campfire_upgraded":8,"win_rate":0.0,"timestamp":1610631270,"path_taken":["M","?","M","?","$","R","E","M","T","R","M","R","?","M","R","BOSS","M","?","?","$","?","E","R","E","T","?","M","$","M","M","R","BOSS","M","M","M","?","?","E","?","E","T","?","$","R","E","M","R","BOSS","R","$","E","BOSS"],"items_purchased_type":["Card","Relic","Card"],"build_version":"2020-12-22","purchased_purges":5,"victory":true,"max_hp_per_floor":[66,66,66,66,66,66,66,66,66,66,66,66,66,66,66,66,66,66,66,66,66,33,47,47,47,47,47,47,47,47,47,47,47,47,47,47,47,47,47,47,47,47,47,47,47,47,47,47,47,47,47,47,47,47,47],"card_choices":[{"not_picked":["Infinite Blades","Bane"],"picked":"Backflip","floor":1.0},{"not_picked":["Backflip","Slice"],"picked":"Flechettes","floor":3.0},{"not_picked":["Bane","Underhanded Strike","Masterful Stab"],"picked":"SKIP","floor":7.0},{"not_picked":["Slice","Poisoned Stab"],"picked":"Noxious Fumes","floor":8.0},{"not_picked":["Deflect","Sucker Punch"],"picked":"Malaise","floor":11.0},{"not_picked":["PiercingWail","Dagger Throw"],"picked":"Tactician","floor":14.0},{"not_picked":["Wraith Form v2","Malaise"],"picked":"Storm of Steel","floor":16.0},{"not_picked":["Skewer","Prepared"],"picked":"Acrobatics","floor":18.0},{"not_picked":["Poisoned Stab","Caltrops"],"picked":"Tactician","floor":19.0},{"not_picked":["Bane+1","Riddle With Holes","Sucker Punch"],"picked":"SKIP","floor":23.0},{"not_picked":["Terror","Doppelganger"],"picked":"Corpse Explosion","floor":25.0},{"not_picked":["Quick Slash","Poisoned Stab","Sucker Punch"],"picked":"SKIP","floor":28.0},{"not_picked":["Well Laid Plans","Accuracy"],"picked":"Acrobatics","floor":30.0},{"not_picked":["Sucker Punch","Predator","Dagger Spray"],"picked":"SKIP","floor":31},{"not_picked":["Bullet Time","Malaise"],"picked":"Adrenaline","floor":33},{"not_picked":["Dagger Spray","Backflip","Dash"],"picked":"SKIP","floor":35},{"not_picked":["Escape Plan","Noxious Fumes+1","Heel Hook+1"],"picked":"SKIP","floor":36},{"not_picked":["Backflip","Blade Dance","Poisoned Stab+1"],"picked":"SKIP","floor":37},{"not_picked":["Heel Hook","Dodge and Roll+1","Tactician"],"picked":"SKIP","floor":39},{"not_picked":["Terror","Blade Dance"],"picked":"After Image","floor":40},{"not_picked":["A Thousand Cuts","Blur","Distraction"],"picked":"SKIP","floor":42},{"not_picked":["Dagger Spray","PiercingWail+1","Acrobatics"],"picked":"SKIP","floor":44},{"not_picked":["Skewer","Quick Slash+1","Heel Hook"],"picked":"SKIP","floor":47},{"not_picked":["Quick Slash","Noxious Fumes+1","Blade Dance"],"picked":"SKIP","floor":48},{"not_picked":["Noxious Fumes","Sucker Punch","Poisoned Stab"],"picked":"SKIP","floor":54}],"player_experience":886654,"relics_obtained":[{"floor":7.0,"key":"Mercury Hourglass"},{"floor":9.0,"key":"Old Coin"},{"floor":23.0,"key":"Mango"},{"floor":25.0,"key":"Bag of Preparation"},{"floor":40,"key":"Mummified Hand"},{"floor":42,"key":"Happy Flower"},{"floor":43,"key":"Blue Candle"},{"floor":47,"key":"Bag of Marbles"},{"floor":54,"key":"Boot"}],"event_choices":[{"cards_removed":["Strike_G"],"damage_healed":0.0,"max_hp_gain":0.0,"max_hp_loss":0.0,"gold_gain":0.0,"event_name":"The Cleric","player_choice":"Card Removal","floor":2.0,"gold_loss":75.0,"damage_taken":0.0},{"damage_healed":0.0,"max_hp_gain":0.0,"max_hp_loss":0.0,"gold_gain":0.0,"event_name":"Scrap Ooze","player_choice":"Success","floor":4.0,"gold_loss":0.0,"damage_taken":11.0,"relics_obtained":["Unceasing Top"]},{"damage_healed":0.0,"max_hp_gain":0.0,"max_hp_loss":0.0,"gold_gain":0.0,"event_name":"Cursed Tome","player_choice":"Ignored","floor":20.0,"gold_loss":0.0,"damage_taken":0.0},{"damage_healed":0.0,"max_hp_gain":0.0,"max_hp_loss":33.0,"gold_gain":0.0,"event_name":"Ghosts","player_choice":"Became a Ghost","floor":22.0,"gold_loss":0.0,"damage_taken":0.0,"cards_obtained":["Ghostly","Ghostly","Ghostly"]},{"damage_healed":0.0,"max_hp_gain":0.0,"max_hp_loss":0.0,"gold_gain":0.0,"event_name":"The Library","player_choice":"Read","floor":27.0,"gold_loss":0.0,"damage_taken":0.0,"cards_obtained":["Reflex"]},{"damage_healed":0,"gold_gain":0,"player_choice":"Got Potions","damage_taken":0,"max_hp_gain":0,"max_hp_loss":0,"event_name":"Lab","floor":38,"gold_loss":0},{"damage_healed":0,"gold_gain":0,"player_choice":"Upgraded","damage_taken":0,"max_hp_gain":0,"max_hp_loss":0,"event_name":"Upgrade Shrine","floor":41,"gold_loss":0,"cards_upgraded":["Tactician"]}],"is_beta":false,"boss_relics":[{"not_picked":["Ectoplasm","Runic Dome"],"picked":"Pandora\u0027s Box"},{"not_picked":["Philosopher\u0027s Stone","Sozu"],"picked":"Empty Cage"}],"items_purged_floors":[13,21,29,45,53],"is_endless":false,"potions_floor_spawned":[7,11,19,23,30,33,39,40,42,47,54],"ascension_level":17}}