{"host":"08z5bj28eube4vug","time":1610583886,"event":{"mods":["2.2 Compatiblity","Abigail Mod","Act Like it!","BaseMod","Beaked The Cultist","Bestiary","Friendly Minions","Gensokyo","GungeonMod","Hallownest","Kiyohime????","Koishi","Lobotomy","Marisa????????","Minty Spire (QoL Compilation)","Prisma Mod","Remilia??????","Replay The Spire","StSLib","Td1madao Mod","The Alterego","The Bug Knight","The Jungle","The Sage","The Senshi","The Servant 0.9.4","Waifu the Spire","WarShipGirlsR/????R mod","Yuri Mod"],"gold_per_floor":[110,210,229,229,242,242,254,269,292,321,337,350,350,365,365,465,465,483,334,347,190,204,204,219,219,290,306,306,306,306,320,320,415,515,525,537,537,387,405,405,433,433,503,530,562,612,632,646,646,646],"floor_reached":51,"language":"ENG","playtime":4218,"items_purged":[],"score":1375,"play_id":"0411f887-f7d2-4c89-8ed9-f1a5531901af","local_time":"20210114032446","is_ascension_mode":true,"campfire_choices":[{"data":"RedMoon","floor":6,"key":"SMITH"},{"data":"Stigmanizer","floor":13,"key":"SMITH"},{"data":"TricksterDevil","floor":15,"key":"SMITH"},{"data":"BlasphemousPunishment","floor":23,"key":"SMITH"},{"data":"ScarletSymphony","floor":25,"key":"SMITH"},{"floor":28,"key":"REST"},{"floor":32,"key":"REST"},{"data":"HeartBreak","floor":40,"key":"SMITH"},{"data":"StarOfDavid","floor":42,"key":"SMITH"},{"data":"UnstableMagic","floor":49,"key":"SMITH"}],"circlet_count":0,"master_deck":["Strike_RM","Strike_RM","Strike_RM","Defend_RM","Defend_RM","Defend_RM","Defend_RM","RedMoon+1","ScarletShoot","BatForm+1","StarOfDavid+1","UnstableMagic+1","VampireFantasy","TricksterDevil+1","Stigmanizer+1","ScarletSymphony+1","UnstableMagic","ForecastOfChange+1","StarOfDavid+1","BlasphemousPunishment+1","MastersStateliness+1","HeartBreak+1","VampireClaw+1","StarOfDavid+1","FitfulNightmare+1","StarOfDavid+1"],"relics":["ScarletHat","Strawberry","Potion Belt","APieceOfRedMist","Guide Book","DemoMod:MonsterBlood","ReplayTheSpireMod:Shallot","Replay:Wanted Poster","DemoMod:MeatBun","Oddly Smooth Stone","Bottled Tornado","Molten Egg 2","Du-Vu Doll","DemoMod:GlassGuonStoneRelic"],"acts_visited":["Exordium","TheCity","TheBeyond"],"potions_floor_usage":[11,24,31,39,39,48,50],"damage_taken":[{"damage":0,"enemies":"Small Slimes","floor":1,"turns":6},{"damage":0,"enemies":"Cultist","floor":3,"turns":5},{"damage":0,"enemies":"2 Louse","floor":5,"turns":3},{"damage":0,"enemies":"Large Slime","floor":7,"turns":11},{"damage":0,"enemies":"Looter","floor":8,"turns":5},{"damage":2,"enemies":"HollowMod:MossKnight","floor":10,"turns":14},{"damage":7,"enemies":"Exordium Thugs","floor":11,"turns":6},{"damage":0,"enemies":"Blue Slaver","floor":12,"turns":4},{"damage":0,"enemies":"Exordium Wildlife","floor":14,"turns":6},{"damage":32,"enemies":"The Guardian","floor":16,"turns":11},{"damage":0,"enemies":"3 Byrds","floor":18,"turns":7},{"damage":17,"enemies":"Centurion and Healer","floor":20,"turns":5},{"damage":10,"enemies":"Snecko","floor":22,"turns":2},{"damage":32,"enemies":"Shelled Parasite and Fungi","floor":24,"turns":6},{"damage":10,"enemies":"3 Cultists","floor":27,"turns":4},{"damage":11,"enemies":"Centurion and Healer","floor":31,"turns":6},{"damage":33,"enemies":"Pondfish","floor":33,"turns":9},{"damage":10,"enemies":"3 Darklings","floor":35,"turns":4},{"damage":10,"enemies":"Orb Walker","floor":36,"turns":3},{"damage":0,"enemies":"Writhing Mass","floor":39,"turns":3},{"damage":0,"enemies":"HollowMod:StalkingDevout","floor":41,"turns":2},{"damage":19,"enemies":"Reptomancer","floor":45,"turns":3},{"damage":10,"enemies":"Mind Bloom Boss Battle","floor":46,"turns":4},{"damage":11,"enemies":"Spire Growth","floor":47,"turns":3},{"damage":11,"enemies":"Maw","floor":48,"turns":6},{"damage":10,"enemies":"Time Eater","floor":50,"turns":5}],"seed_played":"4934420469086893624","potions_obtained":[{"floor":8,"key":"BlessingOfTheForge"},{"floor":10,"key":"SteroidPotion"},{"floor":11,"key":"Fire Potion"},{"floor":20,"key":"ColorlessPotion"},{"floor":24,"key":"Block Potion"},{"floor":27,"key":"AttackPotion"},{"floor":36,"key":"Weak Potion"},{"floor":41,"key":"DemoMod:LeadSkinPotion"},{"floor":47,"key":"DemoMod:LeadSkinPotion"}],"is_trial":false,"path_per_floor":["M","?","M","?","M","R","M","M","T","E","M","M","R","M","R","B",null,"M","$","M","$","M","R","M","R","T","M","R","?","?","M","R","B",null,"M","M","?","$","M","R","E","R","T","T","E","?","M","M","R","B",null],"character_chosen":"REMILIA","items_purchased":["Guide Book","DemoMod:MonsterBlood","DemoMod:MeatBun"],"campfire_rested":2,"item_purchase_floors":[19,21,38],"current_hp_per_floor":[70,70,72,72,72,72,75,75,82,82,75,75,75,76,76,63,77,78,78,72,79,70,70,43,43,43,39,65,65,65,60,86,80,87,85,84,84,89,89,89,89,89,89,89,80,89,81,89,89,93],"gold":646,"neow_bonus":"ONE_RANDOM_RARE_CARD","is_daily":false,"chose_seed":false,"campfire_upgraded":8,"win_rate":0.0,"timestamp":1610583886,"path_taken":["M","?","?","?","M","R","M","?","T","E","M","M","R","M","R","BOSS","M","$","?","$","M","R","M","R","T","M","R","?","?","M","R","BOSS","M","M","?","$","M","R","E","R","T","?","E","?","M","M","R","BOSS"],"items_purchased_type":["Relic","Relic","Relic"],"build_version":"2020-12-22","purchased_purges":0,"victory":true,"max_hp_per_floor":[75,75,75,75,75,75,75,75,82,82,82,82,82,82,82,82,82,82,82,82,89,89,89,89,89,89,89,89,89,89,89,89,89,89,89,89,89,89,89,89,89,89,89,89,89,89,89,89,89,93],"card_choices":[{"not_picked":["ScarletDevil","VampireClaw"],"picked":"StarOfDavid","floor":1},{"not_picked":["Ultimatum","ScarletDevil"],"picked":"UnstableMagic","floor":3},{"not_picked":["ChainGang","FavorOfDestiny","RedNightlessCastle"],"picked":"SKIP","floor":5},{"not_picked":["CharismaGuard","ForbiddenFruit"],"picked":"VampireFantasy","floor":7},{"not_picked":["NightDance","VampireKiss"],"picked":"TricksterDevil","floor":8},{"not_picked":["FavorOfDestiny","VampireSweep"],"picked":"Stigmanizer","floor":10},{"not_picked":["Ultimatum","VampireSweep"],"picked":"ScarletSymphony","floor":11},{"not_picked":["MillenniumVampire","ReincarnationDial"],"picked":"UnstableMagic","floor":12},{"not_picked":["ScarletDevilSign","FavorOfDestiny","Ultimatum"],"picked":"SKIP","floor":14},{"not_picked":["CeilingFear","ScarletMeister"],"picked":"ForecastOfChange","floor":16},{"not_picked":["BloodyMagicSquare","EmergencyRegeneration+1"],"picked":"StarOfDavid+1","floor":18},{"not_picked":["StarOfDavid","BombardNight"],"picked":"BlasphemousPunishment","floor":20},{"not_picked":["RedMagic+1","BloodHunter","ScarletDream"],"picked":"SKIP","floor":22},{"not_picked":["VampireKiss","RedMagic","RedNightlessCastle+1"],"picked":"SKIP","floor":24},{"not_picked":["MastersStateliness","VampireFantasy","EmergencyRegeneration"],"picked":"SKIP","floor":27},{"not_picked":["UnstableMagic","Stigmanizer"],"picked":"MastersStateliness+1","floor":31},{"not_picked":["CurseOfVladTepes","HellCatastrophe"],"picked":"HeartBreak","floor":33},{"not_picked":["BloodHunter+1","FavorOfDestiny+1"],"picked":"VampireClaw+1","floor":35},{"not_picked":["BlasphemousPunishment+1","EndlessAdversity+1"],"picked":"StarOfDavid+1","floor":36},{"not_picked":["ScarletImprint","BloodHunter"],"picked":"FitfulNightmare+1","floor":39},{"not_picked":["ChainGang","CharismaGuard","ScarletDevil+1"],"picked":"SKIP","floor":41},{"not_picked":["ScarletMeister","CurseOfVladTepes","UnderTheZenith"],"picked":"SKIP","floor":45},{"not_picked":["Stigmanizer+1","NightLord+1"],"picked":"StarOfDavid+1","floor":46},{"not_picked":["UnderTheZenith","UltimateOffering+1","BombardNight+1"],"picked":"SKIP","floor":47},{"not_picked":["BloodyCatastrophe","VampirishNight","BombardNight+1"],"picked":"SKIP","floor":48}],"player_experience":785710,"relics_obtained":[{"floor":9,"key":"Strawberry"},{"floor":10,"key":"Potion Belt"},{"floor":26,"key":"ReplayTheSpireMod:Shallot"},{"floor":41,"key":"Oddly Smooth Stone"},{"floor":43,"key":"Bottled Tornado"},{"floor":45,"key":"Molten Egg 2"},{"floor":46,"key":"Du-Vu Doll"}],"event_choices":[{"damage_healed":0,"gold_gain":100,"player_choice":"Pray","damage_taken":0,"max_hp_gain":0,"max_hp_loss":0,"event_name":"Golden Shrine","floor":2,"gold_loss":0},{"cards_removed":["Strike_RM"],"damage_healed":0,"gold_gain":0,"player_choice":"Purged","damage_taken":0,"max_hp_gain":0,"max_hp_loss":0,"event_name":"Purifier","floor":4,"gold_loss":0},{"damage_healed":0,"gold_gain":0,"player_choice":"Ignored","damage_taken":0,"max_hp_gain":0,"max_hp_loss":0,"event_name":"Ghosts","floor":29,"gold_loss":0},{"damage_healed":0,"gold_gain":0,"player_choice":"Ignored","damage_taken":0,"max_hp_gain":0,"max_hp_loss":0,"event_name":"Tomb of Lord Red Mask","floor":37,"gold_loss":0},{"damage_healed":0,"gold_gain":0,"player_choice":"Fight","damage_taken":0,"max_hp_gain":0,"max_hp_loss":0,"event_name":"MindBloom","floor":46,"gold_loss":0}],"is_beta":false,"boss_relics":[{"not_picked":["Busted Crown","Snecko Eye"],"picked":"APieceOfRedMist"},{"not_picked":["Coffee Dripper","beaked:MawFillet"],"picked":"Replay:Wanted Poster"}],"items_purged_floors":[],"is_endless":false,"potions_floor_spawned":[8,10,11,20,24,27,36,41,47],"ascension_level":7}}