{"host":"a3oe3gstxz77c7qu","time":1610643331,"event":{"mods":["2.2 Compatiblity","Act Like it!","Astrologer","BaseMod","Bestiary","Better Altar","Better Match","Better Note","Better Skull","Better Third Choice","Block Reminder","Curses Come First","Custom Start","Dark Map","Downfall","Friendly Minions","GifTheSpireLib","Hermit","Jorbs\u0027s Wanderer Trilogy","Lobotomy","LobotomyExtend","Marisa????????","Minty Spire (QoL Compilation)","Permanent Neow","Quick Restart","Relic Stats","Replay The Spire","StSLib","The Bug Knight","The Cursed","The Disciple","Uncapped","Unknown Chances","Wandering Minibosses"],"gold_per_floor":[11,41,78,135,60,199,199,400,400,400,400,400,464,464,464,1057,1057,1109,1157,846,945,317,317,317,472,472,772,941,941,941,1023,1023,1218,1314,2015,2015,2086,2294,1730,1340,1441,1441,1806,1806,1851,2857,2857,3466,3478,3586,3598,3610,3622],"floor_reached":54,"language":"ENG","playtime":2947,"items_purged":["Strike_MRS","Strike_MRS","Strike_MRS","Defend_MRS","Defend_MRS"],"score":1288,"play_id":"dd6e7f82-be9c-417c-9c0f-5e40b5ec327c","local_time":"20210114165531","is_ascension_mode":true,"campfire_choices":[{"data":"Robbery","floor":7.0,"key":"SMITH"},{"data":"UltimateShortwave","floor":12,"key":"SMITH"},{"data":"Disarm","floor":15,"key":"SMITH"},{"data":"MilkyWay","floor":23,"key":"SMITH"},{"data":"EnergyFlow","floor":32,"key":"SMITH"},{"data":"OortCloud","floor":42,"key":"SMITH"},{"data":"Blind","floor":44,"key":"SMITH"},{"data":"GalacticHalo","floor":49,"key":"SMITH"},{"data":"AsteroidBelt","floor":51,"key":"SMITH"}],"circlet_count":0,"master_deck":["Defend_MRS+1","Defend_MRS","MasterSpark","Robbery+1","AsteroidBelt+1","DarkMatter+1","EnergyRecoil+1","DarkMatter+1","Parasite","Parasite","UltimateShortwave+1","Disarm+1","Parasite","MilkyWay+1","GalacticHalo","PowerUp+1","EnergyFlow+1","MagicChant","Acceleration+1","OortCloud+1","Blind+1","GalacticHalo+1","SprinkleStarSeal+1","EnergyFlow+1","OortCloud+1"],"relics":["MiniHakkero","Lizard Tail","LetterFromLob","Centennial Puzzle","ShroomBag","Blue Doll","Orichalcum","Ginger","Replay:Grab Bag","Painkiller Herb","ReplayTheSpireMod:Onyx Gauntlets","Runic Pyramid","Bag of Marbles","Ancient Tea Set","War Paint","Guide Book","Bloody Idol","Thread and Needle","HonorFeather","ShedSkin_r","Empty Cage","Membership Card","Counterbalance","ReplayTheSpireMod:Lightbulb","Boot","Replay:Accelerometer","Lee\u0027s Waffle","ReplayFunnel","Guardian:PocketSentry","Prayer Wheel","MawBank"],"acts_visited":["Exordium","TheCity","TheBeyond"],"potions_floor_usage":[33,50],"damage_taken":[{"damage":0.0,"enemies":"Cultist","floor":1.0,"turns":4.0},{"damage":7.0,"enemies":"Jaw Worm","floor":2.0,"turns":3.0},{"damage":3.0,"enemies":"Small Slimes","floor":3.0,"turns":3.0},{"damage":17.0,"enemies":"Red Slaver","floor":4.0,"turns":8.0},{"damage":7.0,"enemies":"Replay:BlueRogue","floor":6.0,"turns":10.0},{"damage":4.0,"enemies":"HollowMod:MossKnight","floor":8.0,"turns":13.0},{"damage":7,"enemies":"2 Fungi Beasts","floor":13,"turns":5},{"damage":3,"enemies":"Hexaghost","floor":16,"turns":13},{"damage":5,"enemies":"Spheric Guardian","floor":18,"turns":5},{"damage":13,"enemies":"2 Thieves","floor":19,"turns":5},{"damage":0,"enemies":"Shelled Parasite and Fungi","floor":25,"turns":6},{"damage":0,"enemies":"Book of Stabbing","floor":27,"turns":6},{"damage":0,"enemies":"Snake Plant","floor":28,"turns":5},{"damage":1,"enemies":"Sentry and Sphere","floor":31,"turns":4},{"damage":0,"enemies":"Chosen and Byrds","floor":33,"turns":6},{"damage":0,"enemies":"Automaton","floor":35,"turns":5},{"damage":0,"enemies":"3 Shapes","floor":37,"turns":11},{"damage":0,"enemies":"Orb Walker","floor":38,"turns":3},{"damage":0,"enemies":"Jaw Worm Horde","floor":41,"turns":6},{"damage":0,"enemies":"HollowMod:StalkingDevout","floor":43,"turns":4},{"damage":0,"enemies":"Giant Head","floor":46,"turns":4},{"damage":0,"enemies":"R_Hoarder","floor":48,"turns":5},{"damage":0,"enemies":"3 Darklings","floor":50,"turns":8},{"damage":0,"enemies":"Time Eater","floor":52,"turns":4}],"seed_played":"3296600708704490478","potions_obtained":[{"floor":4.0,"key":"Adrenaline Potion"},{"floor":8.0,"key":"SteroidPotion"},{"floor":16,"key":"sneckomod:MuddlingPotion"},{"floor":18,"key":"BottledSpark"},{"floor":25,"key":"SpeedPotion"},{"floor":37,"key":"Toxic Potion"}],"is_trial":false,"path_per_floor":["M","M","M","M","$","E","R","E","T","?","?","R","M","?","R","B",null,"?","?","T","?","T","T","?","?","T","E","?","PTL","PTL","?","T","?","T","B",null,"?","?","T","T","?","T","E","T","T","E","?","E","T","?","T","B",null,null],"character_chosen":"MARISA","items_purchased":["Bag of Marbles","MilkyWay","Ancient Tea Set","War Paint","Guide Book","GalacticHalo","Membership Card","Counterbalance","ReplayTheSpireMod:Lightbulb","OortCloud","Blind","Boot","Replay:Accelerometer","Lee\u0027s Waffle","GalacticHalo"],"campfire_rested":0,"item_purchase_floors":[20,20,22,22,22,22,39,39,39,39,39,40,40,40,40],"current_hp_per_floor":[75,68,65,48,48,41,41,37,37,14,32,32,31,31,31,34,65,66,59,59,59,59,59,21,37,37,62,75,75,75,75,75,75,50,66,73,75,75,75,82,82,82,82,82,82,82,82,82,82,82,82,82,82],"gold":3634,"neow_bonus":"ONE_RARE_RELIC","is_daily":false,"chose_seed":false,"campfire_upgraded":9,"win_rate":0.0,"timestamp":1610643331,"path_taken":["M","M","M","M","$","E","R","E","T","?","?","R","M","?","R","BOSS","?","?","T","?","T","T","?","?","T","E","?","PTL","PTL","?","T","?","T","BOSS","?","?","?","T","?","T","E","T","T","E","?","E","T","?","T","BOSS"],"items_purchased_type":["Relic","Card","Relic","Relic","Relic","Card","Relic","Relic","Relic","Card","Card","Relic","Relic","Relic","Card"],"build_version":"2020-12-22","purchased_purges":5,"victory":true,"max_hp_per_floor":[75,75,75,75,75,75,75,75,75,75,75,75,75,75,75,75,75,75,75,75,75,75,75,75,75,75,75,75,75,75,75,75,75,75,75,75,75,75,75,82,82,82,82,82,82,82,82,82,82,82,82,82,82],"relic_stats":{"Lizard Tail":0,"Centennial Puzzle":[18],"Lee\u0027s Waffle":7,"counters":[24,146],"Bloody Idol":37,"Prayer Wheel":1,"Ginger":[4],"Orichalcum":[42],"War Paint":["Defend_MRS","DarkMatter"],"Boot":[0],"MawBank":72,"obtain_stats":[{"ReplayFunnel":43,"Replay:Accelerometer":40,"HonorFeather":27,"Blue Doll":9,"Painkiller Herb":17,"Ginger":10,"Ancient Tea Set":22,"Empty Cage":36,"Boot":40,"Lizard Tail":0,"Centennial Puzzle":6,"Prayer Wheel":46,"Runic Pyramid":17,"Lee\u0027s Waffle":40,"Replay:Grab Bag":17,"Guide Book":22,"Counterbalance":39,"Thread and Needle":26,"Guardian:PocketSentry":45,"Orichalcum":10,"War Paint":22,"MawBank":48,"ShroomBag":8,"Bloody Idol":24,"LetterFromLob":1,"Bag of Marbles":20,"MiniHakkero":0,"Membership Card":39,"ReplayTheSpireMod:Onyx Gauntlets":17,"ReplayTheSpireMod:Lightbulb":39,"ShedSkin_r":27},{"ReplayFunnel":20,"Replay:Accelerometer":18,"HonorFeather":12,"Blue Doll":6,"Painkiller Herb":8,"Ginger":6,"Ancient Tea Set":10,"Empty Cage":16,"Boot":18,"Lizard Tail":0,"Centennial Puzzle":5,"Prayer Wheel":21,"Runic Pyramid":8,"Lee\u0027s Waffle":18,"Replay:Grab Bag":8,"Guide Book":10,"Counterbalance":18,"Thread and Needle":11,"Guardian:PocketSentry":20,"Orichalcum":6,"War Paint":10,"MawBank":22,"ShroomBag":6,"Bloody Idol":10,"LetterFromLob":1,"Bag of Marbles":10,"MiniHakkero":0,"Membership Card":18,"ReplayTheSpireMod:Onyx Gauntlets":8,"ReplayTheSpireMod:Lightbulb":18,"ShedSkin_r":12},{"ReplayFunnel":125,"Replay:Accelerometer":115,"HonorFeather":81,"Blue Doll":41,"Painkiller Herb":59,"Ginger":41,"Ancient Tea Set":69,"Empty Cage":101,"Boot":115,"Lizard Tail":0,"Centennial Puzzle":28,"Prayer Wheel":129,"Runic Pyramid":59,"Lee\u0027s Waffle":115,"Replay:Grab Bag":59,"Guide Book":69,"Counterbalance":115,"Thread and Needle":75,"Guardian:PocketSentry":125,"Orichalcum":41,"War Paint":69,"MawBank":134,"ShroomBag":41,"Bloody Idol":69,"LetterFromLob":4,"Bag of Marbles":69,"MiniHakkero":0,"Membership Card":115,"ReplayTheSpireMod:Onyx Gauntlets":59,"ReplayTheSpireMod:Lightbulb":115,"ShedSkin_r":81}]},"card_choices":[{"not_picked":["ShootingEcho","MysteriousBeam"],"picked":"Robbery","floor":1.0},{"not_picked":["Acceleration","GrandCross"],"picked":"AsteroidBelt","floor":2.0},{"not_picked":["DC","ManaConvection"],"picked":"DarkMatter","floor":3.0},{"not_picked":["BlazeAway","SporeBomb"],"picked":"EnergyRecoil","floor":4.0},{"not_picked":["EarthLightRay","UnstableBomb"],"picked":"DarkMatter","floor":6.0},{"not_picked":["AsteroidBelt","EnergyFlow"],"picked":"UltimateShortwave","floor":8.0},{"not_picked":["ShootTheMoon","MachineGunSpark","NonDirectionalLaser"],"picked":"SKIP","floor":13},{"not_picked":["ShootTheMoon","MachineGunSpark","DC"],"picked":"SKIP","floor":18},{"not_picked":["6A","SporeBomb","DoubleSpark"],"picked":"SKIP","floor":19},{"not_picked":["DC+1","UnstableBomb"],"picked":"PowerUp+1","floor":25},{"not_picked":["MagicAbsorber","OortCloud"],"picked":"EnergyFlow","floor":28},{"not_picked":["Acceleration","ChargeUpSpray","ShootingEcho+1"],"picked":"SKIP","floor":31},{"not_picked":["IllusionStar","MachineGunSpark","6A"],"picked":"SKIP","floor":33},{"not_picked":["DC","NonDirectionalLaser"],"picked":"MagicChant","floor":34},{"not_picked":["WitchLeyline+1","OpenUniverse","6A"],"picked":"SKIP","floor":37},{"not_picked":["OneTimeOff","AsteroidBelt+1"],"picked":"Acceleration+1","floor":38},{"not_picked":["DeepEcoloBomb","DC+1","MagicAbsorber+1"],"picked":"SKIP","floor":41},{"not_picked":["Singularity","MysteriousBeam+1","IllusionStar"],"picked":"SKIP","floor":43},{"not_picked":["SporeBomb+1","PulseMagic","IllusionStar+1"],"picked":"SKIP","floor":46},{"not_picked":["DoubleSpark+1","GravityBeat"],"picked":"SprinkleStarSeal+1","floor":48},{"not_picked":["DoubleSpark","DarkSpark+1"],"picked":"EnergyFlow+1","floor":50},{"not_picked":["MaximisePower","DC+1"],"picked":"OortCloud+1","floor":50}],"player_experience":1013954,"relics_obtained":[{"floor":1.0,"key":"LetterFromLob"},{"floor":6.0,"key":"Centennial Puzzle"},{"floor":8.0,"key":"ShroomBag"},{"floor":9.0,"key":"Blue Doll"},{"floor":26,"key":"Thread and Needle"},{"floor":43,"key":"ReplayFunnel"},{"floor":45,"key":"Guardian:PocketSentry"},{"floor":46,"key":"Prayer Wheel"},{"floor":48,"key":"MawBank"}],"event_choices":[{"damage_healed":0.0,"max_hp_gain":0.0,"max_hp_loss":0.0,"gold_gain":1.0,"event_name":"betterThird:BetterScrap","player_choice":"Card Relic Relic ","floor":10.0,"gold_loss":0.0,"damage_taken":23.0,"cards_obtained":["Disarm","Rainbow"]},{"damage_healed":18,"gold_gain":0,"player_choice":"Healed and dodged fight","damage_taken":0,"max_hp_gain":0,"max_hp_loss":0,"event_name":"Mushrooms_MRS","floor":11,"gold_loss":0,"cards_obtained":["Parasite"]},{"damage_healed":0,"gold_gain":0,"player_choice":"Bought 0 Potions","damage_taken":0,"max_hp_gain":0,"max_hp_loss":0,"event_name":"The Woman in Blue","floor":14,"gold_loss":0},{"damage_healed":0,"gold_gain":99,"player_choice":"Steal","damage_taken":0,"max_hp_gain":0,"max_hp_loss":0,"event_name":"betterThird:BetterNest","floor":21,"gold_loss":0},{"damage_healed":0,"gold_gain":0,"player_choice":" Idol ","damage_taken":38,"relics_obtained":["Bloody Idol"],"max_hp_gain":59,"max_hp_loss":21,"event_name":"betterAltar:BetterAltar","floor":24,"potions_obtained":[],"relics_lost":[],"gold_loss":0}],"is_beta":false,"boss_relics":[{"not_picked":["Replay:Bronze Core","Ring of Chaos"],"picked":"Replay:Grab Bag"},{"not_picked":["Sozu","ChewingGum"],"picked":"Painkiller Herb"},{"not_picked":["Fusion Hammer","Coffee Dripper"],"picked":"ReplayTheSpireMod:Onyx Gauntlets"},{"not_picked":["Snecko Heart","Pandora\u0027s Box"],"picked":"Runic Pyramid"},{"not_picked":["Tiny House","Replay:Drink Me"],"picked":"Empty Cage"}],"items_purged_floors":[5,20,22,39,40],"is_endless":false,"potions_floor_spawned":[4,8,16,18,25,28,37,43],"ascension_level":5}}