{"host":"cjhtzh7tp54jdfyv","time":1610599384,"event":{"mods":["AchievementEnabler","BaseMod","Colored Map","Colored Powertips","Curses Come First","DeckTracker","Filter the Spire","Minty Spire (QoL Compilation)","RNG Fix","Relic Sorter","Relic Stats","StSLib","UnlockEverythingMod","ojb\u0027s Better Paths Mod","ojb\u0027s Info Mod"],"gold_per_floor":[112,37,47,65,65,65,95,113,113,141,66,99,116,148,148,227,227,244,144,161,161,36,65,65,93,93,113,113,144,6,21,21,95,95,111,122,136,33,33,61,76,92,92,92,92],"floor_reached":44,"language":"ENG","playtime":2529,"items_purged":["Defend_P","Strike_P","Strike_P","Strike_P"],"score":1356,"play_id":"706dd13c-5e38-4ee3-ae99-4280ca0c996f","local_time":"20210113234304","is_ascension_mode":true,"campfire_choices":[{"data":"Eruption","floor":6.0,"key":"SMITH"},{"data":"Adaptation","floor":15.0,"key":"SMITH"},{"data":"EmptyMind","floor":28.0,"key":"SMITH"},{"data":"CrushJoints","floor":32,"key":"SMITH"}],"circlet_count":0,"master_deck":["AscendersBane","Strike_P+1","Eruption+1","Vigilance+1","CrushJoints+1","CutThroughFate","Tantrum","Adaptation+1","DeceiveReality","EmptyMind+1","FearNoEvil","Ragnarok","DeusExMachina","ForeignInfluence+1","Purity","Sanctity","Decay"],"relics":["Cursed Key","Du-Vu Doll","CaptainsWheel","Letter Opener","Art of War","Empty Cage","Ancient Tea Set","StrikeDummy","MawBank","Sozu","Potion Belt"],"acts_visited":["Exordium","TheCity","TheBeyond"],"potions_floor_usage":[29,31],"damage_taken":[{"damage":6.0,"enemies":"Jaw Worm","floor":1.0,"turns":6.0},{"damage":0.0,"enemies":"2 Louse","floor":3.0,"turns":3.0},{"damage":0.0,"enemies":"Cultist","floor":4.0,"turns":2.0},{"damage":0.0,"enemies":"Gremlin Nob","floor":7.0,"turns":2.0},{"damage":11.0,"enemies":"Lots of Slimes","floor":8.0,"turns":3.0},{"damage":0.0,"enemies":"3 Sentries","floor":10.0,"turns":2.0},{"damage":0.0,"enemies":"Lagavulin","floor":12.0,"turns":3.0},{"damage":0.0,"enemies":"Blue Slaver","floor":13.0,"turns":2.0},{"damage":0.0,"enemies":"3 Sentries","floor":14.0,"turns":3.0},{"damage":2.0,"enemies":"Hexaghost","floor":16.0,"turns":5.0},{"damage":2.0,"enemies":"3 Byrds","floor":18.0,"turns":3.0},{"damage":0.0,"enemies":"Spheric Guardian","floor":20.0,"turns":2.0},{"damage":0.0,"enemies":"Slavers","floor":23.0,"turns":2.0},{"damage":0.0,"enemies":"Gremlin Leader","floor":25.0,"turns":2.0},{"damage":0.0,"enemies":"Snake Plant","floor":27.0,"turns":2.0},{"damage":15,"enemies":"Slavers","floor":29,"turns":2},{"damage":0,"enemies":"Chosen and Byrds","floor":31,"turns":2},{"damage":10,"enemies":"Champ","floor":33,"turns":6},{"damage":0,"enemies":"3 Darklings","floor":35,"turns":2},{"damage":11,"enemies":"Orb Walker","floor":36,"turns":3},{"damage":0,"enemies":"Spire Growth","floor":37,"turns":2},{"damage":23,"enemies":"Nemesis","floor":40,"turns":6},{"damage":20,"enemies":"Writhing Mass","floor":41,"turns":4},{"damage":4,"enemies":"3 Darklings","floor":42,"turns":2},{"damage":17,"enemies":"Jaw Worm Horde","floor":44,"turns":1}],"seed_played":"-1529145160455107648","potions_obtained":[{"floor":1.0,"key":"DistilledChaos"},{"floor":3.0,"key":"BlessingOfTheForge"},{"floor":10.0,"key":"Weak Potion"},{"floor":12.0,"key":"Strength Potion"},{"floor":23.0,"key":"BlessingOfTheForge"},{"floor":25.0,"key":"AttackPotion"},{"floor":29,"key":"Fruit Juice"},{"floor":31,"key":"Explosive Potion"}],"is_trial":false,"path_per_floor":["M","?","M","M","?","R","E","M","T","E","$","E","M","E","R","B",null,"M","$","M","?","$","E","?","E","T","M","R","E","$","M","R","B",null,"M","M","M","$","?","E","M","M","T","M"],"character_chosen":"WATCHER","items_purchased":["Purity"],"campfire_rested":0,"item_purchase_floors":[38],"current_hp_per_floor":[55,55,55,55,35,35,35,24,24,24,24,24,24,24,24,22,57,55,55,55,68,68,68,68,68,68,68,68,53,53,58,58,48,67,67,56,56,56,56,33,13,9,9,0,0],"gold":92,"neow_bonus":"BOSS_RELIC","is_daily":false,"chose_seed":false,"campfire_upgraded":4,"win_rate":0.0,"timestamp":1610599384,"path_taken":["M","?","M","M","?","R","E","?","T","E","$","E","M","E","R","BOSS","M","$","M","?","$","E","?","E","T","M","R","E","$","M","R","BOSS","M","?","M","?","?","E","M","M","T","M"],"items_purchased_type":["Card"],"build_version":"2020-12-22","purchased_purges":4,"victory":false,"max_hp_per_floor":[68,68,68,68,68,68,68,68,68,68,68,68,68,68,68,68,68,68,68,68,68,68,68,68,68,68,68,68,68,68,73,73,73,73,73,73,73,73,73,73,73,73,73,73,73],"relic_stats":{"Sozu":4,"counters":[25,72],"Art of War":[0],"Letter Opener":[102],"Cursed Key":1,"MawBank":12,"obtain_stats":[{"Du-Vu Doll":7,"Sozu":34,"Potion Belt":40,"CaptainsWheel":10,"Art of War":14,"Letter Opener":12,"PureWater":0,"Cursed Key":0,"Empty Cage":17,"Ancient Tea Set":23,"StrikeDummy":25,"MawBank":29},{"Du-Vu Doll":4,"Sozu":18,"Potion Belt":22,"CaptainsWheel":6,"Art of War":9,"Letter Opener":7,"PureWater":0,"Cursed Key":0,"Empty Cage":10,"Ancient Tea Set":13,"StrikeDummy":14,"MawBank":16},{"Du-Vu Doll":13,"Sozu":52,"Potion Belt":65,"CaptainsWheel":18,"Art of War":26,"Letter Opener":21,"PureWater":0,"Cursed Key":0,"Empty Cage":31,"Ancient Tea Set":38,"StrikeDummy":40,"MawBank":44}]},"card_choices":[{"not_picked":["CutThroughFate","Prostrate"],"picked":"CrushJoints","floor":1.0},{"not_picked":["Perseverance","Swivel","ThirdEye"],"picked":"SKIP","floor":3.0},{"not_picked":["Evaluate","EmptyBody"],"picked":"CutThroughFate","floor":4.0},{"not_picked":["Swivel","CutThroughFate"],"picked":"Tantrum","floor":7.0},{"not_picked":["SignatureMove","Protect"],"picked":"Adaptation","floor":8.0},{"not_picked":["FollowUp","BowlingBash"],"picked":"DeceiveReality","floor":10.0},{"not_picked":["Crescendo","Weave"],"picked":"EmptyMind","floor":12.0},{"not_picked":["Collect","Perseverance"],"picked":"FearNoEvil","floor":13.0},{"not_picked":["ConjureBlade","CrushJoints","FlyingSleeves"],"picked":"SKIP","floor":14.0},{"not_picked":["ConjureBlade","Wish"],"picked":"Ragnarok","floor":16.0},{"not_picked":["SashWhip","ClearTheMind","Protect"],"picked":"SKIP","floor":18.0},{"not_picked":["CrushJoints","FlyingSleeves","SashWhip+1"],"picked":"SKIP","floor":20.0},{"not_picked":["SashWhip","Protect","CrushJoints"],"picked":"SKIP","floor":23.0},{"not_picked":["Ragnarok","Consecrate","ReachHeaven+1"],"picked":"SKIP","floor":25.0},{"not_picked":["Vengeance","SashWhip","Halt"],"picked":"SKIP","floor":27.0},{"not_picked":["LikeWater","WheelKick","ThirdEye"],"picked":"SKIP","floor":29},{"not_picked":["LikeWater","WheelKick","ThirdEye"],"picked":"SKIP","floor":29},{"not_picked":["LikeWater","WheelKick","ThirdEye"],"picked":"SKIP","floor":29},{"not_picked":["FollowUp","PathToVictory","ThirdEye+1"],"picked":"SKIP","floor":31},{"not_picked":["LessonLearned","Wish"],"picked":"DeusExMachina","floor":33},{"not_picked":["ThirdEye","BowlingBash"],"picked":"ForeignInfluence+1","floor":35},{"not_picked":["CarveReality","EmptyBody","JustLucky"],"picked":"SKIP","floor":36},{"not_picked":["SignatureMove","Sanctity+1","Meditate"],"picked":"SKIP","floor":37},{"not_picked":["EmptyFist+1","PathToVictory","DeceiveReality+1"],"picked":"SKIP","floor":40},{"not_picked":["SignatureMove","PathToVictory+1","Halt"],"picked":"SKIP","floor":41},{"not_picked":["BowlingBash","Alpha","SashWhip"],"picked":"SKIP","floor":42}],"player_experience":4511427,"relics_obtained":[{"floor":7.0,"key":"Du-Vu Doll"},{"floor":10.0,"key":"CaptainsWheel"},{"floor":12.0,"key":"Letter Opener"},{"floor":14.0,"key":"Art of War"},{"floor":23.0,"key":"Ancient Tea Set"},{"floor":25.0,"key":"StrikeDummy"},{"floor":29,"key":"MawBank"},{"floor":40,"key":"Potion Belt"}],"event_choices":[{"cards_removed":["Defend_P"],"damage_healed":0.0,"max_hp_gain":0.0,"max_hp_loss":0.0,"gold_gain":0.0,"event_name":"The Cleric","player_choice":"Card Removal","floor":2.0,"gold_loss":75.0,"damage_taken":0.0},{"damage_healed":0.0,"max_hp_gain":0.0,"max_hp_loss":0.0,"gold_gain":0.0,"event_name":"Shining Light","player_choice":"Entered Light","floor":5.0,"gold_loss":0.0,"damage_taken":20.0,"cards_upgraded":["Strike_P","Vigilance"]},{"damage_healed":14.0,"max_hp_gain":0.0,"max_hp_loss":0.0,"gold_gain":0.0,"event_name":"The Library","player_choice":"Heal","floor":21.0,"gold_loss":0.0,"damage_taken":0.0},{"damage_healed":0.0,"max_hp_gain":0.0,"max_hp_loss":0.0,"gold_gain":0.0,"event_name":"Vampires","player_choice":"Ignored","floor":24.0,"gold_loss":0.0,"damage_taken":0.0},{"damage_healed":0,"gold_gain":0,"player_choice":"1 cards matched","damage_taken":0,"max_hp_gain":0,"max_hp_loss":0,"event_name":"Match and Keep!","floor":39,"gold_loss":0,"cards_obtained":["Sanctity"]}],"is_beta":false,"boss_relics":[{"not_picked":["Astrolabe","Coffee Dripper"],"picked":"Empty Cage"},{"not_picked":["Tiny House","Black Star"],"picked":"Sozu"}],"items_purged_floors":[11,19,22,30],"is_endless":false,"potions_floor_spawned":[1,3,10,12,23,25,29,31,35,37,41,42],"killed_by":"Jaw Worm Horde","ascension_level":20}}