{"host":"wonp23fsqqcu31ie","time":1610662596,"event":{"mods":["2.2 Compatiblity","AchievementEnabler","Aspiration","BaseMod","Bestiary","Better Altar","Better Match","Better Sensory Stone","Better Skull","Better Third Choice","BetterRewards","Block Reminder","Colored Map","Colored Powertips","Conspire","Curses Come First","DeckTracker","Displayed Cursed Tome","Downfall","Energized Spire","Evolution","Hermit","Highlight Path","Hubris","Infinite Spire","Marisa????????","Minty Spire (QoL Compilation)","Permanent Neow","Prisma Mod","Quick Restart","Rare Cards Sparkle","Relic Stats","Replay The Spire","Robot Space Explorer","Shade Mod","Shop Mod","StSLib","SuperFastMode","The Animator","The Bug Knight","The Construct","The Cursed","The Disciple","The Dragon Tamer","The Gatherer","The Hierophant","The Marked","The Necromancer","The Poker Player","The Runesmith","The Saiyan","The Servant 0.9.4","TheBandit"],"gold_per_floor":[110,110,124,47,47,47,73,85,122,151,198,210,248,278,290,302,302],"floor_reached":16,"language":"ENG","playtime":633,"items_purged":[],"score":143,"play_id":"05e13153-1d58-4963-ab49-01069d881350","local_time":"20210115091636","is_ascension_mode":false,"campfire_choices":[{"data":"HollowMod:QuirrelsAssistance","floor":6,"key":"SMITH"},{"data":"HollowMod:NewLittleFool","floor":8,"key":"SMITH"},{"floor":15,"key":"REST"}],"circlet_count":0,"master_deck":["HollowMod:SoulStrike","HollowMod:NailStrikeStart","HollowMod:NailStrikeStart","HollowMod:NailStrikeStart","HollowMod:QuickDashStart","HollowMod:QuickDashStart","HollowMod:QuickDashStart","HollowMod:QuickDashStart","HollowMod:FocusHealStart","HollowMod:PogoStrike","HollowMod:ShapeofUnn+1","HollowMod:MidwifesHunger+1","HollowMod:QuirrelsAssistance+1","HollowMod:NewLittleFool+1","HollowMod:theNailsmith","HollowMod:HuntersJournal","HollowMod:SharpenedNail"],"relics":["HollowMod:VesselMask","EVO:Axolotl","aspiration:Nostalgia","animator:TheMissingPiece","MawBank","hubris:TinFlute","Mercury Hourglass"],"acts_visited":["Exordium"],"potions_floor_usage":[13,13,13,16],"damage_taken":[{"damage":2,"enemies":"2 Louse","floor":1,"turns":3},{"damage":1,"enemies":"Cultist","floor":3,"turns":3},{"damage":30,"enemies":"Replay:BlueRogue","floor":7,"turns":10},{"damage":0,"enemies":"Small Slimes","floor":10,"turns":3},{"damage":55,"enemies":"Lagavulin","floor":11,"turns":7},{"damage":0,"enemies":"Gremlin Nob","floor":13,"turns":4},{"damage":0,"enemies":"3 Louse","floor":14,"turns":3},{"damage":59,"enemies":"The Guardian","floor":16,"turns":13}],"seed_played":"-967853964877478840","potions_obtained":[{"floor":11,"key":"Guardian:BlockOnCardUsePotion"},{"floor":12,"key":"SteroidPotion"},{"floor":12,"key":"Swift Potion"},{"floor":12,"key":"Flashbang"},{"floor":13,"key":"Adrenaline Potion"}],"is_trial":false,"path_per_floor":["M","?","M","$","?","R","E","R","T","M","E","?","E","M","R","B"],"character_chosen":"THE_BUGKNIGHT","items_purchased":["HollowMod:QuirrelsAssistance"],"campfire_rested":1,"item_purchase_floors":[4],"current_hp_per_floor":[75,75,74,74,74,74,52,52,52,58,13,13,23,23,45,0,0],"gold":302,"neow_bonus":"NOSTALGIA","is_daily":false,"chose_seed":false,"campfire_upgraded":2,"win_rate":0.0,"timestamp":1610662596,"path_taken":["M","?","?","$","?","R","E","R","T","M","E","?","E","M","R","BOSS"],"items_purchased_type":["Card"],"build_version":"2020-12-22","purchased_purges":0,"victory":false,"max_hp_per_floor":[75,75,75,75,75,75,75,75,75,75,75,75,75,75,75,75,75],"relic_stats":{"counters":[55,250],"MawBank":108,"obtain_stats":[{"Replay:Accelerometer":2,"Regal Pillow":14,"animator:TheMissingPiece":0,"HollowMod:VesselMask":0,"Blue Doll":7,"EVO:Axolotl":0,"HollowMod:MillibellesNoteRelic":0,"Pet Ghost":0,"ClockworkSouvenir":0,"hubris:Icosahedron":4,"aspiration:ArtOfWarUpgrade":23,"hubris:TinFlute":11,"Replay:Bottled Steam":8,"Potion Belt":0,"MerchantsRug":0,"HollowMod:LifeEnderRelic":9,"construct:WeddingRing":17,"aspiration:Nostalgia":0,"HollowMod:GreatKnightMask":20,"Orichalcum":24,"MawBank":7,"Akabeko":6,"Mercury Hourglass":13,"Ornamental Fan":0,"hubris:Spice":2,"SaiyanSoul":0,"Art of War":10,"hubris:TenFootPole":10,"ReplayTheSpireMod:TigerMarble":12,"Runesmith:AutoHammer":9,"conspire:DeflatedDodgeball":24,"hubris:OldNail":9,"Toy Ornithopter":6},{"Replay:Accelerometer":1,"Regal Pillow":8,"animator:TheMissingPiece":47,"HollowMod:VesselMask":0,"Blue Doll":13,"EVO:Axolotl":0,"HollowMod:MillibellesNoteRelic":0,"Pet Ghost":0,"ClockworkSouvenir":0,"hubris:Icosahedron":1,"aspiration:ArtOfWarUpgrade":21,"hubris:TinFlute":52,"Replay:Bottled Steam":29,"Potion Belt":23,"MerchantsRug":0,"HollowMod:LifeEnderRelic":14,"construct:WeddingRing":41,"aspiration:Nostalgia":9,"HollowMod:GreatKnightMask":20,"Orichalcum":46,"MawBank":50,"Akabeko":27,"Mercury Hourglass":39,"Ornamental Fan":0,"hubris:Spice":10,"SaiyanSoul":9,"Art of War":14,"hubris:TenFootPole":38,"ReplayTheSpireMod:TigerMarble":38,"Runesmith:AutoHammer":29,"conspire:DeflatedDodgeball":22,"hubris:OldNail":4,"Toy Ornithopter":38},{"Replay:Accelerometer":4,"Regal Pillow":31,"animator:TheMissingPiece":204,"HollowMod:VesselMask":0,"Blue Doll":54,"EVO:Axolotl":0,"HollowMod:MillibellesNoteRelic":0,"Pet Ghost":0,"ClockworkSouvenir":0,"hubris:Icosahedron":4,"aspiration:ArtOfWarUpgrade":90,"hubris:TinFlute":230,"Replay:Bottled Steam":123,"Potion Belt":103,"MerchantsRug":0,"HollowMod:LifeEnderRelic":57,"construct:WeddingRing":175,"aspiration:Nostalgia":37,"HollowMod:GreatKnightMask":87,"Orichalcum":200,"MawBank":220,"Akabeko":116,"Mercury Hourglass":162,"Ornamental Fan":0,"hubris:Spice":40,"SaiyanSoul":37,"Art of War":57,"hubris:TenFootPole":150,"ReplayTheSpireMod:TigerMarble":150,"Runesmith:AutoHammer":123,"conspire:DeflatedDodgeball":98,"hubris:OldNail":18,"Toy Ornithopter":150}],"Mercury Hourglass":[274]},"card_choices":[{"not_picked":["HollowMod:DoubleDash","HollowMod:LifebloodCocoon"],"picked":"HollowMod:ShapeofUnn","floor":1},{"not_picked":["HollowMod:LifebloodCocoon","HollowMod:WraithStrike"],"picked":"HollowMod:MidwifesHunger","floor":3},{"not_picked":["HollowMod:CloakDash","HollowMod:SoulStrike"],"picked":"HollowMod:NewLittleFool","floor":7},{"not_picked":["HollowMod:theNailsmith","HollowMod:DescendingDark","HollowMod:TaintedHusks"],"picked":"SKIP","floor":11},{"not_picked":["HollowMod:DescendingDark","HollowMod:TaintedHusks"],"picked":"HollowMod:theNailsmith","floor":11},{"not_picked":["HollowMod:DescendingDark","HollowMod:AbyssShriek"],"picked":"HollowMod:HuntersJournal","floor":13},{"not_picked":["HollowMod:FastStrike","HollowMod:BlackTendrils"],"picked":"HollowMod:SharpenedNail","floor":14}],"player_experience":522380,"relics_obtained":[{"floor":7,"key":"MawBank"},{"floor":11,"key":"hubris:TinFlute"},{"floor":13,"key":"Mercury Hourglass"}],"event_choices":[{"damage_healed":0,"gold_gain":0,"player_choice":"Forge","damage_taken":0,"max_hp_gain":0,"max_hp_loss":0,"event_name":"Accursed Blacksmith","floor":2,"gold_loss":0,"cards_upgraded":["HollowMod:ShapeofUnn"]},{"damage_healed":0,"gold_gain":0,"player_choice":"Grow","damage_taken":0,"max_hp_gain":0,"max_hp_loss":0,"event_name":"Living Wall","floor":5,"gold_loss":0,"cards_upgraded":["HollowMod:MidwifesHunger"]},{"damage_healed":0,"gold_gain":0,"player_choice":"Got Potions","damage_taken":0,"max_hp_gain":0,"max_hp_loss":0,"event_name":"Lab","floor":12,"gold_loss":0}],"is_beta":false,"boss_relics":[],"items_purged_floors":[],"is_endless":false,"potions_floor_spawned":[11,13],"killed_by":"The Guardian","ascension_level":0}}