{"host":"zdhcon9z6t4xbcdl","time":1610655232,"event":{"mods":["BaseMod","Minty Spire (QoL Compilation)"],"gold_per_floor":[118,118,43,57,68,68,68,68,68,68,112,112,136,161,161,286,286,309,113,113,113,113,125,168,180,242,285,347,359,359],"floor_reached":29,"language":"ENG","playtime":1556,"items_purged":["Strike_B","Strike_B"],"score":270,"play_id":"bbe5a084-7a38-40a2-aa8e-d18dda296198","local_time":"20210114201352","is_ascension_mode":true,"campfire_choices":[{"data":"Zap","floor":6,"key":"SMITH"},{"floor":8,"key":"RECALL"},{"data":"Dualcast","floor":12,"key":"SMITH"},{"data":"Doom and Gloom","floor":15,"key":"SMITH"},{"data":"Double Energy","floor":23,"key":"SMITH"},{"floor":25,"key":"REST"}],"circlet_count":0,"master_deck":["Defend_B+1","Defend_B","Defend_B","Zap+1","Dualcast+1","Conserve Battery","Steam+1","Conserve Battery","Ball Lightning","Self Repair","Doom and Gloom+1","Seek","Static Discharge","Gash","Capacitor","Blizzard","Go for the Eyes","Double Energy+1","Writhe","Go for the Eyes+1","Leap"],"relics":["Cracked Core","NeowsBlessing","Golden Idol","Happy Flower","Busted Crown","MawBank","TungstenRod","Potion Belt","Blood Vial","Pen Nib"],"acts_visited":["Exordium","TheCity"],"potions_floor_usage":[16,16],"damage_taken":[{"damage":0,"enemies":"2 Louse","floor":1,"turns":1},{"damage":0,"enemies":"Jaw Worm","floor":4,"turns":1},{"damage":0,"enemies":"Cultist","floor":5,"turns":1},{"damage":15,"enemies":"Lagavulin","floor":11,"turns":8},{"damage":1,"enemies":"Exordium Wildlife","floor":13,"turns":4},{"damage":0,"enemies":"2 Fungi Beasts","floor":14,"turns":3},{"damage":21,"enemies":"The Guardian","floor":16,"turns":7},{"damage":5,"enemies":"Spheric Guardian","floor":18,"turns":4},{"damage":63,"enemies":"Gremlin Leader","floor":24,"turns":6},{"damage":31,"enemies":"Book of Stabbing","floor":27,"turns":6},{"damage":17,"enemies":"Shell Parasite","floor":29,"turns":3}],"seed_played":"-4392835735757042040","potions_obtained":[{"floor":11,"key":"DuplicationPotion"},{"floor":13,"key":"LiquidBronze"},{"floor":14,"key":"FocusPotion"},{"floor":24,"key":"PowerPotion"},{"floor":27,"key":"Explosive Potion"}],"is_trial":false,"path_per_floor":["M","?","$","M","M","R","?","R","T","?","E","R","M","M","R","B",null,"M","$","?","?","?","R","E","R","T","E","T","M"],"character_chosen":"DEFECT","items_purchased":["Gash","Capacitor"],"campfire_rested":1,"item_purchase_floors":[19,19],"current_hp_per_floor":[75,68,68,68,68,68,68,68,68,54,39,39,38,45,45,31,69,69,69,69,69,69,69,13,33,33,9,9,0,0],"gold":359,"neow_bonus":"THREE_ENEMY_KILL","is_daily":false,"chose_seed":false,"campfire_upgraded":4,"win_rate":0.0,"timestamp":1610655232,"path_taken":["M","?","$","M","M","R","?","R","T","?","E","R","?","?","R","BOSS","M","$","?","?","?","R","E","R","T","E","?","M"],"items_purchased_type":["Card","Card"],"build_version":"2020-12-22","purchased_purges":2,"victory":false,"max_hp_per_floor":[75,75,75,75,75,75,69,69,69,69,69,69,69,69,69,69,69,69,69,69,69,69,69,69,69,69,69,69,69,69],"card_choices":[{"not_picked":["Loop","Steam"],"picked":"Conserve Battery","floor":1},{"not_picked":["Double Energy","BootSequence"],"picked":"Steam","floor":4},{"not_picked":["Sunder","Steam Power"],"picked":"Conserve Battery","floor":5},{"not_picked":["Consume","Beam Cell"],"picked":"Ball Lightning","floor":11},{"not_picked":["Leap","Conserve Battery"],"picked":"Self Repair","floor":13},{"not_picked":["Loop","Streamline"],"picked":"Doom and Gloom","floor":14},{"not_picked":["Amplify","Buffer"],"picked":"Seek","floor":16},{"not_picked":[],"picked":"Static Discharge","floor":18},{"not_picked":[],"picked":"Go for the Eyes+1","floor":24},{"not_picked":[],"picked":"Leap","floor":27}],"player_experience":64727,"relics_obtained":[{"floor":11,"key":"Happy Flower"},{"floor":24,"key":"TungstenRod"},{"floor":26,"key":"Potion Belt"},{"floor":27,"key":"Blood Vial"},{"floor":28,"key":"Pen Nib"}],"event_choices":[{"cards_removed":["Strike_B"],"damage_healed":0,"gold_gain":0,"player_choice":"Card Removal","damage_taken":7,"max_hp_gain":0,"max_hp_loss":0,"event_name":"Golden Wing","floor":2,"gold_loss":0},{"damage_healed":0,"gold_gain":0,"player_choice":"Lose Max HP","damage_taken":0,"relics_obtained":["Golden Idol"],"max_hp_gain":0,"max_hp_loss":6,"event_name":"Golden Idol","floor":7,"gold_loss":0},{"damage_healed":0,"gold_gain":0,"player_choice":"Entered Light","damage_taken":14,"max_hp_gain":0,"max_hp_loss":0,"event_name":"Shining Light","floor":10,"gold_loss":0,"cards_upgraded":["Defend_B","Steam"]},{"damage_healed":0,"gold_gain":0,"cards_transformed":["Strike_B","Defend_B"],"player_choice":"Became Test Subject","damage_taken":0,"max_hp_gain":0,"max_hp_loss":0,"event_name":"Drug Dealer","floor":20,"gold_loss":0,"cards_obtained":["Blizzard","Go for the Eyes"]},{"damage_healed":0,"gold_gain":0,"player_choice":"Read","damage_taken":0,"max_hp_gain":0,"max_hp_loss":0,"event_name":"The Library","floor":21,"gold_loss":0,"cards_obtained":["Double Energy"]},{"damage_healed":0,"gold_gain":0,"player_choice":"Opened","damage_taken":0,"relics_obtained":["MawBank"],"max_hp_gain":0,"max_hp_loss":0,"event_name":"The Mausoleum","floor":22,"gold_loss":0,"cards_obtained":["Writhe"]}],"is_beta":false,"boss_relics":[{"not_picked":["Velvet Choker","Cursed Key"],"picked":"Busted Crown"}],"items_purged_floors":[3,19],"is_endless":false,"potions_floor_spawned":[11,13,14,24,27],"killed_by":"Shell Parasite","ascension_level":1}}