{"host":"qm4rv4rkpk76sbxu","time":1610644675,"event":{"mods":["BaseMod","Bestiary","Block Reminder","DeckTracker","Filter the Spire","Keyboard Shortcuts","Minty Spire (QoL Compilation)","MonsterHotkey","Quick Restart","Relic Stats","Slay-I","StSLib","ojb\u0027s Better Paths Mod","ojb\u0027s Info Mod"],"gold_per_floor":[115,115,115,131,131,165,165,165,165,198,218,236,266,285,285,381,431,450,450,549,56,72,105,124,124,124,124,150,150,176,191,191,292,292,305,305,356,367,383,414,429,462,485,504,534,534,554,578,578,578,578,578,34,68,68],"floor_reached":56,"language":"ENG","playtime":2759,"items_purged":["Strike_G","Strike_G"],"score":1521,"play_id":"b61a5880-7549-4fd4-bdec-015b461dfa81","local_time":"20210114181755","is_ascension_mode":true,"campfire_choices":[{"data":"Poisoned Stab","floor":8.0,"key":"SMITH"},{"data":"Catalyst","floor":15.0,"key":"SMITH"},{"data":"Catalyst","floor":25.0,"key":"SMITH"},{"data":"Footwork","floor":27.0,"key":"SMITH"},{"data":"Adrenaline","floor":29.0,"key":"SMITH"},{"data":"After Image","floor":32.0,"key":"SMITH"},{"data":"Night Terror","floor":46.0,"key":"SMITH"},{"floor":49.0,"key":"RECALL"},{"data":"Catalyst","floor":52.0,"key":"SMITH"}],"circlet_count":0,"master_deck":["Strike_G+1","Strike_G","Defend_G","Defend_G","Defend_G","Defend_G","Survivor","Neutralize+1","Poisoned Stab+1","Poisoned Stab","Endless Agony","Eviscerate+1","Catalyst+1","Backflip+1","Poisoned Stab+1","Adrenaline+1","Catalyst+1","Dodge and Roll+1","Catalyst+1","Footwork+1","After Image+1","Outmaneuver+1","Calculated Gamble+1","Night Terror+1","Acrobatics+1","Panacea","Good Instincts","Flash of Steel+1","Noxious Fumes+1","Acrobatics+1","Footwork+1","Prepared+1","Concentrate+1","Bouncing Flask+1","Reflex+1","Catalyst","Calculated Gamble+1","Backflip","Escape Plan+1"],"relics":["Ring of the Snake","Nunchaku","Molten Egg 2","PreservedInsect","Bag of Preparation","Art of War","Tiny House","Anchor","MealTicket","Smiling Mask","Bottled Tornado","Bottled Flame","Vajra","Coffee Dripper","Prayer Wheel","StoneCalendar","TungstenRod","Sundial","Oddly Smooth Stone","Ice Cream","Happy Flower","Orichalcum"],"acts_visited":["Exordium","TheCity","TheBeyond","TheEnding"],"potions_floor_usage":[55,55,55],"damage_taken":[{"damage":0.0,"enemies":"Small Slimes","floor":1.0,"turns":3.0},{"damage":0.0,"enemies":"2 Louse","floor":4.0,"turns":2.0},{"damage":19.0,"enemies":"Gremlin Nob","floor":6.0,"turns":4.0},{"damage":10.0,"enemies":"3 Sentries","floor":10.0,"turns":6.0},{"damage":0.0,"enemies":"Jaw Worm","floor":11.0,"turns":2.0},{"damage":0.0,"enemies":"Gremlin Gang","floor":12.0,"turns":5.0},{"damage":0.0,"enemies":"Gremlin Nob","floor":13.0,"turns":2.0},{"damage":4.0,"enemies":"Exordium Thugs","floor":14.0,"turns":3.0},{"damage":14.0,"enemies":"The Guardian","floor":16.0,"turns":7.0},{"damage":0.0,"enemies":"Spheric Guardian","floor":18.0,"turns":3.0},{"damage":0.0,"enemies":"Shell Parasite","floor":22.0,"turns":3.0},{"damage":12.0,"enemies":"Slavers","floor":23.0,"turns":4.0},{"damage":0.0,"enemies":"Snecko","floor":24.0,"turns":3.0},{"damage":12.0,"enemies":"Gremlin Leader","floor":28.0,"turns":4.0},{"damage":11.0,"enemies":"Book of Stabbing","floor":30.0,"turns":4.0},{"damage":0.0,"enemies":"Chosen and Byrds","floor":31.0,"turns":5.0},{"damage":24.0,"enemies":"Automaton","floor":33.0,"turns":9.0},{"damage":0.0,"enemies":"Orb Walker","floor":35.0,"turns":3.0},{"damage":7.0,"enemies":"2 Orb Walkers","floor":37.0,"turns":5.0},{"damage":0.0,"enemies":"3 Darklings","floor":38.0,"turns":7.0},{"damage":0.0,"enemies":"Spire Growth","floor":39.0,"turns":3.0},{"damage":0.0,"enemies":"Giant Head","floor":40.0,"turns":4.0},{"damage":0.0,"enemies":"Writhing Mass","floor":41.0,"turns":4.0},{"damage":0.0,"enemies":"Reptomancer","floor":42.0,"turns":4.0},{"damage":0.0,"enemies":"3 Darklings","floor":44.0,"turns":5.0},{"damage":0.0,"enemies":"Nemesis","floor":45.0,"turns":3.0},{"damage":0.0,"enemies":"Transient","floor":47.0,"turns":5.0},{"damage":5.0,"enemies":"Donu and Deca","floor":50.0,"turns":9.0},{"damage":27.0,"enemies":"Shield and Spear","floor":54.0,"turns":4.0},{"damage":41,"enemies":"The Heart","floor":55,"turns":6}],"seed_played":"3225719803239105231","potions_obtained":[{"floor":4.0,"key":"ColorlessPotion"},{"floor":11.0,"key":"Swift Potion"},{"floor":14.0,"key":"AttackPotion"},{"floor":16.0,"key":"CunningPotion"},{"floor":17.0,"key":"EssenceOfSteel"},{"floor":22.0,"key":"Fire Potion"},{"floor":28.0,"key":"AttackPotion"},{"floor":31.0,"key":"LiquidBronze"},{"floor":35.0,"key":"FearPotion"},{"floor":39.0,"key":"Strength Potion"},{"floor":41.0,"key":"LiquidBronze"},{"floor":42.0,"key":"ColorlessPotion"},{"floor":44.0,"key":"DistilledChaos"},{"floor":54.0,"key":"Poison Potion"}],"is_trial":false,"path_per_floor":["M","?","?","M","?","E","?","R","T","E","M","M","E","M","R","B",null,"M","?","?","$","M","E","M","R","T","R","E","R","E","M","R","B",null,"M","?","?","M","M","E","M","E","T","M","E","R","M","T","R","B",null,"R","$","E","B",null],"character_chosen":"THE_SILENT","items_purchased":["Catalyst","Footwork","Anchor","MealTicket","Ice Cream","Happy Flower","Backflip"],"campfire_rested":0,"item_purchase_floors":[21,21,21,21,53,53,53],"current_hp_per_floor":[70,63,49,49,49,30,30,30,30,20,20,20,20,16,16,2,75,75,75,75,75,75,63,63,63,63,63,51,51,40,40,40,16,75,75,65,58,58,58,58,58,58,58,58,58,58,58,58,58,53,75,75,75,48,7],"gold":68,"neow_bonus":"RANDOM_COMMON_RELIC","is_daily":false,"chose_seed":false,"campfire_upgraded":8,"win_rate":0.0,"timestamp":1610644675,"path_taken":["M","?","?","M","?","E","?","R","T","E","M","M","E","M","R","BOSS","M","?","?","?","M","E","M","R","T","R","E","R","E","?","R","BOSS","M","?","?","M","M","E","M","E","T","M","E","R","M","?","R","BOSS","R","$","E","BOSS"],"items_purchased_type":["Card","Card","Relic","Relic","Relic","Relic","Card"],"build_version":"2020-12-22","purchased_purges":2,"victory":true,"max_hp_per_floor":[70,70,70,70,70,70,70,70,70,70,70,70,70,70,70,70,75,75,75,75,75,75,75,75,75,75,75,75,75,75,75,75,75,75,75,75,75,75,75,75,75,75,75,75,75,75,75,75,75,75,75,75,75,75,75],"relic_stats":{"Happy Flower":[3],"counters":[30,131],"StoneCalendar":[43],"PreservedInsect":472,"Bag of Preparation":[56],"Orichalcum":[0],"Smiling Mask":50,"Nunchaku":[32],"Sundial":[4],"MealTicket":0,"Prayer Wheel":5,"Art of War":[9],"obtain_stats":[{"Ice Cream":53,"Tiny House":17,"Happy Flower":53,"Vajra":30,"Oddly Smooth Stone":48,"StoneCalendar":40,"PreservedInsect":9,"Bag of Preparation":10,"Bottled Tornado":26,"Orichalcum":54,"Smiling Mask":23,"Nunchaku":0,"Anchor":21,"Bottled Flame":28,"Sundial":45,"Molten Egg 2":6,"MealTicket":21,"Prayer Wheel":37,"Art of War":13,"Coffee Dripper":34,"TungstenRod":42,"Ring of the Snake":0},{"Ice Cream":28,"Tiny House":9,"Happy Flower":28,"Vajra":15,"Oddly Smooth Stone":27,"StoneCalendar":22,"PreservedInsect":3,"Bag of Preparation":4,"Bottled Tornado":13,"Orichalcum":29,"Smiling Mask":12,"Nunchaku":0,"Anchor":10,"Bottled Flame":14,"Sundial":26,"Molten Egg 2":3,"MealTicket":10,"Prayer Wheel":19,"Art of War":7,"Coffee Dripper":17,"TungstenRod":24,"Ring of the Snake":0},{"Ice Cream":121,"Tiny House":34,"Happy Flower":121,"Vajra":55,"Oddly Smooth Stone":112,"StoneCalendar":91,"PreservedInsect":9,"Bag of Preparation":15,"Bottled Tornado":47,"Orichalcum":125,"Smiling Mask":44,"Nunchaku":0,"Anchor":37,"Bottled Flame":51,"Sundial":107,"Molten Egg 2":9,"MealTicket":37,"Prayer Wheel":77,"Art of War":24,"Coffee Dripper":69,"TungstenRod":99,"Ring of the Snake":0}],"TungstenRod":3,"Ring of the Snake":[62]},"card_choices":[{"not_picked":["Slice","Well Laid Plans"],"picked":"Poisoned Stab","floor":1.0},{"not_picked":["Deflect","Outmaneuver"],"picked":"Poisoned Stab","floor":4.0},{"not_picked":["Concentrate","Prepared","Choke+1"],"picked":"SKIP","floor":6.0},{"not_picked":["PiercingWail","Heel Hook+1"],"picked":"Eviscerate+1","floor":10.0},{"not_picked":["Cloak And Dagger","Underhanded Strike+1"],"picked":"Catalyst","floor":11.0},{"not_picked":["Eviscerate+1","Outmaneuver"],"picked":"Backflip","floor":12.0},{"not_picked":["Skewer+1","PiercingWail","Distraction"],"picked":"SKIP","floor":13.0},{"not_picked":["Backflip","Slice+1"],"picked":"Poisoned Stab+1","floor":14.0},{"not_picked":["Unload+1","After Image"],"picked":"Adrenaline","floor":16.0},{"not_picked":["Flechettes+1","Dagger Spray+1"],"picked":"Catalyst","floor":17.0},{"not_picked":["Deadly Poison","Poisoned Stab+1"],"picked":"Dodge and Roll+1","floor":18.0},{"not_picked":["Caltrops+1","Bane+1","Quick Slash+1"],"picked":"SKIP","floor":22.0},{"not_picked":["Endless Agony+1","Deflect"],"picked":"After Image","floor":23.0},{"not_picked":["Slice+1","Infinite Blades+1","Outmaneuver"],"picked":"SKIP","floor":24.0},{"not_picked":["Flechettes+1","Dagger Throw+1","Sucker Punch+1"],"picked":"SKIP","floor":28.0},{"not_picked":["Quick Slash+1","Distraction+1"],"picked":"Outmaneuver+1","floor":30.0},{"not_picked":["Underhanded Strike+1","Quick Slash+1"],"picked":"Calculated Gamble+1","floor":31.0},{"not_picked":["Storm of Steel","Malaise"],"picked":"Night Terror","floor":33.0},{"not_picked":["Bane+1","Dash+1"],"picked":"Acrobatics+1","floor":35.0},{"not_picked":["Swift Strike+1","Blind"],"picked":"Panacea","floor":36.0},{"not_picked":["Impatience","Mind Blast+1"],"picked":"Good Instincts","floor":36.0},{"not_picked":["Chrysalis","Good Instincts"],"picked":"Flash of Steel+1","floor":36.0},{"not_picked":["Poisoned Stab+1","PiercingWail"],"picked":"Noxious Fumes+1","floor":37.0},{"not_picked":["Blade Dance+1","Dagger Throw+1"],"picked":"Acrobatics+1","floor":38.0},{"not_picked":["Catalyst","Deflect+1"],"picked":"Footwork+1","floor":38.0},{"not_picked":["Acrobatics+1","Sucker Punch+1"],"picked":"Prepared+1","floor":39.0},{"not_picked":["Concentrate","Cloak And Dagger","Caltrops+1"],"picked":"SKIP","floor":39.0},{"not_picked":["Bane+1","Choke+1"],"picked":"Concentrate+1","floor":40.0},{"not_picked":["Flying Knee+1","Flechettes+1"],"picked":"Bouncing Flask+1","floor":41.0},{"not_picked":["Distraction","Dagger Spray+1","Bane+1"],"picked":"SKIP","floor":41.0},{"not_picked":["Cloak And Dagger","Accuracy","Finisher+1"],"picked":"SKIP","floor":42.0},{"not_picked":["Distraction+1","Tactician"],"picked":"Reflex+1","floor":44.0},{"not_picked":["Die Die Die+1","Infinite Blades"],"picked":"Catalyst","floor":44.0},{"not_picked":["Bouncing Flask","Dodge and Roll"],"picked":"Calculated Gamble+1","floor":45.0},{"not_picked":["Noxious Fumes","Finisher+1","Masterful Stab+1"],"picked":"SKIP","floor":47.0},{"not_picked":["Deadly Poison","Dagger Spray+1","Blade Dance"],"picked":"SKIP","floor":47.0},{"not_picked":["Dagger Spray+1","Blade Dance+1"],"picked":"Escape Plan+1","floor":54.0}],"player_experience":1296014,"relics_obtained":[{"floor":6.0,"key":"Molten Egg 2"},{"floor":9.0,"key":"PreservedInsect"},{"floor":10.0,"key":"Bag of Preparation"},{"floor":13.0,"key":"Art of War"},{"floor":23.0,"key":"Smiling Mask"},{"floor":26.0,"key":"Bottled Tornado"},{"floor":28.0,"key":"Bottled Flame"},{"floor":30.0,"key":"Vajra"},{"floor":37.0,"key":"Prayer Wheel"},{"floor":40.0,"key":"StoneCalendar"},{"floor":42.0,"key":"TungstenRod"},{"floor":45.0,"key":"Sundial"},{"floor":48.0,"key":"Oddly Smooth Stone"},{"floor":54.0,"key":"Orichalcum"}],"event_choices":[{"cards_removed":["Defend_G"],"damage_healed":0.0,"max_hp_gain":0.0,"max_hp_loss":0.0,"gold_gain":0.0,"event_name":"Golden Wing","player_choice":"Card Removal","floor":2.0,"gold_loss":0.0,"damage_taken":7.0},{"damage_healed":0.0,"max_hp_gain":0.0,"max_hp_loss":0.0,"gold_gain":0.0,"event_name":"Shining Light","player_choice":"Entered Light","floor":3.0,"gold_loss":0.0,"damage_taken":14.0,"cards_upgraded":["Neutralize","Strike_G"]},{"damage_healed":0.0,"max_hp_gain":0.0,"max_hp_loss":0.0,"gold_gain":0.0,"cards_transformed":["Strike_G"],"event_name":"Living Wall","player_choice":"Change","floor":5.0,"gold_loss":0.0,"damage_taken":0.0,"cards_obtained":["Endless Agony"]},{"damage_healed":0.0,"max_hp_gain":0.0,"max_hp_loss":0.0,"gold_gain":0.0,"event_name":"Liars Game","player_choice":"Ignored","floor":7.0,"gold_loss":0.0,"damage_taken":0.0},{"damage_healed":0.0,"max_hp_gain":0.0,"max_hp_loss":0.0,"gold_gain":0.0,"event_name":"Vampires","player_choice":"Ignored","floor":19.0,"gold_loss":0.0,"damage_taken":0.0},{"damage_healed":0.0,"max_hp_gain":0.0,"max_hp_loss":0.0,"gold_gain":99.0,"event_name":"Nest","player_choice":"Stole From Cult","floor":20.0,"gold_loss":0.0,"damage_taken":0.0},{"damage_healed":0.0,"max_hp_gain":0.0,"max_hp_loss":0.0,"gold_gain":0.0,"event_name":"SensoryStone","player_choice":"Memory 3","floor":36.0,"gold_loss":0.0,"damage_taken":10.0},{"damage_healed":0.0,"max_hp_gain":0.0,"max_hp_loss":0.0,"gold_gain":0.0,"event_name":"Mysterious Sphere","player_choice":"Fight","floor":37.0,"gold_loss":0.0,"damage_taken":0.0}],"is_beta":false,"boss_relics":[{"not_picked":["Busted Crown","Sozu"],"picked":"Tiny House"},{"not_picked":["SacredBark","Snecko Eye"],"picked":"Coffee Dripper"}],"items_purged_floors":[21,53],"is_endless":false,"potions_floor_spawned":[4,11,14,16,22,28,31,35,39,41,42,44,54],"ascension_level":1}}