{"host":"0cm5wy4nhuju7tij","time":1610602990,"event":{"mods":["100% Spire Juice","2.2 Compatiblity","AchievementEnabler","Aspiration","BaseMod","Better Third Choice","BetterRewards","CCEM","CapriCore","Colored Powertips","Curses Come First","Custom Start","Displayed Cursed Tome","Downfall","Energized Spire","Evolution","Filter the Spire","Highlight Path","Jess\u0027s Bottle","Minty Spire (QoL Compilation)","Permanent Neow","QueenMod","Relic Stats","SOS???????","Shop Mod","Spicy Shops","StSLib","The Cursed","The Fake Hero","The Juggle","The Sage","The Vixen","TheFirefly","thorton"],"gold_per_floor":[520,531,544,119,136,136,136],"floor_reached":6,"language":"ENG","playtime":549,"items_purged":["luka_mod:Surrender"],"score":38,"play_id":"597559e5-407b-4532-ab23-dbd633533e11","local_time":"20210114004310","is_ascension_mode":false,"campfire_choices":[],"circlet_count":0,"master_deck":["luka_mod:StrikeLukaOne","luka_mod:StrikeLukaTwo","luka_mod:StrikeLukaThree","luka_mod:StrikeLukaFour","luka_mod:StrikeLukaFive","luka_mod:StrikeLukaSix","luka_mod:Salt","luka_mod:Guard","luka_mod:Wait","luka_mod:Edging","luka_mod:FlailWildly","luka_mod:Meditation","luka_mod:AngryLuka","luka_mod:Intense","luka_mod:IliasesJudgement","luka_mod:SpoilerForm","luka_mod:Intense","luka_mod:HeroicStrike","luka_mod:Struggle"],"relics":["luka_mod:KeepsakeRing","EVO:Axolotl","CCEMRelics:BiPhaseBiplane"],"acts_visited":["Exordium"],"potions_floor_usage":[],"damage_taken":[{"damage":0,"enemies":"Cultist","floor":1,"turns":3},{"damage":0,"enemies":"2 Louse","floor":2,"turns":2},{"damage":15,"enemies":"Jaw Worm","floor":3,"turns":5},{"damage":30,"enemies":"Large Slime","floor":5,"turns":4},{"damage":16,"enemies":"Gremlin Nob","floor":6,"turns":2}],"seed_played":"1702182420044905057","potions_obtained":[{"floor":1,"key":"sneckomod:MuddlingPotion"},{"floor":5,"key":"DuplicationPotion"}],"is_trial":false,"path_per_floor":["M","M","M","$","M","E"],"character_chosen":"LUKA_CLASS","items_purchased":["luka_mod:SpoilerForm","CCEMRelics:BiPhaseBiplane","luka_mod:Intense","Block Potion","luka_mod:HeroicStrike"],"campfire_rested":0,"item_purchase_floors":[4,4,4,4,4],"current_hp_per_floor":[44,44,44,44,14,0,0],"gold":136,"neow_bonus":"TEN_PERCENT_HP_BONUS","is_daily":false,"chose_seed":false,"campfire_upgraded":0,"win_rate":0.0,"timestamp":1610602990,"path_taken":["M","M","?","$","M","E"],"items_purchased_type":["Card","Relic","Card","Potion","Card"],"build_version":"2020-12-22","purchased_purges":1,"victory":false,"max_hp_per_floor":[44,44,44,44,44,44,44],"relic_stats":{"counters":[5,16],"obtain_stats":[{"luka_mod:KeepsakeRing":0,"CCEMRelics:BiPhaseBiplane":4,"EVO:Axolotl":0},{"luka_mod:KeepsakeRing":0,"CCEMRelics:BiPhaseBiplane":3,"EVO:Axolotl":0},{"luka_mod:KeepsakeRing":0,"CCEMRelics:BiPhaseBiplane":10,"EVO:Axolotl":0}]},"card_choices":[{"not_picked":["luka_mod:StressRelief","luka_mod:Struggle"],"picked":"luka_mod:AngryLuka","floor":1},{"not_picked":["luka_mod:Cutscene","luka_mod:HeroicStrike"],"picked":"luka_mod:Intense","floor":2},{"not_picked":["luka_mod:FlashKill","luka_mod:FireSlash"],"picked":"luka_mod:IliasesJudgement","floor":3},{"not_picked":["luka_mod:EarthRumblingDecapitation","luka_mod:BladeOfStillWater"],"picked":"luka_mod:Struggle","floor":5}],"player_experience":206254,"relics_obtained":[],"event_choices":[],"is_beta":false,"boss_relics":[],"items_purged_floors":[4],"is_endless":false,"potions_floor_spawned":[1,5],"killed_by":"Gremlin Nob","ascension_level":0}}