{"host":"ovxa65d68iy9l57e","time":1610650392,"event":{"mods":["AchievementEnabler","BaseMod","Better Altar","Better Skull","Better Vampires","Colored Map","Curses Come First","Minty Spire (QoL Compilation)","Relic Stats","StSLib"],"gold_per_floor":[118,131,131,151,161,195,195,195,195],"floor_reached":8,"language":"SPA","playtime":1013,"items_purged":[],"score":67,"play_id":"eeee6a26-4aea-4313-badb-7a2a06edede8","local_time":"20210114195312","is_ascension_mode":true,"campfire_choices":[],"circlet_count":0,"master_deck":["Strike_G","Strike_G","Strike_G","Strike_G","Strike_G","Defend_G","Defend_G","Defend_G","Defend_G","Defend_G","Survivor","Neutralize","Skewer+1","Sucker Punch","Acrobatics","Night Terror","Blade Dance"],"relics":["Ring of the Snake","Shuriken","Omamori"],"acts_visited":["Exordium"],"potions_floor_usage":[6],"damage_taken":[{"damage":13,"enemies":"Jaw Worm","floor":1,"turns":7},{"damage":0,"enemies":"Small Slimes","floor":2,"turns":3},{"damage":0,"enemies":"Cultist","floor":4,"turns":3},{"damage":1,"enemies":"Blue Slaver","floor":5,"turns":5},{"damage":36,"enemies":"3 Sentries","floor":6,"turns":11},{"damage":27,"enemies":"Gremlin Nob","floor":8,"turns":3}],"seed_played":"8376351129622262862","potions_obtained":[{"floor":4,"key":"PowerPotion"},{"floor":5,"key":"Ancient Potion"}],"is_trial":false,"path_per_floor":["M","M","?","M","M","E","?","E"],"character_chosen":"THE_SILENT","items_purchased":[],"campfire_rested":0,"item_purchase_floors":[],"current_hp_per_floor":[64,64,61,61,60,24,24,0,0],"gold":195,"neow_bonus":"TEN_PERCENT_HP_BONUS","is_daily":false,"chose_seed":false,"campfire_upgraded":0,"win_rate":0.0,"timestamp":1610650392,"path_taken":["M","M","?","M","M","E","?","E"],"items_purchased_type":[],"build_version":"2020-12-22","purchased_purges":0,"victory":false,"max_hp_per_floor":[77,77,77,77,77,77,77,77,77],"relic_stats":{"counters":[6,32],"Shuriken":[5],"obtain_stats":[{"Shuriken":3,"Omamori":6,"Ring of the Snake":0},{"Shuriken":2,"Omamori":5,"Ring of the Snake":0},{"Shuriken":10,"Omamori":29,"Ring of the Snake":0}],"Ring of the Snake":[12]},"card_choices":[{"not_picked":["Prepared","Acrobatics"],"picked":"Skewer","floor":1},{"not_picked":["Poisoned Stab","Prepared"],"picked":"Sucker Punch","floor":2},{"not_picked":["Dagger Throw","Caltrops"],"picked":"Acrobatics","floor":4},{"not_picked":["Poisoned Stab","Bane"],"picked":"Night Terror","floor":5},{"not_picked":["Poisoned Stab","Choke"],"picked":"Blade Dance","floor":6}],"player_experience":272543,"relics_obtained":[{"floor":6,"key":"Omamori"}],"event_choices":[{"damage_healed":0,"gold_gain":0,"player_choice":"Success","damage_taken":3,"relics_obtained":["Shuriken"],"max_hp_gain":0,"max_hp_loss":0,"event_name":"Scrap Ooze","floor":3,"gold_loss":0},{"damage_healed":0,"gold_gain":0,"player_choice":"Grow","damage_taken":0,"max_hp_gain":0,"max_hp_loss":0,"event_name":"Living Wall","floor":7,"gold_loss":0,"cards_upgraded":["Skewer"]}],"is_beta":false,"boss_relics":[],"items_purged_floors":[],"is_endless":false,"potions_floor_spawned":[4,5],"killed_by":"Gremlin Nob","ascension_level":3}}