{"host":"htox8xlq8uiapwxq","time":1610637446,"event":{"mods":["Act Like it!","Arknights The Spire","BaseMod","Gensokyo","KinomotoSakuraMod(木之本樱)","Koishi","Lobotomy","LobotomyExtend","Minty Spire (QoL Compilation)","Prisma Mod","Remilia（蕾米莉亚）","StSLib","The Alterego","WarShipGirlsR/战舰少女R mod","Yakumo Yukari mod","Youmu（魂魄妖梦）"],"gold_per_floor":[113,113,10,10,110,145,48,48,72,72,90,110,110,127,127,223,223,238,238,238,238,238],"floor_reached":21,"language":"ZHS","playtime":2490,"items_purged":[],"score":175,"play_id":"f962e26f-cecc-4192-854d-816b7e00f593","local_time":"20210114231726","is_ascension_mode":false,"campfire_choices":[{"floor":8.0,"key":"REST"},{"data":"ats:Sunburst","floor":15.0,"key":"SMITH"}],"circlet_count":0,"master_deck":["ats:Strike C","ats:Strike G","ats:Strike S","ats:Armor Crushing Shot","ats:Defend","ats:Defend","ats:Defend","ats:Defend","ats:Roar Of Ursus","ats:Sunburst+1","ats:Hammer On","ats:Apocalypse","BigBird","ats:Volcano","ats:Shell Defense","ats:Ambush","Mercenary","Injury","ats:Flexible Camouflage","ats:Calcification","CurseOfTheBell","ats:Sunburst+1","ats:Dogmatic Field","Gensokyo:TekeTeke"],"relics":["ats:Sanity","CogitoBucket","RabbitCall","LetterFromLob","ats:Originium","Regal Pillow","PreservedInsect","Blood Vial","Tiny Chest","Calling Bell","Calipers","ats:Spiritual Recovery","Meat on the Bone"],"acts_visited":["Gensokyo:Gensokyo","Gensokyo:Gensokyoer"],"potions_floor_usage":[],"damage_taken":[{"damage":2.0,"enemies":"Gensokyo:2_Kodama","floor":1.0,"turns":7.0},{"damage":43.0,"enemies":"Gensokyo:Cirno","floor":6.0,"turns":7.0},{"damage":13.0,"enemies":"Gensokyo:Python","floor":11.0,"turns":6.0},{"damage":9.0,"enemies":"Gensokyo:3_Fairies","floor":12.0,"turns":5.0},{"damage":39.0,"enemies":"Gensokyo:Python_and_Kodama","floor":14.0,"turns":7.0},{"damage":57.0,"enemies":"Gensokyo:Reimu","floor":16.0,"turns":16.0},{"damage":80.0,"enemies":"Gensokyo:CosmicMonolith","floor":18.0,"turns":12.0},{"damage":37,"enemies":"Gensokyo:2_Gloops","floor":21,"turns":4}],"seed_played":"1787328570883646899","potions_obtained":[{"floor":11.0,"key":"EntropicBrew"},{"floor":12.0,"key":"Regen Potion"},{"floor":14.0,"key":"LiquidBronze"},{"floor":16.0,"key":"Weak Potion"}],"is_trial":false,"path_per_floor":["M","?","$","?","?","E","COS","R","T","?","M","M","?","M","R","B",null,"M","?","?","M"],"character_chosen":"DOCTOR_CLASS","items_purchased":["ats:Sunburst","ats:Hammer On"],"campfire_rested":1,"item_purchase_floors":[3,3],"current_hp_per_floor":[70,70,70,70,70,27,27,63,63,63,54,49,49,46,46,9,72,22,22,22,0,0],"gold":238,"neow_bonus":"","is_daily":false,"chose_seed":false,"campfire_upgraded":1,"win_rate":0.0,"timestamp":1610637446,"path_taken":["M","?","$","?","?","E","COS","R","T","?","?","M","?","M","R","BOSS","M","?","?","M"],"items_purchased_type":["Card","Card"],"build_version":"2020-12-22","purchased_purges":0,"victory":false,"max_hp_per_floor":[72,72,72,72,72,72,72,72,72,72,72,72,72,72,72,72,72,72,72,65,65,65],"card_choices":[{"not_picked":["ats:Apocalypse","ats:Ignite"],"picked":"ats:Roar Of Ursus","floor":1.0},{"not_picked":["OldLady","MHz","BigBird"],"picked":"Singing Bowl","floor":1.0},{"not_picked":["ats:Sunburst","ats:Chain Hook"],"picked":"ats:Apocalypse","floor":6.0},{"not_picked":["FairyFestival","LittlePrince","Scarecrow"],"picked":"Singing Bowl","floor":6.0},{"not_picked":["CrumblingArmor","BeautyBeast"],"picked":"BigBird","floor":6.0},{"not_picked":["ats:Explosion Area Strengthen","ats:Flexible Camouflage"],"picked":"ats:Volcano","floor":11.0},{"not_picked":["CrumblingArmor","DreamingCurrent","MHz"],"picked":"Singing Bowl","floor":11.0},{"not_picked":["ats:Ignite","ats:Steam Pump"],"picked":"ats:Shell Defense","floor":12.0},{"not_picked":["ats:Wolf Pack","ats:Echo Reverb"],"picked":"ats:Ambush","floor":12.0},{"not_picked":["CherryBlossoms","FairyFestival","UniverseFragment"],"picked":"Singing Bowl","floor":12.0},{"not_picked":["Alriune","Murderer"],"picked":"Mercenary","floor":12.0},{"not_picked":["ats:Consecutive Shot Auto","ats:Childhood Dance"],"picked":"ats:Flexible Camouflage","floor":14.0},{"not_picked":["FairyFestival","LaLuna","CherryBlossoms"],"picked":"Singing Bowl","floor":14.0},{"not_picked":["ats:Fractured Body","ats:Disruption Kick"],"picked":"ats:Calcification","floor":16.0},{"not_picked":["CrumblingArmor","LaLuna","LittlePrince"],"picked":"Singing Bowl","floor":16.0},{"not_picked":["ats:Chain Hook","ats:Directed Diagnosis"],"picked":"ats:Sunburst+1","floor":18},{"not_picked":["Gensokyo:RedCapeBlueCape","Gensokyo:LochNessMonster"],"picked":"Gensokyo:TekeTeke","floor":20}],"player_experience":369558,"relics_obtained":[{"floor":1.0,"key":"LetterFromLob"},{"floor":6.0,"key":"ats:Originium"},{"floor":6.0,"key":"Regal Pillow"},{"floor":9.0,"key":"PreservedInsect"},{"floor":17.0,"key":"Calipers"},{"floor":17.0,"key":"ats:Spiritual Recovery"},{"floor":17.0,"key":"Meat on the Bone"}],"event_choices":[],"is_beta":false,"boss_relics":[{"not_picked":["Runic Pyramid","Busted Crown"],"picked":"Calling Bell"}],"items_purged_floors":[],"is_endless":false,"potions_floor_spawned":[11,12,14,16],"killed_by":"Gensokyo:2_Gloops","ascension_level":0}}