{"host":"miejrq8yypas90n2","time":1610616715,"event":{"mods":["100% Spire Juice","Act Like it!","BaseMod","Colored Powertips","Gensokyo","Marisa£®ÏF”Í°°ƒß¿Ì…≥£©","Minty Spire (QoL Compilation)","Reimu£®≤©¿ˆ¡È√Œ£©","StSLib","The Gatherer"],"gold_per_floor":[117,117,42,55,55,80,90,116,142,142,152,152,164,9,9,9,9,9],"floor_reached":16,"language":"ZHS","playtime":713,"items_purged":["Gatherer:Strike_Gatherer"],"score":135,"play_id":"94eed5eb-fc11-4484-bd71-6d1c868c41ed","local_time":"20210114173155","is_ascension_mode":false,"metric_token":661,"campfire_choices":[{"data":"Gatherer:OddSpoils","floor":10,"key":"SMITH"},{"data":"Gatherer:EnergyBasket","floor":12,"key":"SMITH"},{"data":"Gatherer:FlowerBeam","floor":15,"key":"SMITH"}],"circlet_count":0,"master_deck":["Gatherer:Strike_Gatherer","Gatherer:Strike_Gatherer","Gatherer:Strike_Gatherer","Gatherer:Defend_Gatherer","Gatherer:Defend_Gatherer","Gatherer:Defend_Gatherer","Gatherer:Defend_Gatherer","Gatherer:Defend_Gatherer","Gatherer:Centralize+1","Gatherer:FlowerWhip","Gatherer:RecoveryHerb","Gatherer:FlowerBeam+1","Gatherer:OddSpoils+1","Gatherer:AcidicSpray","Gatherer:Transmute","Gatherer:EnergyBasket+1","Gatherer:SaveValuables"],"relics":["Gatherer:AlchemyBag","NeowsBlessing","Lantern","Tiny Chest","Strawberry","Strange Spoon"],"acts_visited":["Exordium"],"potions_floor_usage":[8,8],"damage_taken":[{"damage":0,"enemies":"2 Louse","floor":1,"turns":1},{"damage":0,"enemies":"Cultist","floor":4,"turns":1},{"damage":0,"enemies":"3 Sentries","floor":6,"turns":2},{"damage":0,"enemies":"Jaw Worm","floor":7,"turns":1},{"damage":26,"enemies":"Lagavulin","floor":8,"turns":4},{"damage":2,"enemies":"Large Slime","floor":11,"turns":5},{"damage":2,"enemies":"Looter","floor":13,"turns":2},{"damage":73,"enemies":"The Guardian","floor":16,"turns":13}],"seed_played":"636036185911711899","potions_obtained":[{"floor":4,"key":"Poison Potion"},{"floor":7,"key":"Weak Potion"},{"floor":13,"key":"SpeedPotion"}],"is_trial":false,"path_per_floor":["M","?","$","M","?","E","M","E","T","R","M","R","M","$","R","B"],"character_chosen":"THE_GATHERER","items_purchased":["Strange Spoon"],"campfire_rested":0,"item_purchase_floors":[14],"current_hp_per_floor":[72,72,72,72,72,72,72,46,53,53,54,54,52,52,52,0,0,0],"gold":9,"neow_bonus":"THREE_ENEMY_KILL","is_daily":false,"chose_seed":false,"campfire_upgraded":3,"win_rate":0.0,"timestamp":1610616715,"path_taken":["M","?","$","?","?","E","M","E","T","R","?","R","M","$","R","BOSS"],"items_purchased_type":["Relic"],"build_version":"2020-12-22","purchased_purges":1,"victory":false,"max_hp_per_floor":[72,72,72,72,72,72,72,72,79,79,79,79,79,79,79,79,79,79],"card_choices":[{"not_picked":["Gatherer:QuickSynthesis","Gatherer:Snatch"],"picked":"Gatherer:RecoveryHerb","floor":1},{"not_picked":["Gatherer:Duplicator","Gatherer:TreeGrowth","Gatherer:Herbalism"],"picked":"SKIP","floor":4},{"not_picked":["Gatherer:BambuSword","Gatherer:Solidify"],"picked":"Gatherer:OddSpoils","floor":6},{"not_picked":["Gatherer:AromaProtection","Gatherer:DrugPower"],"picked":"Gatherer:AcidicSpray","floor":7},{"not_picked":["Gatherer:CollectorsShot","Gatherer:CarefulStrike"],"picked":"Gatherer:Transmute","floor":8},{"not_picked":["Gatherer:Frenzy","Gatherer:CarefulStrike"],"picked":"Gatherer:EnergyBasket","floor":11},{"not_picked":["Gatherer:RecoveryHerb","Gatherer:ScentOfRosmari"],"picked":"Gatherer:SaveValuables","floor":13}],"player_experience":258285,"relics_obtained":[{"floor":6,"key":"Lantern"},{"floor":8,"key":"Tiny Chest"},{"floor":9,"key":"Strawberry"}],"event_choices":[{"damage_healed":0,"gold_gain":0,"cards_transformed":["Gatherer:Strike_Gatherer"],"player_choice":"Transformed","damage_taken":0,"max_hp_gain":0,"max_hp_loss":0,"event_name":"Transmorgrifier","floor":2,"gold_loss":0,"cards_obtained":["Gatherer:FlowerBeam"]},{"damage_healed":0,"gold_gain":0,"player_choice":"Forge","damage_taken":0,"max_hp_gain":0,"max_hp_loss":0,"event_name":"Accursed Blacksmith","floor":5,"gold_loss":0,"cards_upgraded":["Gatherer:Centralize"]}],"is_beta":false,"boss_relics":[],"items_purged_floors":[3],"is_endless":false,"potions_floor_spawned":[4,7,13],"killed_by":"The Guardian","ascension_level":0}}