{"host":"sgqhwtqjaxn0ibpt","time":1610611520,"event":{"mods":["2.2 Compatiblity","AchievementEnabler","Aspiration","BaseMod","Beaked The Cultist","Better Altar","Better Third Choice","Clockwork Mod","Colored Powertips","Conspire","Disable Question Mark Monsters","Downfall","Energized Spire","Glutton Mod","Gremlin Mod","Gremlin Skip","Hermit","Hubris","Jorbs\u0027s Wanderer Trilogy","Mad Scientist","Minty Spire (QoL Compilation)","Permanent Neow","Quick Restart","Random Character Button","Rare Cards Sparkle","Replay The Spire","Reworked Bosses","SacredBarkPlus","Shop Mod","StSLib","The Bug Knight","The Construct","The Cursed","The Forsaken","The Hierophant","The Runesmith","The Wild Card","TheHeartMod","Wandering Minibosses","themimic"],"gold_per_floor":[119,119,132,144,156,156,182,182,259,259,288,288,288,302,302,404,404,417,431,451,484,164,164,197,197,197,197,197,57,77,77,77,97,97,196,196,216,230,105,105,105,130,155,171,196,196,18,18,18,38,38,40,40,40,3,46,56],"floor_reached":58,"language":"ENG","playtime":3423,"items_purged":["Runesmith:Strike_RS","Runesmith:Strike_RS","Runesmith:Strike_RS"],"score":1815,"play_id":"3a430544-db6a-40d4-a8dd-12c9bd6b8f55","local_time":"20210114000520","is_ascension_mode":true,"campfire_choices":[{"data":"Runesmith:PoweredAnvil","floor":6,"key":"SMITH"},{"data":"Runesmith:ArcReactor","floor":8,"key":"SMITH"},{"data":"Runesmith:Fortify","floor":10,"key":"SMITH"},{"data":"Runesmith:CraftIncendium","floor":15,"key":"SMITH"},{"data":"Runesmith:BackupBattery+1","floor":23,"key":"SMITH"},{"data":"Runesmith:Grindstone","floor":27,"key":"SMITH"},{"data":"Runesmith:PoweredAnvil","floor":34,"key":"SMITH"},{"data":"Runesmith:Reinforce","floor":46,"key":"SMITH"},{"floor":48,"key":"RECALL"},{"data":"Runesmith:PoweredAnvil","floor":51,"key":"SMITH"},{"data":"Runesmith:GrandSlam","floor":54,"key":"SMITH"}],"circlet_count":0,"master_deck":["Runesmith:Defend_RS","Runesmith:Defend_RS","Runesmith:Defend_RS","Runesmith:Defend_RS","Runesmith:CraftFirestone","Runesmith:Fortify+1","Runesmith:CraftMagma","Runesmith:CraftProtectio","Runesmith:PoweredAnvil+1","Runesmith:ArcReactor+1","Runesmith:EarthShield","Runesmith:CraftIncendium+1","Runesmith:LightningRod","stsjorbsmod:Sacrifice","Runesmith:HammerThrow","Runesmith:BackupBattery","Runesmith:BackupBattery+2","Runesmith:Grindstone+1","Runesmith:PoweredAnvil+1","Runesmith:ShiftingStrike+1","Runesmith:Duplicate","stsjorbsmod:TickingCurse","stsjorbsmod:RepressedMemory","Runesmith:WhiteBalance+1","Runesmith:GrandSlam+1","Runesmith:Reinforce+1","Runesmith:PoweredAnvil+1","Runesmith:GrandSlam+1","stsjorbsmod:Blasphemer","stsjorbsmod:Investment","Runesmith:PoweredAnvil"],"relics":["Runesmith:BrokenRuby","aspiration:Nostalgia","stsjorbsmod:BookOfTrialsRelic","aspiration:HummingbirdHeart","Shuriken","aspiration:EmptySkull","hubris:TerracottaHorce","Red Mask","Mummified Hand","Quantum Egg","construct:ClawGrip","Replay:Bandana","aspiration:ChemicalBlood","hubris:TenFootPole"],"acts_visited":["Exordium","TheCity","TheBeyond","TheEnding"],"potions_floor_usage":[19,50,56,57,57,57],"damage_taken":[{"damage":0,"enemies":"2 Louse","floor":1,"turns":3},{"damage":0,"enemies":"conspire:RoseBush","floor":3,"turns":4},{"damage":0,"enemies":"Cultist","floor":4,"turns":4},{"damage":8,"enemies":"Gremlin Gang","floor":5,"turns":7},{"damage":5,"enemies":"Lagavulin","floor":7,"turns":7},{"damage":0,"enemies":"Replay:BlueRogue","floor":11,"turns":7},{"damage":0,"enemies":"2 Fungi Beasts","floor":14,"turns":4},{"damage":0,"enemies":"Slime Boss","floor":16,"turns":5},{"damage":16,"enemies":"Spheric Guardian","floor":18,"turns":4},{"damage":6,"enemies":"2 Thieves","floor":19,"turns":4},{"damage":0,"enemies":"conspire:HollyBat","floor":20,"turns":6},{"damage":2,"enemies":"Masked Bandits","floor":21,"turns":3},{"damage":1,"enemies":"conspire:Head Lice","floor":24,"turns":9},{"damage":0,"enemies":"Snake Plant","floor":30,"turns":5},{"damage":0,"enemies":"Snecko","floor":33,"turns":4},{"damage":0,"enemies":"bossMod:newChamp","floor":35,"turns":11},{"damage":0,"enemies":"Orb Walker","floor":37,"turns":3},{"damage":4,"enemies":"3 Shapes","floor":38,"turns":6},{"damage":0,"enemies":"R_Hoarder","floor":42,"turns":8},{"damage":0,"enemies":"Transient","floor":43,"turns":5},{"damage":0,"enemies":"Writhing Mass","floor":44,"turns":7},{"damage":4,"enemies":"Sphere and 2 Shapes","floor":50,"turns":3},{"damage":0,"enemies":"bossMod:newShapes","floor":52,"turns":7},{"damage":3,"enemies":"Shield and Spear","floor":56,"turns":4},{"damage":43,"enemies":"NeowBoss","floor":57,"turns":7}],"seed_played":"-1453355550918414622","potions_obtained":[{"floor":7,"key":"LifebloodPotion"},{"floor":11,"key":"Elixir"},{"floor":19,"key":"SkillPotion"},{"floor":24,"key":"Fire Potion"}],"is_trial":false,"path_per_floor":["M","?","M","M","M","R","E","R","T","R","E","?","?","M","R","B",null,"M","M","M","?","$","R","E","?","T","R","?","$","M","PTL","PTL","M","R","B",null,"M","M","$","?","?","E","M","M","T","R","$","R","?","M","R","B",null,"R","$","E","B",null],"character_chosen":"RUNESMITH_CLASS","items_purchased":["Mummified Hand","Runesmith:PoweredAnvil","Runesmith:PoweredAnvil","Runesmith:GrandSlam","Runesmith:PoweredAnvil"],"campfire_rested":0,"item_purchase_floors":[22,29,47,47,55],"current_hp_per_floor":[70,70,70,70,62,62,57,57,57,57,57,57,57,57,57,57,67,51,69,69,67,67,67,66,66,66,66,66,66,66,66,66,66,66,66,73,73,69,69,69,73,73,73,73,73,73,73,73,73,69,69,69,72,72,72,67,24],"gold":56,"neow_bonus":"NOSTALGIA","is_daily":false,"chose_seed":false,"campfire_upgraded":10,"win_rate":0.0,"timestamp":1610611520,"path_taken":["M","?","M","M","M","R","E","R","T","R","E","?","?","?","R","BOSS","M","M","?","?","$","R","E","?","T","R","?","$","M","PTL","PTL","M","R","BOSS","M","M","$","?","?","E","M","M","T","R","?","R","?","M","R","BOSS","R","$","E","BOSS"],"items_purchased_type":["Relic","Card","Card","Card","Card"],"build_version":"2020-12-22","purchased_purges":3,"victory":true,"max_hp_per_floor":[70,70,70,70,70,70,70,70,70,70,70,70,70,70,70,70,70,70,75,75,75,75,75,75,75,75,75,75,75,75,75,75,75,75,75,75,73,73,73,73,73,73,73,73,73,73,73,73,73,73,73,73,73,73,73,67,67],"card_choices":[{"not_picked":["Runesmith:EnergizedChisel","Runesmith:CraftVitae"],"picked":"Runesmith:CraftMagma","floor":1},{"not_picked":["Runesmith:Overpower","Runesmith:Repurpose"],"picked":"Runesmith:CraftProtectio","floor":3},{"not_picked":["Runesmith:RuneHurl","Runesmith:HeatExchange","Runesmith:CraftMagma"],"picked":"SKIP","floor":4},{"not_picked":["Runesmith:ShiftingStrike","Runesmith:BackupBattery"],"picked":"Runesmith:PoweredAnvil","floor":5},{"not_picked":["Runesmith:HammerTime","Runesmith:ShiftingStrike"],"picked":"Runesmith:ArcReactor","floor":7},{"not_picked":["Runesmith:Repurpose","Runesmith:CraftProtectio"],"picked":"Runesmith:EarthShield","floor":11},{"not_picked":["Runesmith:PerfectChisel","Runesmith:CraftProtectio"],"picked":"Runesmith:CraftIncendium","floor":14},{"not_picked":["Runesmith:FissionHammer","Runesmith:ReplicatingBarrier"],"picked":"Runesmith:LightningRod","floor":16},{"not_picked":["Runesmith:CraftMagma","Runesmith:CraftProtectio+1"],"picked":"Runesmith:HammerThrow","floor":18},{"not_picked":["Runesmith:UnstableHammer","Runesmith:NanitesCloud"],"picked":"Runesmith:BackupBattery","floor":19},{"not_picked":["Runesmith:MakeshiftArmor","Runesmith:Overpower","Runesmith:UnstableHammer"],"picked":"SKIP","floor":20},{"not_picked":["Runesmith:CraftProtectio","Runesmith:ChiselStab"],"picked":"Runesmith:BackupBattery+1","floor":21},{"not_picked":["Runesmith:NanitesCloud","Runesmith:OneForEveryone"],"picked":"Runesmith:Grindstone","floor":24},{"not_picked":["Runesmith:CraftMagma","Runesmith:BackupBattery"],"picked":"Runesmith:ShiftingStrike+1","floor":30},{"not_picked":["Runesmith:HammerThrow","Runesmith:HammerTime","Runesmith:CraftIncendium"],"picked":"SKIP","floor":33},{"not_picked":["Runesmith:Supernova","Runesmith:FissionHammer"],"picked":"Runesmith:Duplicate","floor":35},{"not_picked":["Runesmith:UnstableHammer+1","Runesmith:CraftVitae"],"picked":"Runesmith:WhiteBalance+1","floor":37},{"not_picked":["Runesmith:HammerTime+1","Runesmith:Discharge+1","Runesmith:UnstableHammer"],"picked":"SKIP","floor":38},{"not_picked":["Runesmith:EnergizedChisel+1","Runesmith:Attraction"],"picked":"Runesmith:GrandSlam","floor":42},{"not_picked":["Runesmith:EnergizedChisel","Runesmith:Grindstone+1","Runesmith:HeatedChisel"],"picked":"SKIP","floor":43},{"not_picked":["Runesmith:CraftReservo","Runesmith:HeatExchange+1"],"picked":"Runesmith:Reinforce","floor":44},{"not_picked":["Runesmith:Empowerment","Runesmith:ElementalConversion","Runesmith:ChaoticBlast"],"picked":"SKIP","floor":50},{"not_picked":["Runesmith:RunicBlueprint+1","Runesmith:Firestorm","Runesmith:BackupBattery+1"],"picked":"SKIP","floor":56}],"player_experience":157175,"relics_obtained":[{"floor":7,"key":"aspiration:HummingbirdHeart"},{"floor":9,"key":"Shuriken"},{"floor":11,"key":"aspiration:EmptySkull"},{"floor":21,"key":"Red Mask"},{"floor":24,"key":"Quantum Egg"},{"floor":42,"key":"Replay:Bandana"},{"floor":45,"key":"aspiration:ChemicalBlood"},{"floor":56,"key":"hubris:TenFootPole"}],"event_choices":[{"damage_healed":0,"gold_gain":0,"player_choice":"Disagree","damage_taken":0,"max_hp_gain":0,"max_hp_loss":0,"event_name":"conspire:LoneGhost","floor":12,"gold_loss":0},{"cards_removed":["Runesmith:Strike_RS"],"damage_healed":0,"gold_gain":0,"player_choice":"Purged","damage_taken":0,"max_hp_gain":0,"max_hp_loss":0,"event_name":"Purifier","floor":13,"gold_loss":0},{"damage_healed":0,"gold_gain":0,"player_choice":"Fought Bandits","damage_taken":0,"max_hp_gain":0,"max_hp_loss":0,"event_name":"Masked Bandits","floor":21,"gold_loss":0},{"damage_healed":0,"gold_gain":0,"player_choice":"Ignored","damage_taken":0,"max_hp_gain":0,"max_hp_loss":0,"event_name":"Ghosts","floor":25,"gold_loss":0},{"damage_healed":0,"gold_gain":0,"player_choice":"Ignored","damage_taken":0,"max_hp_gain":0,"max_hp_loss":0,"event_name":"Vampires","floor":28,"gold_loss":0},{"damage_healed":0,"gold_gain":0,"player_choice":"Leave","damage_taken":0,"max_hp_gain":0,"max_hp_loss":0,"event_name":"conspire:Investor","floor":40,"gold_loss":0}],"is_beta":false,"boss_relics":[{"not_picked":["Kintsugi","Runesmith:PocketReactor"],"picked":"hubris:TerracottaHorce"},{"not_picked":["Runic Dome","Replay:Bronze Core"],"picked":"construct:ClawGrip"}],"items_purged_floors":[22,29,39],"is_endless":false,"potions_floor_spawned":[7,11,19,24,33,38,44],"ascension_level":6}}