{"host":"h5acbxt0wmjo1kpm","time":1610622355,"event":{"mods":["2.2 Compatiblity","Act Like it!","AlwaysNeverKeys","Aspiration","Bard","Bartender","BaseMod","Better Third Choice","Colored Map","Elementarium","Gensokyo","GifTheSpireLib","Hallownest","Marisa????????","Menagerie","Minty Spire (QoL Compilation)","Permanent Neow","Potionbrewer","Relic Filter","Replay The Spire","Robot Space Explorer","RumiaBox-????????","Shade Mod","Spicy Shops","StSLib","Strawberry Spire","The Blackbeard","The Dragon Tamer","The Gatherer","The Hayseed","The Problem Sleuth","The Servant 0.9.4","Wandering Minibosses","vexMod"],"gold_per_floor":[113,123,134,334,353,378,378,425,473,473,473,517,517,517,517,607,607,640,640,675,709,194,194,159,159,159],"floor_reached":24,"language":"ENG","playtime":1129,"items_purged":["Hallownest:curseDreamersLament"],"score":342,"play_id":"89cdc6c9-028c-47ce-a467-c65f69687b36","local_time":"20210114030555","is_ascension_mode":true,"campfire_choices":[{"data":"blackbeard:ChaoticDefense","floor":7,"key":"SMITH"},{"floor":10,"key":"REST"},{"data":"Menagerie:Slaughter","floor":13,"key":"SMITH"},{"data":"blackbeard:WiseDefense","floor":15,"key":"SMITH"},{"data":"Apotheosis","floor":23,"key":"SMITH"}],"circlet_count":0,"master_deck":["AscendersBane","blackbeard:BlackbeardStrike","blackbeard:BlackbeardStrike","blackbeard:BlackbeardStrike","blackbeard:IntimidatingStrike","blackbeard:BlackbeardDefend","blackbeard:BlackbeardDefend","blackbeard:BlackbeardDefend","blackbeard:Cutlass+1","blackbeard:RearmingStrike","blackbeard:TacticalRetreat","blackbeard:ChaoticDefense+1","blackbeard:PirateEarring","blackbeard:CloakAndCannonball","blackbeard:BuriedTreasure","blackbeard:Halberd","Menagerie:Slaughter+1","blackbeard:WiseDefense+1","blackbeard:BoostMorale","blackbeard:Shrapnel","blackbeard:Salvager","blackbeard:Fencing+1","blackbeard:PirateEarring+1","Apotheosis+1"],"relics":["blackbeard:LoadTheCannons","Potion Belt","ZombieArmy","Replay:Wax Seal","Black Star","Hallownest:WatcherSealRelic","Membership Card","strawberrySpire:GlyphStone","vexMod:PlasmaPancake"],"acts_visited":["Menagerie:Menagerie","Hallownest:CityofTears"],"potions_floor_usage":[6,12,18,18],"damage_taken":[{"damage":1,"enemies":"Menagerie:2_RABBITS","floor":1,"turns":5},{"damage":0,"enemies":"Menagerie:StygianBoar","floor":2,"turns":2},{"damage":0,"enemies":"Menagerie:WhisperingWraith","floor":3,"turns":3},{"damage":11,"enemies":"Menagerie:RedMage","floor":5,"turns":5},{"damage":8,"enemies":"Menagerie:Hydra","floor":6,"turns":5},{"damage":17,"enemies":"Menagerie:VoidReaper","floor":8,"turns":7},{"damage":0,"enemies":"Hallownest:eliteVengeflyKing","floor":12,"turns":5},{"damage":15,"enemies":"Menagerie:Suneater","floor":16,"turns":9},{"damage":12,"enemies":"Hallownest:Guard_and_Sentry","floor":18,"turns":4},{"damage":1,"enemies":"Hallownest:Flukemon_and_Top","floor":20,"turns":5},{"damage":19,"enemies":"Hallownest:2_Husk_Sentries","floor":21,"turns":5},{"damage":16,"enemies":"Hallownest:3_Mistakes","floor":24,"turns":4}],"seed_played":"-6335580213130749865","potions_obtained":[{"floor":5,"key":"Block Potion"},{"floor":8,"key":"SkillPotion"},{"floor":12,"key":"Swift Potion"},{"floor":16,"key":"Explosive Potion"},{"floor":21,"key":"Strength Potion"}],"is_trial":false,"path_per_floor":["M","M","M","?","M","E","R","E","T","R","?","?","R","?","R","B",null,"M","?","M","M","$","R","M"],"character_chosen":"BLACKBEARD_CLASS","items_purchased":["Membership Card","strawberrySpire:GlyphStone","Apotheosis","vexMod:PlasmaPancake"],"campfire_rested":1,"item_purchase_floors":[22,22,22,22],"current_hp_per_floor":[63,63,63,40,29,21,21,4,4,25,18,18,18,18,18,3,54,42,42,41,22,28,28,12,12,12],"gold":159,"neow_bonus":"UPGRADE_CARD","is_daily":false,"chose_seed":false,"campfire_upgraded":4,"win_rate":0.0,"timestamp":1610622355,"path_taken":["M","M","?","?","?","E","R","E","T","R","?","?","R","?","R","BOSS","M","?","M","M","$","R","M"],"items_purchased_type":["Relic","Relic","Card","Relic"],"build_version":"2020-12-22","purchased_purges":1,"victory":false,"max_hp_per_floor":[71,71,71,71,71,71,71,71,71,71,71,71,71,71,71,71,71,71,71,71,71,77,77,77,77,77],"card_choices":[{"not_picked":["blackbeard:FieryDefense","blackbeard:InfiniteBarrage"],"picked":"blackbeard:RearmingStrike","floor":1},{"not_picked":["blackbeard:Spear","blackbeard:GoldenStrike"],"picked":"blackbeard:TacticalRetreat","floor":2},{"not_picked":["blackbeard:TerrorOfTheSeas","blackbeard:DeadlyArsenal"],"picked":"blackbeard:ChaoticDefense","floor":3},{"not_picked":["blackbeard:WiseDefense","blackbeard:PiratesWill"],"picked":"blackbeard:PirateEarring","floor":4},{"not_picked":["blackbeard:TacticalRetreat","blackbeard:BlindAttacks"],"picked":"blackbeard:CloakAndCannonball","floor":5},{"not_picked":["blackbeard:JollyRoger","blackbeard:FishingNets"],"picked":"blackbeard:BuriedTreasure","floor":6},{"not_picked":["blackbeard:PiratesWill","blackbeard:Parrot"],"picked":"blackbeard:Halberd","floor":8},{"not_picked":["blackbeard:Sword","blackbeard:TacticalRetreat"],"picked":"blackbeard:WiseDefense","floor":12},{"not_picked":["blackbeard:Parrot","blackbeard:BountyHunter"],"picked":"blackbeard:BoostMorale","floor":16},{"not_picked":["blackbeard:DeadlyArsenal","blackbeard:Dagger"],"picked":"blackbeard:Shrapnel","floor":18},{"not_picked":["blackbeard:GoldenStrike+1","blackbeard:DangerousBlow","blackbeard:DeadlyArsenal"],"picked":"SKIP","floor":20},{"not_picked":["blackbeard:SwordDance","blackbeard:BuriedTreasure"],"picked":"blackbeard:Salvager","floor":21}],"player_experience":2199773,"relics_obtained":[{"floor":8,"key":"Potion Belt"},{"floor":9,"key":"ZombieArmy"},{"floor":12,"key":"Replay:Wax Seal"}],"event_choices":[{"damage_healed":0,"gold_gain":0,"player_choice":"Help the mage","damage_taken":7,"max_hp_gain":0,"max_hp_loss":0,"event_name":"Menagerie:MageAndMonster","floor":11,"gold_loss":0,"cards_obtained":["Menagerie:Slaughter"]},{"damage_healed":0,"gold_gain":0,"player_choice":"Release","damage_taken":0,"max_hp_gain":0,"max_hp_loss":0,"event_name":"Menagerie:StasisChamber","floor":12,"gold_loss":0},{"damage_healed":0,"gold_gain":0,"player_choice":"Ignored","damage_taken":0,"max_hp_gain":0,"max_hp_loss":0,"event_name":"Menagerie:GrandMagusTower","floor":14,"gold_loss":0}],"is_beta":false,"boss_relics":[{"not_picked":["vexMod:NewClearReactor","aspiration:ServantSkillbook"],"picked":"Black Star"}],"items_purged_floors":[22],"is_endless":false,"potions_floor_spawned":[5,8,12,16,21],"killed_by":"Hallownest:3_Mistakes","ascension_level":15}}