{"host":"h1qktzcccqnez8tx","time":1610641714,"event":{"mods":["BaseMod","Block Reminder","Colored Map","Curses Come First","Downfall","Highlight Path","JesterMod","Minty Spire (QoL Compilation)","Permanent Neow","Relic Stats","Say the Spire","StSLib","The Blue Laboratory","The Marked"],"gold_per_floor":[115,132,142,161,0,30,30,30,30,30,65,65,80,97,97,192,192,209,229,328,328,341,341,295,322,322,335,335,348,358,283,283,283,283],"floor_reached":33,"language":"ENG","playtime":1445,"items_purged":["Guardian:Aged"],"score":279,"play_id":"f77cf9e4-f7d5-4167-846e-94790c1c929d","local_time":"20210114172834","is_ascension_mode":false,"campfire_choices":[{"data":"Poisoned Stab","floor":7,"key":"SMITH"},{"data":"Neutralize","floor":10,"key":"SMITH"},{"data":"Footwork","floor":12,"key":"SMITH"},{"floor":15,"key":"REST"},{"data":"Bane","floor":23,"key":"SMITH"},{"data":"Corpse Explosion","floor":28,"key":"SMITH"},{"floor":32,"key":"REST"}],"circlet_count":0,"master_deck":["Strike_G","Strike_G","Strike_G","Defend_G","Defend_G","Defend_G","Defend_G","Survivor","Neutralize+1","Underhanded Strike","Poisoned Stab+1","Eviscerate","Predator","Corpse Explosion+1","Underhanded Strike","Writhe","Footwork+1","Poisoned Stab","Prepared","Terror+1","Distraction+1","Slice+1","Deadly Poison+1","Dagger Throw","Bane+1","Acrobatics","PiercingWail","Finisher"],"relics":["Cursed Key","MealTicket","Letter Opener","Pocketwatch","Astrolabe","MutagenicStrength","Bag of Marbles","Ninja Scroll"],"acts_visited":["Exordium","TheCity"],"potions_floor_usage":[27,33,33],"damage_taken":[{"damage":0,"enemies":"Cultist","floor":1,"turns":5},{"damage":0,"enemies":"Small Slimes","floor":2,"turns":3},{"damage":4,"enemies":"Jaw Worm","floor":3,"turns":4},{"damage":0,"enemies":"Gremlin Gang","floor":4,"turns":5},{"damage":28,"enemies":"Gremlin Nob","floor":6,"turns":4},{"damage":16,"enemies":"Lagavulin","floor":11,"turns":5},{"damage":7,"enemies":"Looter","floor":13,"turns":2},{"damage":0,"enemies":"Blue Slaver","floor":14,"turns":3},{"damage":48,"enemies":"The Guardian","floor":16,"turns":10},{"damage":12,"enemies":"Spheric Guardian","floor":18,"turns":4},{"damage":7,"enemies":"Shell Parasite","floor":19,"turns":5},{"damage":7,"enemies":"Snecko","floor":22,"turns":4},{"damage":32,"enemies":"Book of Stabbing","floor":25,"turns":4},{"damage":10,"enemies":"Snake Plant","floor":27,"turns":3},{"damage":10,"enemies":"3 Cultists","floor":29,"turns":3},{"damage":0,"enemies":"Snecko","floor":30,"turns":2},{"damage":61,"enemies":"Collector","floor":33,"turns":7}],"seed_played":"-7599484757020709329","potions_obtained":[{"floor":3,"key":"blueLaboratory:FruitPreserves"},{"floor":4,"key":"Energy Potion"},{"floor":13,"key":"GamblersBrew"},{"floor":19,"key":"DuplicationPotion"},{"floor":27,"key":"blueLaboratory:ArtistsPotion"},{"floor":30,"key":"Fire Potion"}],"is_trial":false,"path_per_floor":["M","M","M","M","$","E","R","$","T","R","E","R","M","M","R","B",null,"M","M","?","?","M","R","$","E","T","M","R","M","M","$","R","B"],"character_chosen":"THE_SILENT","items_purchased":["Corpse Explosion","Acrobatics"],"campfire_rested":2,"item_purchase_floors":[5,24],"current_hp_per_floor":[70,70,66,66,66,38,38,53,53,53,37,37,30,30,51,3,70,58,51,51,51,44,44,59,27,27,35,35,25,25,40,61,0,0],"gold":283,"neow_bonus":"BOSS_RELIC","is_daily":false,"chose_seed":false,"campfire_upgraded":5,"win_rate":0.0,"timestamp":1610641714,"path_taken":["M","M","M","?","?","E","R","$","T","R","E","R","?","M","R","BOSS","M","M","?","?","?","R","$","E","T","?","R","M","M","$","R","BOSS"],"items_purchased_type":["Card","Card"],"build_version":"2020-12-22","purchased_purges":1,"victory":false,"max_hp_per_floor":[70,70,70,70,70,70,70,70,70,70,70,70,70,70,70,70,70,70,70,70,70,70,70,70,70,70,70,70,70,70,70,70,70,70],"relic_stats":{"counters":[17,73],"Astrolabe":["Terror","Distraction","Slice"],"MealTicket":45,"Letter Opener":[47],"Cursed Key":2,"obtain_stats":[{"Ninja Scroll":26,"Astrolabe":17,"MutagenicStrength":21,"MealTicket":6,"Bag of Marbles":25,"Letter Opener":9,"Cursed Key":0,"Ring of the Snake":0,"Pocketwatch":11},{"Ninja Scroll":13,"Astrolabe":9,"MutagenicStrength":11,"MealTicket":5,"Bag of Marbles":13,"Letter Opener":5,"Cursed Key":0,"Ring of the Snake":0,"Pocketwatch":6},{"Ninja Scroll":58,"Astrolabe":41,"MutagenicStrength":50,"MealTicket":21,"Bag of Marbles":58,"Letter Opener":21,"Cursed Key":0,"Ring of the Snake":0,"Pocketwatch":26}],"Pocketwatch":[42]},"card_choices":[{"not_picked":["Backflip","Well Laid Plans"],"picked":"Underhanded Strike","floor":1},{"not_picked":["Eviscerate","Distraction"],"picked":"Poisoned Stab","floor":2},{"not_picked":["Dodge and Roll","Expertise"],"picked":"Eviscerate","floor":3},{"not_picked":["Prepared","Acrobatics"],"picked":"Predator","floor":4},{"not_picked":["Masterful Stab","Slice"],"picked":"Underhanded Strike","floor":6},{"not_picked":["PiercingWail","Tactician"],"picked":"Footwork","floor":11},{"not_picked":["Bullet Time","Backflip"],"picked":"Poisoned Stab","floor":13},{"not_picked":["Flechettes","Slice"],"picked":"Prepared","floor":14},{"not_picked":["Dodge and Roll","Poisoned Stab+1"],"picked":"Deadly Poison+1","floor":18},{"not_picked":["Dodge and Roll+1","Escape Plan+1"],"picked":"Dagger Throw","floor":19},{"not_picked":["Blade Dance","Dagger Spray+1"],"picked":"Bane","floor":22},{"not_picked":["Quick Slash","Slice"],"picked":"PiercingWail","floor":25},{"not_picked":["Slice","Eviscerate","Quick Slash"],"picked":"SKIP","floor":27},{"not_picked":["Acrobatics","Venomology","Sucker Punch"],"picked":"SKIP","floor":29},{"not_picked":["Masterful Stab+1","Poisoned Stab+1"],"picked":"Finisher","floor":30}],"player_experience":44025,"relics_obtained":[{"floor":6,"key":"MealTicket"},{"floor":9,"key":"Letter Opener"},{"floor":11,"key":"Pocketwatch"},{"floor":25,"key":"Bag of Marbles"},{"floor":26,"key":"Ninja Scroll"}],"event_choices":[{"damage_healed":0,"gold_gain":99,"player_choice":"Stole From Cult","damage_taken":0,"max_hp_gain":0,"max_hp_loss":0,"event_name":"Nest","floor":20,"gold_loss":0},{"damage_healed":0,"gold_gain":0,"player_choice":"Inject Mutagens","damage_taken":0,"relics_obtained":["MutagenicStrength"],"max_hp_gain":0,"max_hp_loss":0,"event_name":"Drug Dealer","floor":21,"gold_loss":0}],"is_beta":false,"boss_relics":[{"not_picked":["Snecko Eye","Velvet Choker"],"picked":"Astrolabe"}],"items_purged_floors":[31],"is_endless":false,"potions_floor_spawned":[3,4,13,14,19,25,27,30],"killed_by":"Collector","ascension_level":0}}