{"host":"6h0diz2ap0m56grs","time":1610662820,"event":{"mods":["2.2 Compatiblity","BaseMod","Colored Map","Marisa????????","Minty Spire (QoL Compilation)","Quick Restart","Replay The Spire","Shop Mod","StSLib","The Servant 0.9.4"],"gold_per_floor":[113,130,130,56,74,107,133,167,167,194,194,208,208,250,250,389,389,425,319,73,16,51,51,102,148,148,197,197,245,289,336,336,460,460,466,466],"floor_reached":35,"language":"ENG","playtime":1142,"items_purged":[],"score":900,"play_id":"6bc1fb4a-79a2-41a7-9211-f4d1891a59ca","local_time":"20210114162020","daily_mods":["SealedDeck","Heirloom","Time Dilation","Flight"],"is_ascension_mode":true,"campfire_choices":[{"data":"Meditate","floor":13,"key":"SMITH"},{"data":"TalkToTheHand","floor":13,"key":"SMITH"},{"data":"Establishment","floor":15,"key":"SMITH"},{"data":"Tantrum","floor":15,"key":"SMITH"},{"data":"WaveOfTheHand","floor":23,"key":"SMITH"},{"data":"Protect","floor":23,"key":"SMITH"},{"data":"TalkToTheHand","floor":28,"key":"SMITH"},{"data":"Protect","floor":28,"key":"SMITH"},{"data":"Collect","floor":32,"key":"SMITH"},{"data":"Worship","floor":32,"key":"SMITH"}],"circlet_count":0,"master_deck":["Collect+1","BowlingBash","CarveReality","Sanctity","EmptyBody","Conclude+1","Protect+1","Worship+1","WaveOfTheHand+1","SandsOfTime+1","Tantrum+1","Meditate+1","BowlingBash+1","TalkToTheHand+1","Omniscience","Establishment+1","TalkToTheHand+1","Protect+1"],"relics":["Snecko Eye","Ring of Chaos","replay:Trail_Library","Replay:Arrowhead","Counterbalance","Incense Burner","ReplayTheSpireMod:Ninjato","Mummified Hand","Replay:Bandana","Philosopher\u0027s Stone","MerchantsRug","Divine Protection","Potion Belt","CloakClasp","Akabeko","Replay:Bottled Snecko","The Courier","CeramicFish","Blood Vial","Happy Flower","Runic Dome"],"acts_visited":["Exordium","TheCity","TheBeyond"],"potions_floor_usage":[16,31,31],"damage_taken":[{"damage":0,"enemies":"Jaw Worm","floor":1,"turns":2},{"damage":0,"enemies":"Small Slimes","floor":2,"turns":2},{"damage":0,"enemies":"Cultist","floor":5,"turns":2},{"damage":6,"enemies":"Lagavulin","floor":6,"turns":3},{"damage":0,"enemies":"Replay:BlueRogue","floor":7,"turns":2},{"damage":0,"enemies":"Gremlin Nob","floor":8,"turns":2},{"damage":0,"enemies":"Lagavulin","floor":10,"turns":2},{"damage":0,"enemies":"Exordium Thugs","floor":12,"turns":1},{"damage":0,"enemies":"Gremlin Nob","floor":14,"turns":1},{"damage":0,"enemies":"Fading Forest","floor":16,"turns":7},{"damage":0,"enemies":"3 Byrds","floor":18,"turns":2},{"damage":0,"enemies":"Shell Parasite","floor":22,"turns":3},{"damage":3,"enemies":"Replay:Snechameleon","floor":24,"turns":3},{"damage":0,"enemies":"Slavers","floor":25,"turns":2},{"damage":0,"enemies":"Replay:Snechameleon","floor":27,"turns":1},{"damage":0,"enemies":"Slavers","floor":29,"turns":2},{"damage":0,"enemies":"Gremlin Leader","floor":30,"turns":1},{"damage":0,"enemies":"Replay:Snechameleon","floor":31,"turns":2},{"damage":0,"enemies":"Collector","floor":33,"turns":5},{"damage":0,"enemies":"3 Darklings","floor":35,"turns":1}],"seed_played":"2973075655048386843","potions_obtained":[{"floor":1,"key":"SpeedPotion"},{"floor":5,"key":"Flashbang"},{"floor":7,"key":"AttackPotion"},{"floor":10,"key":"Strength Potion"},{"floor":14,"key":"PowerPotion"},{"floor":24,"key":"Dexterity Potion"},{"floor":25,"key":"Energy Potion"},{"floor":29,"key":"LiquidMemories"},{"floor":33,"key":"DuplicationPotion"}],"is_trial":true,"path_per_floor":["M","M","?","$","M","E","E","E","T","E","?","M","R","E","R","B",null,"M","$","$","?","M","R","E","E","T","E","R","E","E","E","R","B",null,"M"],"character_chosen":"WATCHER","items_purchased":["Tantrum","MerchantsRug","Divine Protection"],"campfire_rested":0,"item_purchase_floors":[4,19,20],"current_hp_per_floor":[72,72,72,72,72,66,66,66,66,66,33,33,33,33,33,33,72,72,72,72,72,72,72,69,69,69,69,69,69,69,71,71,72,72,72,72],"gold":466,"neow_bonus":"","is_daily":false,"chose_seed":false,"campfire_upgraded":10,"win_rate":0.0,"timestamp":1610662820,"path_taken":["M","M","?","$","M","E","E","E","T","E","?","M","R","E","R","BOSS","M","$","$","?","?","R","E","E","T","E","R","E","E","E","R","BOSS","M"],"items_purchased_type":["Card","Relic","Relic"],"build_version":"2020-12-22","purchased_purges":0,"victory":false,"max_hp_per_floor":[72,72,72,72,72,72,72,72,72,72,72,72,72,72,72,72,72,72,72,72,72,72,72,72,72,72,72,72,72,72,72,72,72,72,72,72],"card_choices":[{"not_picked":["InnerPeace","JustLucky","CutThroughFate"],"picked":"SKIP","floor":1},{"not_picked":["CutThroughFate","EmptyBody","EmptyFist"],"picked":"SKIP","floor":2},{"not_picked":["Worship","Tantrum","FlyingSleeves"],"picked":"SKIP","floor":5},{"not_picked":["CrushJoints","TalkToTheHand"],"picked":"Meditate","floor":6},{"not_picked":["DeceiveReality","ThirdEye","Halt"],"picked":"SKIP","floor":7},{"not_picked":["Study","CutThroughFate"],"picked":"BowlingBash","floor":8},{"not_picked":["JustLucky","Vengeance"],"picked":"TalkToTheHand","floor":10},{"not_picked":["Pray","Replay:ManipulateFuture","Consecrate"],"picked":"SKIP","floor":12},{"not_picked":["Consecrate","WaveOfTheHand"],"picked":"Establishment","floor":14},{"not_picked":["Prostrate","CrushJoints","WreathOfFlame"],"picked":"SKIP","floor":18},{"not_picked":["FearNoEvil","CarveReality"],"picked":"TalkToTheHand","floor":22},{"not_picked":["CrushJoints","Nirvana+1"],"picked":"Protect","floor":24},{"not_picked":["Study","JustLucky+1","WreathOfFlame"],"picked":"SKIP","floor":25},{"not_picked":["FlyingSleeves","WindmillStrike+1","JustLucky"],"picked":"SKIP","floor":27},{"not_picked":["Replay:Hum","Prostrate","BattleHymn"],"picked":"SKIP","floor":29},{"not_picked":["CrushJoints","Replay:BluntJabs+1","ThirdEye+1"],"picked":"SKIP","floor":30},{"not_picked":["BowlingBash","Collect+1","Fasting2"],"picked":"SKIP","floor":31}],"player_experience":176266,"relics_obtained":[{"floor":6,"key":"Counterbalance"},{"floor":7,"key":"Regal Pillow"},{"floor":8,"key":"Incense Burner"},{"floor":9,"key":"ReplayTheSpireMod:Ninjato"},{"floor":10,"key":"Mummified Hand"},{"floor":14,"key":"Whetstone"},{"floor":24,"key":"CloakClasp"},{"floor":25,"key":"Akabeko"},{"floor":26,"key":"Replay:Bottled Snecko"},{"floor":27,"key":"The Courier"},{"floor":29,"key":"CeramicFish"},{"floor":30,"key":"Blood Vial"},{"floor":31,"key":"Happy Flower"}],"event_choices":[{"damage_healed":0,"gold_gain":0,"player_choice":"Grow","damage_taken":0,"max_hp_gain":0,"max_hp_loss":0,"event_name":"Living Wall","floor":3,"gold_loss":0,"cards_upgraded":["SandsOfTime"]},{"damage_healed":0,"gold_gain":0,"player_choice":"Success","damage_taken":33,"relics_obtained":["Replay:Bandana"],"max_hp_gain":0,"max_hp_loss":0,"event_name":"Scrap Ooze","floor":11,"gold_loss":0},{"damage_healed":0,"gold_gain":0,"player_choice":"Paid Gold","damage_taken":0,"relics_obtained":["Potion Belt"],"max_hp_gain":0,"max_hp_loss":0,"event_name":"WeMeetAgain","floor":21,"gold_loss":57}],"is_beta":false,"boss_relics":[{"not_picked":["Calling Bell","Replay:Wanted Poster"],"picked":"Philosopher\u0027s Stone"},{"not_picked":["Ring of Chaos","Tiny House"],"picked":"Runic Dome"}],"items_purged_floors":[],"is_endless":false,"potions_floor_spawned":[1,5,7,10,14,24,25,29,33],"killed_by":"3 Darklings","ascension_level":1}}