{"host":"qm4rv4rkpk76sbxu","time":1610649900,"event":{"mods":["BaseMod","Bestiary","Block Reminder","DeckTracker","Filter the Spire","Keyboard Shortcuts","Minty Spire (QoL Compilation)","MonsterHotkey","Quick Restart","Relic Stats","Slay-I","StSLib","ojb\u0027s Better Paths Mod","ojb\u0027s Info Mod"],"gold_per_floor":[144,319,269,344,24,52,76,117,142,142,175,175,30,89,89,194,194,242,242,28,101,101,132,132,159,159,159,236,24,55,99,99,203,203,273,1272,1283,1283,1283,1313,1323,1355,1355,1382,1382,1408,1420,368,368,368,368,368,28,59,59],"floor_reached":56,"language":"ENG","playtime":3472,"items_purged":["Strike_P","Normality","Strike_P"],"score":1538,"play_id":"882f8e71-4ed0-4044-8f5e-d7d8780e84db","local_time":"20210114194500","is_ascension_mode":true,"campfire_choices":[{"floor":10.0,"key":"REST"},{"data":"Wish","floor":12.0,"key":"SMITH"},{"floor":15.0,"key":"REST"},{"data":"WaveOfTheHand","floor":24.0,"key":"SMITH"},{"floor":27.0,"key":"REST"},{"data":"WheelKick","floor":32.0,"key":"SMITH"},{"data":"Normality","floor":45.0,"key":"PURGE"},{"floor":49.0,"key":"RECALL"},{"data":"Apotheosis","floor":52.0,"key":"SMITH"}],"circlet_count":0,"master_deck":["Strike_P+1","Strike_P","Defend_P","Defend_P","Defend_P","Defend_P","Eruption+1","Vigilance","Wish+1","CrushJoints+1","ThirdEye","FearNoEvil","Wish+1","Consecrate","Nirvana","WaveOfTheHand+1","BattleHymn","Wallop","JustLucky","Wireheading","Tantrum+1","Panacea","WheelKick+1","Vault","Master of Strategy","Secret Technique","Madness","Madness","TalkToTheHand","Wallop","Apotheosis+1","ThirdEye+1","CutThroughFate+1","ForeignInfluence+1","Finesse"],"relics":["PureWater","White Beast Statue","Sundial","Oddly Smooth Stone","Smiling Mask","Whetstone","DollysMirror","Blood Vial","SacredBark","PreservedInsect","Bottled Tornado","Dream Catcher","Singing Bowl","Damaru","Philosopher\u0027s Stone","Bottled Flame","Peace Pipe","Meat on the Bone","Bag of Preparation","Pear","CaptainsWheel","Orrery","Kunai","Ornamental Fan"],"acts_visited":["Exordium","TheCity","TheBeyond","TheEnding"],"potions_floor_usage":[55,55,55],"damage_taken":[{"damage":5.0,"enemies":"Small Slimes","floor":1.0,"turns":4.0},{"damage":22.0,"enemies":"3 Sentries","floor":6.0,"turns":10.0},{"damage":3.0,"enemies":"Jaw Worm","floor":8.0,"turns":3.0},{"damage":0.0,"enemies":"Lagavulin","floor":11.0,"turns":4.0},{"damage":29.0,"enemies":"3 Sentries","floor":14.0,"turns":9.0},{"damage":16.0,"enemies":"Hexaghost","floor":16.0,"turns":8.0},{"damage":8.0,"enemies":"Chosen","floor":18.0,"turns":6.0},{"damage":41.0,"enemies":"Spheric Guardian","floor":21.0,"turns":12.0},{"damage":4.0,"enemies":"Book of Stabbing","floor":23.0,"turns":5.0},{"damage":0.0,"enemies":"Gremlin Leader","floor":25.0,"turns":4.0},{"damage":1.0,"enemies":"3 Cultists","floor":28.0,"turns":5.0},{"damage":16.0,"enemies":"Book of Stabbing","floor":30.0,"turns":4.0},{"damage":13.0,"enemies":"Snake Plant","floor":31.0,"turns":6.0},{"damage":11.0,"enemies":"Collector","floor":33.0,"turns":5.0},{"damage":5.0,"enemies":"Orb Walker","floor":35.0,"turns":3.0},{"damage":17.0,"enemies":"3 Darklings","floor":37.0,"turns":5.0},{"damage":10.0,"enemies":"Nemesis","floor":40.0,"turns":8.0},{"damage":8.0,"enemies":"Transient","floor":41.0,"turns":6.0},{"damage":5.0,"enemies":"Giant Head","floor":42.0,"turns":6.0},{"damage":2.0,"enemies":"Reptomancer","floor":44.0,"turns":5.0},{"damage":31.0,"enemies":"Nemesis","floor":46.0,"turns":7.0},{"damage":3.0,"enemies":"Writhing Mass","floor":47.0,"turns":6.0},{"damage":6.0,"enemies":"Donu and Deca","floor":50.0,"turns":9.0},{"damage":21.0,"enemies":"Shield and Spear","floor":54.0,"turns":5.0},{"damage":45,"enemies":"The Heart","floor":55,"turns":11}],"seed_played":"-1055782065470477356","potions_obtained":[{"floor":6.0,"key":"Weak Potion"},{"floor":8.0,"key":"ColorlessPotion"},{"floor":11.0,"key":"CultistPotion"},{"floor":14.0,"key":"SpeedPotion"},{"floor":16.0,"key":"SkillPotion"},{"floor":18.0,"key":"FearPotion"},{"floor":21.0,"key":"ColorlessPotion"},{"floor":23.0,"key":"DuplicationPotion"},{"floor":25.0,"key":"SneckoOil"},{"floor":28.0,"key":"Strength Potion"},{"floor":30.0,"key":"Ancient Potion"},{"floor":31.0,"key":"Strength Potion"},{"floor":33.0,"key":"ColorlessPotion"},{"floor":35.0,"key":"Dexterity Potion"},{"floor":37.0,"key":"SkillPotion"},{"floor":40.0,"key":"BlessingOfTheForge"},{"floor":41.0,"key":"Energy Potion"},{"floor":42.0,"key":"ColorlessPotion"},{"floor":44.0,"key":"ColorlessPotion"},{"floor":46.0,"key":"Dexterity Potion"},{"floor":47.0,"key":"GamblersBrew"}],"is_trial":false,"path_per_floor":["M","?","?","?","$","E","T","M","T","R","E","R","$","E","R","B",null,"M","?","$","M","?","E","R","E","T","R","M","$","E","M","R","B",null,"M","?","M","?","?","E","M","E","T","E","R","E","M","$","R","B",null,"R","$","E","B",null],"character_chosen":"WATCHER","items_purchased":["White Beast Statue","Regen Potion","DollysMirror","PreservedInsect","WaveOfTheHand","Panacea","WheelKick","Apotheosis","Pear","CaptainsWheel","Strength Potion","Orrery","Finesse","Kunai","Dexterity Potion"],"campfire_rested":3,"item_purchase_floors":[5,5,13,20,20,29,29,48,48,48,48,48,48,53,53],"current_hp_per_floor":[46,46,46,35,35,28,28,25,25,46,46,46,46,17,38,24,72,64,64,64,25,25,23,23,25,25,46,49,49,37,28,28,19,78,75,75,62,54,43,37,33,30,30,30,30,15,28,42,42,50,106,106,106,87,56],"gold":59,"neow_bonus":"THREE_RARE_CARDS","is_daily":false,"chose_seed":false,"campfire_upgraded":4,"win_rate":0.0,"timestamp":1610649900,"path_taken":["M","?","?","?","$","E","?","?","T","R","E","R","?","E","R","BOSS","M","?","?","M","?","E","R","E","T","R","M","?","E","?","R","BOSS","M","?","M","?","?","E","M","E","T","E","R","E","M","?","R","BOSS","R","$","E","BOSS"],"items_purchased_type":["Relic","Potion","Relic","Relic","Card","Card","Card","Card","Relic","Relic","Potion","Relic","Card","Relic","Potion"],"build_version":"2020-12-22","purchased_purges":3,"victory":true,"max_hp_per_floor":[72,72,72,72,72,72,72,72,72,72,72,72,72,72,72,72,72,72,72,72,72,72,72,72,72,72,72,74,74,76,78,78,78,78,80,80,82,84,84,86,88,88,88,88,88,90,92,106,106,106,106,106,106,108,108],"relic_stats":{"Singing Bowl":26,"counters":[25,156],"PreservedInsect":469,"Bag of Preparation":[8],"Whetstone":["CrushJoints","Strike_P"],"Smiling Mask":150,"Blood Vial":34,"Peace Pipe":1,"Dream Catcher":1,"Sundial":[16],"Ornamental Fan":[32],"Kunai":[11],"obtain_stats":[{"Pear":48,"Singing Bowl":26,"SacredBark":17,"Oddly Smooth Stone":7,"Damaru":30,"PreservedInsect":20,"Bag of Preparation":46,"Whetstone":11,"Bottled Tornado":23,"Smiling Mask":9,"White Beast Statue":5,"Blood Vial":14,"Peace Pipe":42,"Dream Catcher":25,"Bottled Flame":40,"CaptainsWheel":48,"Sundial":6,"DollysMirror":13,"Ornamental Fan":54,"Orrery":48,"Philosopher\u0027s Stone":34,"Kunai":53,"PureWater":0,"Meat on the Bone":44},{"Pear":22,"Singing Bowl":10,"SacredBark":6,"Oddly Smooth Stone":2,"Damaru":12,"PreservedInsect":7,"Bag of Preparation":21,"Whetstone":4,"Bottled Tornado":9,"Smiling Mask":3,"White Beast Statue":1,"Blood Vial":5,"Peace Pipe":19,"Dream Catcher":10,"Bottled Flame":17,"CaptainsWheel":22,"Sundial":2,"DollysMirror":4,"Ornamental Fan":24,"Orrery":22,"Philosopher\u0027s Stone":14,"Kunai":23,"PureWater":0,"Meat on the Bone":20},{"Pear":131,"Singing Bowl":65,"SacredBark":38,"Oddly Smooth Stone":14,"Damaru":74,"PreservedInsect":44,"Bag of Preparation":125,"Whetstone":21,"Bottled Tornado":61,"Smiling Mask":17,"White Beast Statue":4,"Blood Vial":30,"Peace Pipe":113,"Dream Catcher":65,"Bottled Flame":101,"CaptainsWheel":131,"Sundial":14,"DollysMirror":21,"Ornamental Fan":145,"Orrery":131,"Philosopher\u0027s Stone":85,"Kunai":140,"PureWater":0,"Meat on the Bone":118}],"Meat on the Bone":48},"card_choices":[{"not_picked":["Establishment","ConjureBlade"],"picked":"Wish","floor":0.0},{"not_picked":["Evaluate","EmptyMind"],"picked":"CrushJoints","floor":1.0},{"not_picked":["Evaluate","Crescendo","FollowUp"],"picked":"SKIP","floor":6.0},{"not_picked":["Protect","Prostrate"],"picked":"ThirdEye","floor":8.0},{"not_picked":["Fasting2","Pray"],"picked":"FearNoEvil","floor":11.0},{"not_picked":["Crescendo","EmptyBody"],"picked":"Consecrate","floor":14.0},{"not_picked":["EmptyBody","Conclude"],"picked":"Nirvana","floor":18.0},{"not_picked":["Protect","Perseverance"],"picked":"BattleHymn","floor":21.0},{"not_picked":["LikeWater","WreathOfFlame"],"picked":"JustLucky","floor":23.0},{"not_picked":["SignatureMove+1","Consecrate"],"picked":"Wireheading","floor":25.0},{"not_picked":["Consecrate","Brilliance"],"picked":"Tantrum+1","floor":27.0},{"not_picked":["Consecrate","ClearTheMind","Crescendo"],"picked":"Singing Bowl","floor":28.0},{"not_picked":["SashWhip","Blasphemy","WaveOfTheHand"],"picked":"Singing Bowl","floor":30.0},{"not_picked":["FollowUp+1","Wireheading","SignatureMove"],"picked":"Singing Bowl","floor":31.0},{"not_picked":["ConjureBlade","Establishment"],"picked":"Vault","floor":33.0},{"not_picked":["EmptyFist+1","BowlingBash","JustLucky+1"],"picked":"Singing Bowl","floor":35.0},{"not_picked":["SashWhip","FlyingSleeves+1","Consecrate+1"],"picked":"Singing Bowl","floor":37.0},{"not_picked":["Violence","Magnetism"],"picked":"Master of Strategy","floor":38.0},{"not_picked":["Master of Strategy","Swift Strike"],"picked":"Secret Technique","floor":38.0},{"not_picked":["Purity","Deep Breath","Panacea"],"picked":"Singing Bowl","floor":38.0},{"not_picked":["Protect","EmptyFist+1","FollowUp+1"],"picked":"Singing Bowl","floor":40.0},{"not_picked":["Protect+1","FollowUp+1","Study+1"],"picked":"Singing Bowl","floor":41.0},{"not_picked":["EmptyMind","FlyingSleeves"],"picked":"TalkToTheHand","floor":42.0},{"not_picked":["EmptyBody","PathToVictory"],"picked":"Wallop","floor":44.0},{"not_picked":["Halt+1","Evaluate+1","FollowUp"],"picked":"Singing Bowl","floor":46.0},{"not_picked":["Prostrate+1","PathToVictory+1","Judgement"],"picked":"Singing Bowl","floor":47.0},{"not_picked":["Halt","Evaluate","Consecrate"],"picked":"Singing Bowl","floor":48.0},{"not_picked":["FollowUp+1","Halt"],"picked":"ThirdEye+1","floor":48.0},{"not_picked":["EmptyFist","Nirvana+1"],"picked":"CutThroughFate+1","floor":48.0},{"not_picked":["Wish","EmptyFist"],"picked":"ForeignInfluence+1","floor":48.0},{"not_picked":["Crescendo+1","Collect","PathToVictory"],"picked":"Singing Bowl","floor":48.0},{"not_picked":["FlurryOfBlows","SashWhip+1","CrushJoints"],"picked":"Singing Bowl","floor":54}],"player_experience":1298773,"relics_obtained":[{"floor":6.0,"key":"Sundial"},{"floor":7.0,"key":"Oddly Smooth Stone"},{"floor":9.0,"key":"Smiling Mask"},{"floor":11.0,"key":"Whetstone"},{"floor":14.0,"key":"Blood Vial"},{"floor":23.0,"key":"Bottled Tornado"},{"floor":25.0,"key":"Dream Catcher"},{"floor":26.0,"key":"Singing Bowl"},{"floor":30.0,"key":"Damaru"},{"floor":40.0,"key":"Bottled Flame"},{"floor":42.0,"key":"Peace Pipe"},{"floor":44.0,"key":"Meat on the Bone"},{"floor":46.0,"key":"Bag of Preparation"},{"floor":54,"key":"Ornamental Fan"}],"event_choices":[{"damage_healed":0.0,"max_hp_gain":0.0,"max_hp_loss":0.0,"gold_gain":175.0,"event_name":"Liars Game","player_choice":"AGREE","floor":2.0,"gold_loss":0.0,"damage_taken":0.0,"cards_obtained":["Doubt"]},{"cards_removed":["Doubt"],"damage_healed":0.0,"max_hp_gain":0.0,"max_hp_loss":0.0,"gold_gain":0.0,"event_name":"The Cleric","player_choice":"Card Removal","floor":3.0,"gold_loss":50.0,"damage_taken":0.0},{"damage_healed":0.0,"max_hp_gain":0.0,"max_hp_loss":0.0,"gold_gain":75.0,"event_name":"World of Goop","player_choice":"Gather Gold","floor":4.0,"gold_loss":0.0,"damage_taken":11.0},{"damage_healed":0.0,"max_hp_gain":0.0,"max_hp_loss":0.0,"gold_gain":0.0,"event_name":"Upgrade Shrine","player_choice":"Upgraded","floor":19.0,"gold_loss":0.0,"damage_taken":0.0,"cards_upgraded":["Eruption"]},{"damage_healed":0.0,"max_hp_gain":0.0,"max_hp_loss":0.0,"gold_gain":0.0,"event_name":"The Library","player_choice":"Read","floor":22.0,"gold_loss":0.0,"damage_taken":0.0,"cards_obtained":["Wallop"]},{"damage_healed":0.0,"max_hp_gain":0.0,"max_hp_loss":0.0,"gold_gain":999.0,"event_name":"MindBloom","player_choice":"Gold","floor":36.0,"gold_loss":0.0,"damage_taken":0.0,"cards_obtained":["Normality","Normality"]},{"damage_healed":0.0,"max_hp_gain":0.0,"max_hp_loss":0.0,"gold_gain":0.0,"event_name":"SensoryStone","player_choice":"Memory 3","floor":38.0,"gold_loss":0.0,"damage_taken":10.0},{"damage_healed":0.0,"max_hp_gain":0.0,"max_hp_loss":0.0,"gold_gain":0.0,"event_name":"Winding Halls","player_choice":"Embrace Madness","floor":39.0,"gold_loss":0.0,"damage_taken":11.0,"cards_obtained":["Madness","Madness"]}],"is_beta":false,"boss_relics":[{"not_picked":["Snecko Eye","Calling Bell"],"picked":"SacredBark"},{"not_picked":["Velvet Choker","Tiny House"],"picked":"Philosopher\u0027s Stone"}],"items_purged_floors":[29,48,53],"is_endless":false,"potions_floor_spawned":[6,8,11,14,16,18,21,23,25,28,30,31,33,35,37,40,41,42,44,46,47,54],"ascension_level":1}}