{"host":"gsu59bb6ixcbb7gk","time":1610662903,"event":{"mods":["BaseMod","Colored Powertips","Downfall","Googly Eyes","Infinite Spire","Minty Spire (QoL Compilation)","Replay The Spire","StSLib"],"gold_per_floor":[110,285,298,69,87,87,87,119,144,175,189,189,37,37,37,163,163,182,182,182,197,287,325,343,29,29,48,91,112,147,160,160,288,288,301,314,314,337,0,31,31,75,75,108,68,68,91,106,106,236,236,249,253,264,264,273,288,308,329,329,329,41,45,57,57,170,257,257,267,264,264,259,268,287,68,45,45],"floor_reached":76,"language":"ENG","playtime":6155,"items_purged":["Doubt","Injury","Defend_B"],"score":1169,"play_id":"7751eb4c-0516-438b-b309-94902311ed61","local_time":"20210114172143","is_ascension_mode":true,"campfire_choices":[{"data":"Blizzard","floor":6.0,"key":"SMITH"},{"data":"Coolheaded","floor":15.0,"key":"SMITH"},{"floor":32.0,"key":"REST"},{"floor":41.0,"key":"REST"},{"floor":49.0,"key":"RECALL"},{"floor":61.0,"key":"REST"}],"circlet_count":0,"master_deck":["Defend_B","Defend_B","Defend_B","Dualcast","Chill","Blizzard+1","Cold Snap","Capacitor","Coolheaded+1","Iron Wave","Fission","Bite","Bite","Bite","Bite","Bite","infinitespire:Collect","Cold Snap+1","Redo+1","Mirror Shield+1","Loop","Coolheaded+1","Parasite","Loop","infinitespire:TheBestDefense+1","Sweeping Beam","Storm","Panic Button+1","Electrodynamics","BasicCrystalCard+1","Echo Form","ReplayRNGCard+1","Tempest+1","Chaos+1","Static Discharge"],"relics":["Cracked Core","NeowsBlessing","Replay:Wax Seal","InkBottle","Pear","Geode","Replay:Antivirus Software","Golden Idol","Toxic Egg 2","Symbiotic Virus","infinitespire:Beetle Shell","Cables","Replay:Baseball","Ancient Tea Set","Fusion Hammer","Red Mask","Potion Belt","Mercury Hourglass","Molten Egg 2","infinitespire:Lucky Rock","Replay:Bottled Flurry","Black Star","Onion Ring","infinitespire:Freezer","HornCleat","infinitespire:ShieldingShard","infinitespire:BottledMercury","Replay:Accelerometer","FossilizedHelix","Inserter","Carrot","Nunchaku","Chemical X"],"acts_visited":["Exordium","TheCity","TheBeyond","Exordium","TheCity"],"potions_floor_usage":[76,76,76,76],"damage_taken":[{"damage":0.0,"enemies":"2 Louse","floor":1.0,"turns":1.0},{"damage":0.0,"enemies":"Jaw Worm","floor":3.0,"turns":1.0},{"damage":0.0,"enemies":"Cultist","floor":5.0,"turns":1.0},{"damage":21.0,"enemies":"3 Sentries","floor":8.0,"turns":7.0},{"damage":15.0,"enemies":"Gremlin Nob","floor":10.0,"turns":5.0},{"damage":2.0,"enemies":"2 Fungi Beasts","floor":11.0,"turns":2.0},{"damage":27.0,"enemies":"Fading Forest","floor":16.0,"turns":11.0},{"damage":10.0,"enemies":"3 Byrds","floor":18.0,"turns":6.0},{"damage":9.0,"enemies":"2 Thieves","floor":21.0,"turns":4.0},{"damage":27.0,"enemies":"Book of Stabbing","floor":23.0,"turns":8.0},{"damage":17.0,"enemies":"Shelled Parasite and Fungi","floor":24.0,"turns":6.0},{"damage":2.0,"enemies":"Snecko","floor":27.0,"turns":6.0},{"damage":12.0,"enemies":"Gremlin Leader","floor":28.0,"turns":6.0},{"damage":15.0,"enemies":"Centurion and Healer","floor":29.0,"turns":4.0},{"damage":26.0,"enemies":"Slavers","floor":30.0,"turns":6.0},{"damage":4.0,"enemies":"3 Cultists","floor":31.0,"turns":5.0},{"damage":18.0,"enemies":"Champ","floor":33.0,"turns":14.0},{"damage":19.0,"enemies":"3 Darklings","floor":35.0,"turns":4.0},{"damage":0.0,"enemies":"Orb Walker","floor":36.0,"turns":3.0},{"damage":15.0,"enemies":"Writhing Mass","floor":38.0,"turns":6.0},{"damage":17.0,"enemies":"Nemesis","floor":40.0,"turns":11.0},{"damage":44.0,"enemies":"Nightmare","floor":42.0,"turns":11.0},{"damage":0.0,"enemies":"R_Hoarder","floor":44.0,"turns":9.0},{"damage":4.0,"enemies":"3 Darklings","floor":47.0,"turns":4.0},{"damage":5.0,"enemies":"Jaw Worm Horde","floor":48.0,"turns":2.0},{"damage":0.0,"enemies":"Replay:Hell Engine","floor":50.0,"turns":10.0},{"damage":3.0,"enemies":"Jaw Worm","floor":52.0,"turns":2.0},{"damage":0.0,"enemies":"Cultist","floor":53.0,"turns":2.0},{"damage":3.0,"enemies":"2 Louse","floor":54.0,"turns":2.0},{"damage":1.0,"enemies":"Looter","floor":56.0,"turns":2.0},{"damage":29.0,"enemies":"Lagavulin","floor":57.0,"turns":4.0},{"damage":0.0,"enemies":"3 Louse","floor":58.0,"turns":1.0},{"damage":12.0,"enemies":"Gremlin Nob","floor":59.0,"turns":4.0},{"damage":0.0,"enemies":"Blue Slaver","floor":63.0,"turns":2.0},{"damage":0.0,"enemies":"2 Fungi Beasts","floor":64.0,"turns":2.0},{"damage":19.0,"enemies":"Hexaghost","floor":67.0,"turns":7.0},{"damage":0.0,"enemies":"3 Byrds","floor":69.0,"turns":2.0},{"damage":1.0,"enemies":"Shell Parasite","floor":70.0,"turns":5.0},{"damage":0.0,"enemies":"Centurion and Healer","floor":71.0,"turns":2.0},{"damage":0.0,"enemies":"Snecko","floor":72.0,"turns":4.0},{"damage":0.0,"enemies":"3 Cultists","floor":73.0,"turns":3.0},{"damage":0.0,"enemies":"Replay:Snechameleon","floor":74.0,"turns":4.0},{"damage":77,"enemies":"Nightmare_Alpha","floor":76,"turns":5}],"seed_played":"-5289788241113722430","potions_obtained":[{"floor":3.0,"key":"DuplicationPotion"},{"floor":8.0,"key":"Ancient Potion"},{"floor":10.0,"key":"AttackPotion"},{"floor":16.0,"key":"Fruit Juice"},{"floor":18.0,"key":"LifebloodPotion"},{"floor":23.0,"key":"Fire Potion"},{"floor":31.0,"key":"Explosive Potion"},{"floor":33.0,"key":"PowerPotion"},{"floor":35.0,"key":"SkillPotion"},{"floor":44.0,"key":"CultistPotion"},{"floor":47.0,"key":"FocusPotion"},{"floor":52.0,"key":"Weak Potion"},{"floor":58.0,"key":"Adrenaline Potion"},{"floor":64.0,"key":"Regen Potion"},{"floor":67.0,"key":"Strength Potion"},{"floor":69.0,"key":"Swift Potion"},{"floor":70.0,"key":"champ:CounterPotion"},{"floor":74.0,"key":"PotionOfCapacity"}],"is_trial":false,"path_per_floor":["M","?","M","$","M","R","T","E","T","E","M","?","$","?","R","B",null,"M","?","AVR","M","?","E","M","$","T","M","E","M","E","M","R","B",null,"M","M","?","M","?","E","R","NM","T","E","$","AVR","M","M","R","B",null,"M","M","M","?","M","E","M","E","T","R","$","M","M","?","R","B",null,"M","M","M","M","M","E","$","NM"],"character_chosen":"DEFECT","items_purchased":["Blizzard","Replay:Wax Seal","Coolheaded","Mirror Shield+1","infinitespire:Beetle Shell","Storm","FossilizedHelix","Chemical X","Static Discharge"],"campfire_rested":3,"item_purchase_floors":[4,4,13,25,25,45,62,75,75],"current_hp_per_floor":[75,75,75,75,75,75,75,64,64,49,47,47,47,47,47,35,90,80,62,62,61,49,29,29,29,29,43,40,40,30,42,60,62,62,50,56,56,59,59,58,62,38,38,59,59,59,60,60,60,62,62,59,62,59,59,60,39,39,35,35,53,53,62,62,62,62,62,62,62,61,62,62,62,62,62,0,0],"gold":45,"neow_bonus":"THREE_ENEMY_KILL","is_daily":false,"chose_seed":false,"campfire_upgraded":2,"win_rate":0.0,"timestamp":1610662903,"path_taken":["M","?","M","$","M","R","?","E","T","E","M","?","$","?","R","BOSS","M","?","AVR","M","?","E","M","$","T","?","E","M","E","?","R","BOSS","M","M","?","M","?","E","R","NM","T","E","?","AVR","M","M","R","BOSS","M","M","M","?","M","E","?","E","T","R","$","M","M","?","R","BOSS","M","M","M","M","M","E","$","NM"],"items_purchased_type":["Card","Relic","Card","Card","Relic","Card","Relic","Relic","Card"],"build_version":"2020-12-22","purchased_purges":3,"victory":false,"max_hp_per_floor":[75,75,75,75,75,75,75,85,85,85,85,85,85,85,85,90,90,90,62,62,62,62,62,62,62,62,62,62,62,62,62,62,62,62,62,62,62,62,62,62,62,62,62,62,62,62,62,62,62,62,62,62,62,62,62,62,62,62,62,62,62,62,62,62,62,62,62,62,62,62,62,62,62,62,62,62,62],"card_choices":[{"not_picked":["Time Bomb","Melter"],"picked":"Chill","floor":1.0},{"not_picked":["Stack","Leap","Turbo"],"picked":"SKIP","floor":3.0},{"not_picked":["ReplayTheSpireMod:Repulse","ReplayTheSpireMod:System Scan","Ball Lightning"],"picked":"SKIP","floor":5.0},{"not_picked":["Sweeping Beam","Reprogram"],"picked":"Cold Snap","floor":8.0},{"not_picked":["Heatsinks","Steam","Crystallizer"],"picked":"SKIP","floor":10.0},{"not_picked":["Stack","Multi-Cast"],"picked":"Capacitor","floor":11.0},{"not_picked":["Machine Learning","Echo Form"],"picked":"Fission","floor":16.0},{"not_picked":["Go for the Eyes","Conserve Battery","Rebound"],"picked":"SKIP","floor":18.0},{"not_picked":["Steam Power+1","Rebound","Crystallizer+1"],"picked":"SKIP","floor":21.0},{"not_picked":["Steam Power+1","Electrodynamics"],"picked":"Cold Snap+1","floor":23.0},{"not_picked":["Panic Button+1","Go for the Eyes"],"picked":"Redo+1","floor":24.0},{"not_picked":["ReplayTheSpireMod:System Scan+1","Reprogram+1","ReplaySort+1"],"picked":"SKIP","floor":27.0},{"not_picked":["Leap+1","Gash","ReplayTheSpireMod:System Scan+1"],"picked":"SKIP","floor":28.0},{"not_picked":["Conserve Battery+1","Hologram+1","Glacier+1"],"picked":"SKIP","floor":29.0},{"not_picked":["White Noise+1","Streamline"],"picked":"Loop","floor":30.0},{"not_picked":["Steam+1","Go for the Eyes","Streamline"],"picked":"SKIP","floor":31.0},{"not_picked":["Chaos+1","Leap+1","Fusion+1"],"picked":"SKIP","floor":35.0},{"not_picked":["Beam Cell+1","ReplayGash"],"picked":"Coolheaded+1","floor":36.0},{"not_picked":["Replay:BasicMightCard","expansioncontent:TimeRipple"],"picked":"Dark Shackles+1","floor":37.0},{"not_picked":["Rebound","Turbo+1","Barrage+1"],"picked":"SKIP","floor":38.0},{"not_picked":["Redo+1","Chaos+1"],"picked":"Loop","floor":40.0},{"not_picked":["infinitespire:FutureSight","infinitespire:SevenWalls"],"picked":"infinitespire:TheBestDefense","floor":42.0},{"not_picked":["Go for the Eyes","Lockon+1"],"picked":"Sweeping Beam","floor":42.0},{"not_picked":["Compile Driver+1","White Noise+1","Beam Cell+1"],"picked":"SKIP","floor":44.0},{"not_picked":["Rip and Tear+1","Streamline+1"],"picked":"Panic Button+1","floor":47.0},{"not_picked":["Rebound+1","Force Field+1","Beam Cell+1"],"picked":"SKIP","floor":48.0},{"not_picked":["Machine Learning","Rainbow+1"],"picked":"Electrodynamics","floor":50.0},{"not_picked":["Go for the Eyes+1","Redo+1","Gash+1"],"picked":"SKIP","floor":52.0},{"not_picked":["Go for the Eyes+1","White Noise+1","Streamline+1"],"picked":"SKIP","floor":53.0},{"not_picked":["Rebound+1","BootSequence+1","ReplaySolidLightProjector+1"],"picked":"SKIP","floor":54.0},{"not_picked":["ReplayGash+1","Rebound+1"],"picked":"BasicCrystalCard+1","floor":56.0},{"not_picked":["Auto Shields+1","Go for the Eyes+1"],"picked":"Echo Form","floor":57.0},{"not_picked":["Self Repair","Turbo+1","Stack+1"],"picked":"SKIP","floor":58.0},{"not_picked":["Double Energy+1","Conserve Battery+1","BasicCrystalCard+1"],"picked":"SKIP","floor":59.0},{"not_picked":["Redo+1","Stack+1","Rebound+1"],"picked":"SKIP","floor":63.0},{"not_picked":["Leap+1","Go for the Eyes+1","Beam Cell+1"],"picked":"SKIP","floor":64.0},{"not_picked":["Fission+1","ReplayTheSpireMod:Fabricate Wheel+1"],"picked":"ReplayRNGCard+1","floor":67.0},{"not_picked":["Aggregate+1","Panic Button+1","Turbo+1"],"picked":"SKIP","floor":69.0},{"not_picked":["Streamline+1","Cold Snap+1"],"picked":"Tempest+1","floor":70.0},{"not_picked":["Panic Button+1","Barrage+1","Sweeping Beam+1"],"picked":"SKIP","floor":71.0},{"not_picked":["Rebound+1","Beam Cell+1","Gash+1"],"picked":"SKIP","floor":72.0},{"not_picked":["ReplayTheSpireMod:Calculation Training+1","Lockon+1"],"picked":"Chaos+1","floor":73.0},{"not_picked":["ReplayTheSpireMod:GoodbyeWorld+1","Electrodynamics","BasicCrystalCard+1"],"picked":"SKIP","floor":74.0}],"player_experience":229685,"relics_obtained":[{"floor":7.0,"key":"InkBottle"},{"floor":8.0,"key":"Pear"},{"floor":9.0,"key":"Geode"},{"floor":10.0,"key":"Replay:Antivirus Software"},{"floor":23.0,"key":"Symbiotic Virus"},{"floor":26.0,"key":"Cables"},{"floor":28.0,"key":"Replay:Baseball"},{"floor":30.0,"key":"Ancient Tea Set"},{"floor":40.0,"key":"Potion Belt"},{"floor":42.0,"key":"Mercury Hourglass"},{"floor":43.0,"key":"Molten Egg 2"},{"floor":44.0,"key":"infinitespire:Lucky Rock"},{"floor":57.0,"key":"infinitespire:Freezer"},{"floor":57.0,"key":"HornCleat"},{"floor":59.0,"key":"infinitespire:ShieldingShard"},{"floor":59.0,"key":"infinitespire:BottledMercury"},{"floor":60.0,"key":"Replay:Accelerometer"},{"floor":74.0,"key":"Carrot"},{"floor":74.0,"key":"Nunchaku"}],"event_choices":[{"damage_healed":0.0,"max_hp_gain":0.0,"max_hp_loss":0.0,"gold_gain":175.0,"event_name":"Liars Game","player_choice":"AGREE","floor":2.0,"gold_loss":0.0,"damage_taken":0.0,"cards_obtained":["Doubt"]},{"damage_healed":0.0,"max_hp_gain":0.0,"max_hp_loss":0.0,"gold_gain":0.0,"event_name":"Golden Idol","player_choice":"Take Wound","floor":12.0,"gold_loss":0.0,"damage_taken":0.0,"relics_obtained":["Golden Idol"],"cards_obtained":["Injury"]},{"cards_removed":["Zap"],"damage_healed":0.0,"max_hp_gain":0.0,"max_hp_loss":0.0,"gold_gain":0.0,"event_name":"NoteForYourself","player_choice":"Took Card","floor":14.0,"gold_loss":0.0,"damage_taken":0.0,"cards_obtained":["Iron Wave"]},{"damage_healed":0.0,"max_hp_gain":0.0,"max_hp_loss":28.0,"gold_gain":0.0,"event_name":"Vampires","player_choice":"Became a vampire","floor":19.0,"gold_loss":0.0,"damage_taken":0.0,"cards_obtained":["Bite","Bite","Bite","Bite","Bite"]},{"damage_healed":0.0,"max_hp_gain":0.0,"max_hp_loss":0.0,"gold_gain":90.0,"event_name":"Knowing Skull","player_choice":"GOLD ","floor":22.0,"potions_obtained":[],"gold_loss":0.0,"damage_taken":12.0,"cards_obtained":[]},{"damage_healed":0.0,"max_hp_gain":0.0,"max_hp_loss":0.0,"gold_gain":0.0,"event_name":"SensoryStone","player_choice":"Memory 1","floor":37.0,"gold_loss":0.0,"damage_taken":0.0},{"damage_healed":0.0,"max_hp_gain":0.0,"max_hp_loss":0.0,"gold_gain":0.0,"event_name":"Tomb of Lord Red Mask","player_choice":"Paid","floor":39.0,"gold_loss":337.0,"damage_taken":0.0,"relics_obtained":["Red Mask"]},{"damage_healed":0.0,"max_hp_gain":0.0,"max_hp_loss":0.0,"gold_gain":0.0,"event_name":"WeMeetAgain","player_choice":"Gave Potion","floor":55.0,"gold_loss":0.0,"damage_taken":0.0,"relics_obtained":["Onion Ring"]},{"cards_removed":["Dark Shackles"],"damage_healed":0.0,"max_hp_gain":0.0,"max_hp_loss":0.0,"gold_gain":0.0,"event_name":"Bonfire Elementals","player_choice":"Offered Uncommon","floor":65.0,"gold_loss":0.0,"damage_taken":0.0}],"is_beta":false,"boss_relics":[{"not_picked":["ReplayTheSpireMod:DimensionalGlitch","Coffee Dripper","Ectoplasm"]},{"not_picked":["Replay:Bronze Core","infinitespire:Cupcake"],"picked":"Fusion Hammer"},{"not_picked":["ChewingGum","Sozu"],"picked":"Black Star"},{"not_picked":["Replay:Wanted Poster","Runic Pyramid"],"picked":"Inserter"}],"items_purged_floors":[4,13,46],"is_endless":true,"potions_floor_spawned":[3,8,10,16,18,21,23,31,33,35,44,47,52,58,64,67,69,70,74],"killed_by":"Nightmare_Alpha","ascension_level":1}}