{"host":"28p8ce41sjwa6lzf","time":1610640827,"event":{"mods":["BaseMod","Bestiary","Colored Map","Colored Powertips","Dark Map","Highlight Path","Minty Spire (QoL Compilation)","Permanent Neow","Quick Restart","Random Character Button","Rare Cards Sparkle","Relic Stats","StSLib","Unceasing Turn Reminder"],"gold_per_floor":[112,126,146,162,162,194,194,194,194],"floor_reached":8,"language":"ENG","playtime":381,"items_purged":[],"score":116,"play_id":"bb67a979-96af-4341-a29c-808baa10f4de","local_time":"20210114101347","is_ascension_mode":true,"campfire_choices":[{"floor":7,"key":"REST"}],"circlet_count":0,"master_deck":["AscendersBane","Strike_G","Strike_G","Strike_G","Strike_G","Strike_G","Defend_G","Defend_G","Defend_G","Defend_G","Defend_G","Survivor","Neutralize","Slice","Underhanded Strike","Catalyst","Deadly Poison","Deflect"],"relics":["Ring of the Snake","Vajra","Unceasing Top"],"acts_visited":[],"potions_floor_usage":[4,6],"damage_taken":[{"damage":1,"enemies":"Small Slimes","floor":1,"turns":3},{"damage":1,"enemies":"Jaw Worm","floor":2,"turns":4},{"damage":0,"enemies":"2 Louse","floor":3,"turns":3},{"damage":0,"enemies":"Large Slime","floor":4,"turns":5},{"damage":52,"enemies":"3 Sentries","floor":6,"turns":10},{"damage":26,"enemies":"Lagavulin","floor":8,"turns":3}],"seed_played":"-3258683390041623149","potions_obtained":[{"floor":1,"key":"Explosive Potion"},{"floor":4,"key":"Energy Potion"}],"is_trial":false,"path_per_floor":["M","M","M","M","?","E","R","E"],"character_chosen":"THE_SILENT","items_purchased":[],"campfire_rested":1,"item_purchase_floors":[],"current_hp_per_floor":[58,57,57,57,57,5,24,0,0],"gold":194,"neow_bonus":"RANDOM_COMMON_RELIC","is_daily":false,"chose_seed":false,"campfire_upgraded":0,"win_rate":0.0,"timestamp":1610640827,"path_taken":["M","M","M","M","?","E","R","E"],"items_purchased_type":[],"build_version":"2020-12-22","purchased_purges":0,"victory":false,"max_hp_per_floor":[66,66,66,66,66,66,66,66,66],"relic_stats":{"counters":[6,28],"obtain_stats":[{"Vajra":0,"Unceasing Top":6,"Ring of the Snake":0},{"Vajra":0,"Unceasing Top":5,"Ring of the Snake":0},{"Vajra":0,"Unceasing Top":25,"Ring of the Snake":0}],"Unceasing Top":[1],"Ring of the Snake":[12]},"card_choices":[{"not_picked":["Flechettes","Sucker Punch"],"picked":"Slice","floor":1},{"not_picked":["Flying Knee","Bane"],"picked":"Underhanded Strike","floor":2},{"not_picked":["Flechettes","Underhanded Strike"],"picked":"Catalyst","floor":3},{"not_picked":["Dodge and Roll","Terror"],"picked":"Deadly Poison","floor":4},{"not_picked":["Dagger Throw","Sucker Punch"],"picked":"Deflect","floor":6}],"player_experience":1145668,"relics_obtained":[{"floor":6,"key":"Unceasing Top"}],"event_choices":[{"damage_healed":0,"gold_gain":0,"player_choice":"Ignored","damage_taken":0,"max_hp_gain":0,"max_hp_loss":0,"event_name":"Liars Game","floor":5,"gold_loss":0}],"is_beta":false,"boss_relics":[],"items_purged_floors":[],"is_endless":false,"potions_floor_spawned":[1,4],"killed_by":"Lagavulin","ascension_level":20}}