{"host":"43vb3u4kiuosyd1s","time":1610643061,"event":{"mods":["BaseMod","HololiveMod","Koishi","Minty Spire (QoL Compilation)","StSLib"],"gold_per_floor":[188,208,283,301,301,338,368,405,405,444,223,223,240,264,264,390,390,413,413,436,459,486,537,537,581,604,604,275,297,325,381,381,486,486,523,553,615,89,120,155,183,233,307,339,339,370,393,415,415,432,432,432,3,64,97],"floor_reached":56,"language":"KOR","playtime":4382,"items_purged":["Hololive_Strike","Hololive_CallRosalyn","Hololive_CallHoshimachiSuisei","Hololive_LuckPotion"],"score":1693,"play_id":"2f669a1d-a688-4bcb-b707-c1b64f6eebca","local_time":"20210115015101","is_ascension_mode":false,"campfire_choices":[{"data":"Hololive_CallSpadeEcho","floor":15,"key":"SMITH"},{"data":"Hololive_CallUsadaPekora","floor":24,"key":"SMITH"},{"data":"Hololive_Spy","floor":32,"key":"SMITH"},{"floor":49,"key":"RECALL"},{"data":"Hololive_CallHimemoriLuna","floor":52,"key":"SMITH"}],"circlet_count":0,"master_deck":["Hololive_Defend+1","Hololive_Defend+1","Hololive_Psychosis","Hololive_CallSakuraMiko","Hololive_CallTokinoSora","Hololive_CallUsadaPekora+1","Hololive_CallYogiri","Hololive_LuckPotion","Hololive_Breathe","Hololive_Spy+1","Hololive_CallSpadeEcho+1","Hololive_CocoNews","Hololive_FlyingPonyTail","Hololive_Recruit","Hololive_FlyingPonyTail","Hololive_FlyingPonyTail+1","Hololive_CallInugamiKorone","Hololive_CallHimemoriLuna+1","Hololive_FlyingPonyTail","Hololive_FlyingPonyTail+1","Hololive_Trident+1"],"relics":["Hololive_TheStar","Hololive_FriedShrimpLion","Ice Cream","Darkstone Periapt","Torii","Juzu Bracelet","GremlinMask","SlaversCollar","Tiny Chest","Lantern","Anchor","PreservedInsect","MealTicket","Busted Crown","Pocketwatch","Boot","Letter Opener","Art of War","Shuriken","Pantograph","Orichalcum","Nunchaku"],"acts_visited":["Exordium","TheCity","TheBeyond","TheEnding"],"potions_floor_usage":[22,25,33,33,50,50,50,55,55],"damage_taken":[{"damage":0.0,"enemies":"2 Louse","floor":1.0,"turns":3.0},{"damage":0.0,"enemies":"Jaw Worm","floor":2.0,"turns":3.0},{"damage":0.0,"enemies":"Small Slimes","floor":4.0,"turns":3.0},{"damage":0.0,"enemies":"Gremlin Nob","floor":6.0,"turns":4.0},{"damage":4.0,"enemies":"Lagavulin","floor":8.0,"turns":5.0},{"damage":0.0,"enemies":"Gremlin Nob","floor":10.0,"turns":3.0},{"damage":0,"enemies":"Looter","floor":13,"turns":3},{"damage":0,"enemies":"Exordium Thugs","floor":14,"turns":4},{"damage":0,"enemies":"Slime Boss","floor":16,"turns":8},{"damage":0,"enemies":"Shell Parasite","floor":18,"turns":4},{"damage":0,"enemies":"Spheric Guardian","floor":20,"turns":3},{"damage":0,"enemies":"Centurion and Healer","floor":21,"turns":6},{"damage":0,"enemies":"Sentry and Sphere","floor":22,"turns":4},{"damage":0,"enemies":"Book of Stabbing","floor":23,"turns":4},{"damage":28,"enemies":"Slavers","floor":25,"turns":6},{"damage":0,"enemies":"Snake Plant","floor":29,"turns":3},{"damage":0,"enemies":"Cultist and Chosen","floor":30,"turns":4},{"damage":0,"enemies":"Book of Stabbing","floor":31,"turns":3},{"damage":0,"enemies":"Automaton","floor":33,"turns":6},{"damage":0,"enemies":"3 Darklings","floor":35,"turns":4},{"damage":0,"enemies":"3 Shapes","floor":36,"turns":3},{"damage":15,"enemies":"2 Orb Walkers","floor":37,"turns":5},{"damage":0,"enemies":"Spire Growth","floor":39,"turns":3},{"damage":0,"enemies":"Nemesis","floor":40,"turns":3},{"damage":0,"enemies":"3 Darklings","floor":41,"turns":3},{"damage":0,"enemies":"Reptomancer","floor":42,"turns":4},{"damage":0,"enemies":"Maw","floor":44,"turns":4},{"damage":0,"enemies":"Transient","floor":46,"turns":5},{"damage":0,"enemies":"3 Darklings","floor":47,"turns":3},{"damage":0,"enemies":"4 Shapes","floor":48,"turns":3},{"damage":0,"enemies":"Donu and Deca","floor":50,"turns":6},{"damage":0,"enemies":"Shield and Spear","floor":54,"turns":4},{"damage":34,"enemies":"The Heart","floor":55,"turns":6}],"seed_played":"8314377065950526125","potions_obtained":[{"floor":2.0,"key":"Dexterity Potion"},{"floor":4.0,"key":"AttackPotion"},{"floor":8.0,"key":"SpeedPotion"},{"floor":10.0,"key":"Weak Potion"},{"floor":16,"key":"Strength Potion"},{"floor":22,"key":"Energy Potion"},{"floor":23,"key":"DuplicationPotion"},{"floor":30,"key":"SkillPotion"},{"floor":36,"key":"Energy Potion"},{"floor":40,"key":"BlessingOfTheForge"},{"floor":47,"key":"DuplicationPotion"}],"is_trial":false,"path_per_floor":["M","M","?","M","?","E","?","E","T","E","$","?","M","M","R","B",null,"M","?","M","M","M","E","R","E","T","?","$","M","M","E","R","B",null,"M","M","?","$","M","E","M","E","T","M","?","M","M","M","R","B",null,"R","$","E","B",null],"character_chosen":"Hololive_HololiveCharacter","items_purchased":["Juzu Bracelet","PreservedInsect","DistilledChaos","Boot","Letter Opener","Orichalcum","DistilledChaos","Explosive Potion"],"campfire_rested":0,"item_purchase_floors":[11,28,28,38,38,53,53,53],"current_hp_per_floor":[35,35,24,24,17,17,17,13,13,13,13,13,13,13,13,13,35,35,35,35,35,35,35,35,7,7,19,19,19,19,19,19,19,35,35,35,20,35,35,35,35,35,35,35,25,25,25,25,25,35,35,35,35,35,1],"gold":97,"neow_bonus":"HUNDRED_GOLD","is_daily":false,"chose_seed":false,"campfire_upgraded":4,"win_rate":0.0,"timestamp":1610643061,"path_taken":["M","M","?","M","?","E","?","E","T","E","$","?","M","M","R","BOSS","M","?","M","M","M","E","R","E","T","?","$","M","M","E","R","BOSS","M","M","?","$","M","E","M","E","T","M","?","M","M","M","R","BOSS","R","$","E","BOSS"],"items_purchased_type":["Relic","Relic","Potion","Relic","Relic","Relic","Potion","Potion"],"build_version":"2020-12-22","purchased_purges":4,"victory":true,"max_hp_per_floor":[35,35,35,35,35,35,35,35,35,35,35,35,35,35,35,35,35,35,35,35,35,35,35,35,35,35,35,35,35,35,35,35,35,35,35,35,35,35,35,35,35,35,35,35,35,35,35,35,35,35,35,35,35,35,35],"card_choices":[{"not_picked":["Hololive_FlyingPonyTail","Hololive_SoulCatcher","Hololive_CallAZKi"],"picked":"Hololive_LuckPotion","floor":1.0},{"not_picked":["Hololive_CallAkiRosenthal","Hololive_StrengthChampion","Hololive_OvertimeWork"],"picked":"Hololive_Breathe","floor":2.0},{"not_picked":["Hololive_OvertimeWork","Hololive_SoulCatcher","Hololive_Trident"],"picked":"Hololive_Spy","floor":4.0},{"not_picked":["Hololive_RevenueBasedLive","Hololive_SummonFox","Hololive_Trident"],"picked":"Hololive_CallSpadeEcho","floor":6.0},{"not_picked":["Hololive_RevenueBasedLive","Hololive_CallShiroganeNoel","Hololive_CallOzoraSubaru"],"picked":"Hololive_CocoNews","floor":8.0},{"not_picked":["Hololive_Psychosis","Hololive_WolfAndLamb","Hololive_Rebound","Hololive_RevenueBasedLive"],"picked":"SKIP","floor":10.0},{"not_picked":["Hololive_Rebound","Hololive_StrengthChampion","Hololive_Psychosis"],"picked":"Hololive_FlyingPonyTail","floor":13},{"not_picked":["Hololive_CallAyundaRisu","Hololive_Psychosis","Hololive_StrengthChampion"],"picked":"Hololive_LuckPotion","floor":14},{"not_picked":["Hololive_ASMR","Hololive_MaximGun","Hololive_Rebirth"],"picked":"Hololive_Recruit","floor":16},{"not_picked":["Hololive_Psychosis","Hololive_LuckPotion","Hololive_Sequa","Hololive_CallFriendA"],"picked":"SKIP","floor":18},{"not_picked":["Hololive_Breathe","Hololive_LuckPotion","Hololive_DevilCharm"],"picked":"Hololive_FlyingPonyTail","floor":20},{"not_picked":["Hololive_CallNatsuiroMatsuri","Hololive_Rebound+1","Hololive_CallTokoyamiTowa"],"picked":"Hololive_FlyingPonyTail+1","floor":21},{"not_picked":["Hololive_CallAkaiHaato","Hololive_CallRosalyn+1","Hololive_Trident"],"picked":"Hololive_CallHoshimachiSuisei","floor":22},{"not_picked":["Hololive_Trident+1","Hololive_MaximGun","Hololive_Psychosis"],"picked":"Hololive_CallInugamiKorone","floor":23},{"not_picked":["Hololive_CallYozoraMel","Hololive_CallNakiriAyame","Hololive_Trident"],"picked":"Hololive_CallHimemoriLuna","floor":25},{"not_picked":["Hololive_Psychosis+1","Hololive_Sequa","Hololive_OvertimeWork"],"picked":"Hololive_FlyingPonyTail","floor":29},{"not_picked":["Hololive_Sequa","Hololive_ManjiGathering","Hololive_StrengthChampion","Hololive_Rebound+1"],"picked":"SKIP","floor":30},{"not_picked":["Hololive_Psychosis+1","Hololive_Drill+1","Hololive_RevenueBasedLive","Hololive_Recruit"],"picked":"SKIP","floor":31},{"not_picked":["Hololive_CallAiraniIofifteen","Hololive_HuntDinosaur+1"],"picked":"SKIP","floor":35},{"not_picked":["Hololive_RevenueBasedLive","Hololive_Psychosis+1"],"picked":"SKIP","floor":36},{"not_picked":["Hololive_CallRosalyn","Hololive_StrengthChampion"],"picked":"SKIP","floor":39},{"not_picked":["Hololive_CallShiroganeNoel","Hololive_CallYogiri+1"],"picked":"SKIP","floor":40},{"not_picked":["Hololive_Watashimo+1","Hololive_IdolExercise"],"picked":"SKIP","floor":41},{"not_picked":["Hololive_FlyingPonyTail","Hololive_Rebound"],"picked":"SKIP","floor":42},{"not_picked":["Hololive_OvertimeWork","Hololive_Psychosis+1"],"picked":"SKIP","floor":44},{"not_picked":["Hololive_OvertimeWork+1","Hololive_CallAZKi+1"],"picked":"SKIP","floor":46},{"not_picked":["Hololive_Drill+1","Hololive_Sequa"],"picked":"SKIP","floor":47},{"not_picked":["Hololive_CallTokoyamiTowa+1"],"picked":"Hololive_FlyingPonyTail+1","floor":48},{"not_picked":["Hololive_StrengthChampion+1"],"picked":"Hololive_Trident+1","floor":54}],"player_experience":178544,"relics_obtained":[{"floor":6.0,"key":"Hololive_FriedShrimpLion"},{"floor":8.0,"key":"Darkstone Periapt"},{"floor":10.0,"key":"Torii"},{"floor":23,"key":"Tiny Chest"},{"floor":25,"key":"Lantern"},{"floor":26,"key":"Anchor"},{"floor":31,"key":"MealTicket"},{"floor":37,"key":"Pocketwatch"},{"floor":40,"key":"Art of War"},{"floor":42,"key":"Shuriken"},{"floor":43,"key":"Pantograph"},{"floor":54,"key":"Nunchaku"}],"event_choices":[{"damage_healed":0.0,"max_hp_gain":0.0,"max_hp_loss":0.0,"gold_gain":75.0,"event_name":"World of Goop","player_choice":"Gather Gold","floor":3.0,"gold_loss":0.0,"damage_taken":11.0},{"damage_healed":0.0,"max_hp_gain":0.0,"max_hp_loss":0.0,"gold_gain":0.0,"event_name":"Shining Light","player_choice":"Entered Light","floor":5.0,"gold_loss":0.0,"damage_taken":7.0,"cards_upgraded":["Hololive_Defend","Hololive_Defend"]},{"damage_healed":0.0,"max_hp_gain":0.0,"max_hp_loss":0.0,"gold_gain":30.0,"event_name":"Dead Adventurer","player_choice":"Searched \u00273\u0027 times","floor":7.0,"gold_loss":0.0,"damage_taken":0.0,"relics_obtained":["Ice Cream"]},{"damage_healed":0,"gold_gain":0,"player_choice":"Trade","damage_taken":0,"relics_obtained":["GremlinMask"],"max_hp_gain":0,"max_hp_loss":0,"event_name":"FaceTrader","floor":12,"gold_loss":0},{"cards_removed":["Hololive_Strike"],"damage_healed":0,"gold_gain":0,"player_choice":"Elegance","damage_taken":0,"max_hp_gain":0,"max_hp_loss":0,"event_name":"Back to Basics","floor":19,"gold_loss":0},{"damage_healed":12,"gold_gain":0,"player_choice":"Heal","damage_taken":0,"max_hp_gain":0,"max_hp_loss":0,"event_name":"The Library","floor":27,"gold_loss":0},{"damage_healed":0,"gold_gain":0,"player_choice":"Fight","damage_taken":0,"max_hp_gain":0,"max_hp_loss":0,"event_name":"Mysterious Sphere","floor":37,"gold_loss":0},{"damage_healed":0,"gold_gain":0,"player_choice":"Memory 3","damage_taken":10,"max_hp_gain":0,"max_hp_loss":0,"event_name":"SensoryStone","floor":45,"gold_loss":0}],"is_beta":false,"boss_relics":[{"not_picked":["Hololive_Finger","Fusion Hammer"],"picked":"SlaversCollar"},{"not_picked":["Runic Dome","Runic Pyramid"],"picked":"Busted Crown"}],"items_purged_floors":[11,28,38,53],"is_endless":false,"potions_floor_spawned":[2,4,8,10,16,22,23,29,30,36,40,42,44,47],"ascension_level":0}}