{"host":"c59jaj2b7ki1imdm","time":1610583376,"event":{"mods":["AchievementEnabler","BaseMod","Hermit","Hubris","Minty Spire (QoL Compilation)","StSLib","The Construct","The Hierophant"],"gold_per_floor":[119,194,159,159,159,159,191,191,218,246,277,289,38,71,71,274,274,388,388,15,15,35,35,55,84,107,122,122,20,20,39,39,141,141,157,171,171,181,192,192,192,192],"floor_reached":41,"language":"ENG","playtime":3919,"items_purged":[],"score":436,"play_id":"d21bc511-7652-499f-8056-c7c8de575fb8","local_time":"20210114011616","is_ascension_mode":false,"campfire_choices":[{"data":"Tempest","floor":6,"key":"SMITH"},{"floor":12,"key":"REST"},{"data":"Defragment","floor":15,"key":"SMITH"},{"floor":23,"key":"REST"},{"floor":28,"key":"REST"},{"floor":30,"key":"REST"},{"floor":32,"key":"REST"},{"floor":40,"key":"REST"}],"circlet_count":0,"master_deck":["Strike_B","Strike_B","Strike_B","Strike_B","Defend_B","Defend_B+1","Defend_B","Defend_B+1","Zap+1","Tempest+1","Defragment+1","Streamline","Steam","Leap","Mind Blast","All For One","hubris:DoWhile","FTL","Genetic Algorithm","Rip and Tear","Coolheaded","Auto Shields","Gash+1","Self Repair+1","hubris:Ukulele","Stack","Defragment","Coolheaded","Stack","Sweeping Beam+1","Thunder Strike","Double Energy+1","Chill","Go for the Eyes","Meteor Strike","Sunder","Defragment+1"],"relics":["Cracked Core","hubris:Icosahedron","Toy Ornithopter","MawBank","Toolbox","Sozu","HornCleat","Anchor","Dream Catcher","construct:WeddingRing"],"acts_visited":["Exordium","TheCity","TheBeyond"],"potions_floor_usage":[7,16,16],"damage_taken":[{"damage":1,"enemies":"2 Louse","floor":1,"turns":3},{"damage":30,"enemies":"Gremlin Nob","floor":7,"turns":4},{"damage":2,"enemies":"Small Slimes","floor":10,"turns":3},{"damage":3,"enemies":"Jaw Worm","floor":11,"turns":2},{"damage":0,"enemies":"3 Louse","floor":14,"turns":2},{"damage":29,"enemies":"Slime Boss","floor":16,"turns":8},{"damage":38,"enemies":"3 Byrds","floor":18,"turns":4},{"damage":8,"enemies":"Spheric Guardian","floor":22,"turns":4},{"damage":7,"enemies":"Centurion and Healer","floor":24,"turns":5},{"damage":53,"enemies":"Slavers","floor":25,"turns":5},{"damage":14,"enemies":"Cultist and Chosen","floor":27,"turns":5},{"damage":16,"enemies":"Sentry and Sphere","floor":31,"turns":6},{"damage":57,"enemies":"hubris:MusketHawk","floor":33,"turns":10},{"damage":1,"enemies":"Orb Walker","floor":35,"turns":4},{"damage":2,"enemies":"3 Shapes","floor":36,"turns":3},{"damage":2,"enemies":"Transient","floor":38,"turns":5},{"damage":18,"enemies":"Sphere and 2 Shapes","floor":39,"turns":4},{"damage":75,"enemies":"Giant Head","floor":41,"turns":8}],"seed_played":"-8115495189202601770","potions_obtained":[{"floor":1,"key":"AttackPotion"},{"floor":10,"key":"DistilledChaos"},{"floor":14,"key":"Explosive Potion"}],"is_trial":false,"path_per_floor":["M","?","?","?","?","R","E","?","T","M","M","R","$","M","R","B",null,"M","?","$","?","M","R","M","E","T","M","R","$","R","M","R","B",null,"M","M","?","M","M","R","E"],"character_chosen":"DEFECT","items_purchased":["Toolbox","Leap","Mind Blast","HornCleat","Genetic Algorithm","Rip and Tear","Stack","Defragment"],"campfire_rested":6,"item_purchase_floors":[13,13,13,20,20,20,29,29],"current_hp_per_floor":[74,63,75,75,60,60,30,55,55,53,50,72,72,72,72,51,75,37,37,37,62,54,75,68,15,15,1,23,23,45,39,61,4,75,75,73,73,71,53,75,0,0],"gold":192,"neow_bonus":"UPGRADE_CARD","is_daily":false,"chose_seed":false,"campfire_upgraded":2,"win_rate":0.0,"timestamp":1610583376,"path_taken":["M","?","?","?","?","R","E","?","T","M","M","R","?","M","R","BOSS","M","?","$","?","?","R","M","E","T","M","R","$","R","M","R","BOSS","M","M","?","?","M","R","E"],"items_purchased_type":["Relic","Card","Card","Relic","Card","Card","Card","Card"],"build_version":"2020-12-22","purchased_purges":0,"victory":false,"max_hp_per_floor":[75,75,75,75,75,75,75,75,75,75,75,75,75,75,75,75,75,75,75,75,75,75,75,75,75,75,75,75,75,75,75,75,75,75,75,75,75,75,75,75,75,75],"card_choices":[{"not_picked":["Barrage","Hologram"],"picked":"Tempest","floor":1},{"not_picked":["Auto Shields","Seek"],"picked":"Defragment","floor":7},{"not_picked":["Conserve Battery","Aggregate"],"picked":"Streamline","floor":10},{"not_picked":["Compile Driver","Aggregate"],"picked":"Steam","floor":11},{"not_picked":["Reprogram","Steam"],"picked":"All For One","floor":14},{"not_picked":["All For One","Amplify"],"picked":"hubris:DoWhile","floor":16},{"not_picked":["Coolheaded","Redo"],"picked":"FTL","floor":18},{"not_picked":["Steam","Sweeping Beam"],"picked":"Coolheaded","floor":22},{"not_picked":["Barrage+1","Coolheaded"],"picked":"Auto Shields","floor":24},{"not_picked":["Cold Snap","Aggregate"],"picked":"Gash+1","floor":25},{"not_picked":["Stack","Steam Power"],"picked":"Self Repair+1","floor":27},{"not_picked":["Force Field","Gash"],"picked":"hubris:Ukulele","floor":28},{"not_picked":["Rebound+1","Reprogram"],"picked":"Coolheaded","floor":30},{"not_picked":["White Noise","Turbo+1"],"picked":"Stack","floor":31},{"not_picked":["Aggregate+1","Beam Cell"],"picked":"Sweeping Beam+1","floor":32},{"not_picked":["Machine Learning","All For One"],"picked":"Thunder Strike","floor":33},{"not_picked":["Compile Driver+1","Rebound+1"],"picked":"Double Energy+1","floor":35},{"not_picked":["Darkness","Chaos"],"picked":"Chill","floor":36},{"not_picked":["Compile Driver+1","Turbo"],"picked":"Meteor Strike","floor":38},{"not_picked":["Force Field+1","Lockon"],"picked":"Sunder","floor":39},{"not_picked":["Coolheaded+1","Aggregate+1"],"picked":"Defragment+1","floor":40}],"player_experience":134159,"relics_obtained":[{"floor":7,"key":"Toy Ornithopter"},{"floor":9,"key":"MawBank"},{"floor":25,"key":"Anchor"},{"floor":26,"key":"Dream Catcher"}],"event_choices":[{"damage_healed":0,"gold_gain":75,"player_choice":"Gather Gold","damage_taken":11,"max_hp_gain":0,"max_hp_loss":0,"event_name":"World of Goop","floor":2,"gold_loss":0},{"damage_healed":18,"gold_gain":0,"player_choice":"Healed","damage_taken":0,"max_hp_gain":0,"max_hp_loss":0,"event_name":"The Cleric","floor":3,"gold_loss":35},{"damage_healed":0,"gold_gain":0,"player_choice":"Entered Light","damage_taken":15,"max_hp_gain":0,"max_hp_loss":0,"event_name":"Shining Light","floor":5,"gold_loss":0,"cards_upgraded":["Defend_B","Defend_B"]},{"damage_healed":25,"gold_gain":0,"player_choice":"Banana","damage_taken":0,"max_hp_gain":0,"max_hp_loss":0,"event_name":"Big Fish","floor":8,"gold_loss":0},{"damage_healed":0,"gold_gain":0,"player_choice":"Ignored","damage_taken":0,"max_hp_gain":0,"max_hp_loss":0,"event_name":"Beggar","floor":19,"gold_loss":0},{"damage_healed":25,"gold_gain":0,"player_choice":"Heal","damage_taken":0,"max_hp_gain":0,"max_hp_loss":0,"event_name":"The Library","floor":21,"gold_loss":0},{"damage_healed":0,"gold_gain":0,"cards_transformed":["Dualcast"],"player_choice":"Transformed","damage_taken":0,"max_hp_gain":0,"max_hp_loss":0,"event_name":"Transmorgrifier","floor":37,"gold_loss":0,"cards_obtained":["Go for the Eyes"]}],"is_beta":false,"boss_relics":[{"not_picked":["Black Star","SacredBark"],"picked":"Sozu"},{"not_picked":["Philosopher\u0027s Stone","Empty Cage"],"picked":"construct:WeddingRing"}],"items_purged_floors":[],"is_endless":false,"potions_floor_spawned":[1,10,14,18,22,25,35,38],"killed_by":"Giant Head","ascension_level":0}}