{"host":"oehe2dxjvdgux73m","time":1610593596,"event":{"mods":["AchievementEnabler","BaseMod","Colored Map","Colored Powertips","DeckTracker","Keyboard Shortcuts","Minty Spire (QoL Compilation)","Permanent Neow","Quick Restart","StSLib","SuperFastMode"],"gold_per_floor":[111,111,124,143,93,93,109,134,157,174,49,49,49,65,65,167,167,180,105,0,0,19,19,19,19,19,32,32,59,59,76,76,76,76],"floor_reached":33,"language":"KOR","playtime":1395,"items_purged":["Rampage"],"score":371,"play_id":"6d8fb9f9-35d5-410c-a509-8a193934285b","local_time":"20210114120636","is_ascension_mode":true,"campfire_choices":[{"floor":6.0,"key":"DIG"},{"floor":13.0,"key":"DIG"},{"data":"Shockwave","floor":15.0,"key":"SMITH"},{"data":"Havoc","floor":23.0,"key":"SMITH"},{"data":"Body Slam","floor":25.0,"key":"SMITH"},{"data":"Brutality","floor":32.0,"key":"SMITH"}],"circlet_count":0,"master_deck":["Bash+1","Carnage+1","Burning Pact","Shockwave+1","Fire Breathing","Shrug It Off","Feel No Pain","Bandage Up","Wild Strike","Impervious","Fire Breathing","Brutality+1","Battle Trance","Infernal Blade","Evolve","Shrug It Off","Havoc+1","Body Slam+1","Flame Barrier+1","Fiend Fire","Shrug It Off"],"relics":["Burning Blood","Shovel","Ancient Tea Set","Tiny Chest","MealTicket","Pantograph","Darkstone Periapt","Pandora\u0027s Box","Blood Vial","Whetstone","Gremlin Horn"],"acts_visited":["Exordium","TheCity"],"potions_floor_usage":[33,33],"damage_taken":[{"damage":7.0,"enemies":"2 Louse","floor":1.0,"turns":4.0},{"damage":2.0,"enemies":"Jaw Worm","floor":3.0,"turns":3.0},{"damage":7.0,"enemies":"Small Slimes","floor":4.0,"turns":3.0},{"damage":8.0,"enemies":"3 Louse","floor":7.0,"turns":5.0},{"damage":43.0,"enemies":"Lagavulin","floor":8.0,"turns":7.0},{"damage":5.0,"enemies":"Exordium Wildlife","floor":10.0,"turns":4.0},{"damage":12.0,"enemies":"Red Slaver","floor":14.0,"turns":6.0},{"damage":72.0,"enemies":"The Guardian","floor":16.0,"turns":16.0},{"damage":31.0,"enemies":"Spheric Guardian","floor":18.0,"turns":7.0},{"damage":9.0,"enemies":"Shell Parasite","floor":22.0,"turns":7.0},{"damage":8.0,"enemies":"Snake Plant","floor":27.0,"turns":4.0},{"damage":38.0,"enemies":"Book of Stabbing","floor":29.0,"turns":5.0},{"damage":8.0,"enemies":"Snecko","floor":31.0,"turns":4.0},{"damage":92,"enemies":"Champ","floor":33,"turns":12}],"seed_played":"-5286022339140414405","potions_obtained":[{"floor":3.0,"key":"BloodPotion"},{"floor":4.0,"key":"BlessingOfTheForge"},{"floor":14.0,"key":"BloodPotion"},{"floor":22.0,"key":"PowerPotion"},{"floor":31.0,"key":"PowerPotion"}],"is_trial":false,"path_per_floor":["M","?","M","M","?","R","M","E","T","M","$","T","R","M","R","B",null,"M","$","?","$","M","R","?","R","T","M","T","E","?","M","R","B"],"character_chosen":"IRONCLAD","items_purchased":["Feel No Pain","Bandage Up"],"campfire_rested":0,"item_purchase_floors":[11,11],"current_hp_per_floor":[71,64,68,67,67,67,65,28,28,29,44,44,44,42,42,21,65,60,75,75,80,78,78,78,78,78,78,78,48,48,52,52,0,0],"gold":76,"neow_bonus":"ONE_RARE_RELIC","is_daily":false,"chose_seed":false,"campfire_upgraded":4,"win_rate":0.0,"timestamp":1610593596,"path_taken":["M","?","M","M","?","R","M","E","T","M","$","?","R","M","R","BOSS","M","$","?","$","M","R","?","R","T","M","?","E","?","M","R","BOSS"],"items_purchased_type":["Card","Card"],"build_version":"2020-12-22","purchased_purges":1,"victory":false,"max_hp_per_floor":[80,80,80,80,80,80,80,80,80,80,80,80,80,80,80,80,80,80,80,80,80,80,80,80,80,80,80,80,80,80,80,80,80,80],"card_choices":[{"not_picked":["Wild Strike","Evolve"],"picked":"Carnage","floor":1.0},{"not_picked":["Flex","Anger"],"picked":"Burning Pact","floor":3.0},{"not_picked":["Feel No Pain","Iron Wave"],"picked":"Shockwave","floor":4.0},{"not_picked":["Warcry","Rage","Rampage"],"picked":"SKIP","floor":7.0},{"not_picked":["Body Slam","Blood for Blood"],"picked":"Fire Breathing","floor":8.0},{"not_picked":["Anger","Body Slam"],"picked":"Shrug It Off","floor":10.0},{"not_picked":["Sword Boomerang","Hemokinesis"],"picked":"Wild Strike","floor":14.0},{"not_picked":["Barricade","Reaper"],"picked":"Impervious","floor":16.0},{"not_picked":["Warcry","Headbutt+1"],"picked":"Havoc","floor":18.0},{"not_picked":["Evolve","Fire Breathing+1","Hemokinesis+1"],"picked":"SKIP","floor":22.0},{"not_picked":["Inflame","Heavy Blade"],"picked":"Flame Barrier+1","floor":27.0},{"not_picked":["Disarm","Carnage"],"picked":"Fiend Fire","floor":29.0},{"not_picked":["Dual Wield","Uppercut+1"],"picked":"Shrug It Off","floor":31.0}],"player_experience":170710,"relics_obtained":[{"floor":6.0,"key":"Ancient Tea Set"},{"floor":8.0,"key":"Tiny Chest"},{"floor":9.0,"key":"MealTicket"},{"floor":12.0,"key":"Pantograph"},{"floor":13.0,"key":"Darkstone Periapt"},{"floor":26.0,"key":"Blood Vial"},{"floor":28.0,"key":"Whetstone"},{"floor":29.0,"key":"Gremlin Horn"}],"event_choices":[{"cards_removed":["Strike_R"],"damage_healed":0.0,"max_hp_gain":0.0,"max_hp_loss":0.0,"gold_gain":0.0,"event_name":"Golden Wing","player_choice":"Card Removal","floor":2.0,"gold_loss":0.0,"damage_taken":7.0},{"cards_removed":["Strike_R"],"damage_healed":0.0,"max_hp_gain":0.0,"max_hp_loss":0.0,"gold_gain":0.0,"event_name":"The Cleric","player_choice":"Card Removal","floor":5.0,"gold_loss":50.0,"damage_taken":0.0},{"damage_healed":0.0,"max_hp_gain":0.0,"max_hp_loss":0.0,"gold_gain":0.0,"event_name":"Masked Bandits","player_choice":"Paid Fearfully","floor":20.0,"gold_loss":105.0,"damage_taken":0.0},{"damage_healed":0.0,"max_hp_gain":0.0,"max_hp_loss":0.0,"gold_gain":0.0,"event_name":"The Library","player_choice":"Read","floor":24.0,"gold_loss":0.0,"damage_taken":0.0,"cards_obtained":["Body Slam"]},{"cards_removed":["Writhe"],"damage_healed":0.0,"max_hp_gain":0.0,"max_hp_loss":0.0,"gold_gain":0.0,"event_name":"Fountain of Cleansing","player_choice":"Removed Curses","floor":30.0,"gold_loss":0.0,"damage_taken":0.0}],"is_beta":false,"boss_relics":[{"not_picked":["Runic Pyramid","Calling Bell"],"picked":"Pandora\u0027s Box"}],"items_purged_floors":[19],"is_endless":false,"potions_floor_spawned":[3,4,14,22,31],"killed_by":"Champ","ascension_level":8}}