{"host":"kg61lsvem4dxoat8","time":1610610269,"event":{"mods":["BaseMod","Colored Powertips","Minty Spire (QoL Compilation)","Quick Restart","Rare Cards Sparkle","Relic Stats","slay the spire mod where everything is the same but ironclad has a cowboy hat"],"gold_per_floor":[363,380,64,64,81,81,94,94,94],"floor_reached":8,"language":"ENG","playtime":162,"items_purged":["Decay"],"score":48,"play_id":"ec515fa1-548c-43dd-b24a-9d9be8a28c0c","local_time":"20210114154429","is_ascension_mode":false,"campfire_choices":[{"data":"BowlingBash","floor":6,"key":"SMITH"}],"circlet_count":0,"master_deck":["Strike_P","Strike_P","Strike_P","Strike_P","Defend_P","Defend_P","Defend_P","Defend_P","Eruption+1","Vigilance","BowlingBash+1","ThirdEye","PathToVictory"],"relics":["PureWater","Yang"],"acts_visited":["Exordium"],"potions_floor_usage":[7],"damage_taken":[{"damage":2,"enemies":"Cultist","floor":1,"turns":2},{"damage":9,"enemies":"2 Louse","floor":2,"turns":2},{"damage":1,"enemies":"Jaw Worm","floor":5,"turns":2},{"damage":0,"enemies":"Blue Slaver","floor":7,"turns":4},{"damage":18,"enemies":"3 Sentries","floor":8,"turns":4}],"seed_played":"-5588600811872682506","potions_obtained":[{"floor":1,"key":"Fire Potion"},{"floor":7,"key":"Fruit Juice"}],"is_trial":false,"path_per_floor":["M","M","$","?","M","R","M","E"],"character_chosen":"WATCHER","items_purchased":["Yang"],"campfire_rested":0,"item_purchase_floors":[3],"current_hp_per_floor":[70,61,61,61,60,60,65,47,47],"gold":94,"neow_bonus":"TWO_FIFTY_GOLD","is_daily":false,"chose_seed":false,"campfire_upgraded":1,"win_rate":0.0,"timestamp":1610610269,"path_taken":["M","?","$","?","M","R","M","E"],"items_purchased_type":["Relic"],"build_version":"2020-12-22","purchased_purges":1,"victory":false,"max_hp_per_floor":[72,72,72,72,72,72,77,77,77],"relic_stats":{"counters":[5,14],"Yang":[15],"obtain_stats":[{"Yang":3,"PureWater":0},{"Yang":2,"PureWater":0},{"Yang":4,"PureWater":0}]},"card_choices":[{"not_picked":["Consecrate","Protect","Prostrate"],"picked":"SKIP","floor":1},{"not_picked":["Evaluate","DeceiveReality"],"picked":"BowlingBash","floor":2},{"not_picked":["BowlingBash","WreathOfFlame"],"picked":"ThirdEye","floor":5},{"not_picked":["BattleHymn","ThirdEye"],"picked":"PathToVictory","floor":7}],"player_experience":1341098,"relics_obtained":[],"event_choices":[{"damage_healed":0,"gold_gain":0,"player_choice":"Grow","damage_taken":0,"max_hp_gain":0,"max_hp_loss":0,"event_name":"Living Wall","floor":4,"gold_loss":0,"cards_upgraded":["Eruption"]}],"is_beta":false,"boss_relics":[],"items_purged_floors":[3],"is_endless":false,"potions_floor_spawned":[1,7],"killed_by":"3 Sentries","ascension_level":0}}