{"host":"obplhmlw33xb91v8","time":1610639362,"event":{"mods":["BaseMod","Block Reminder","Curses Come First","Evolution","Minty Spire (QoL Compilation)","Quick Restart","Relic Stats","Spicy Shops","StSLib","Uncapped","Waifu the Spire","slay the spire mod where everything is the same but ironclad has a cowboy hat"],"gold_per_floor":[115,115,34,34,48,81,93,93,161,177,2,2,2,21,21,151,151,175,193,0,24,24,24,68,87,87,87,87,87,110,135,135,260,260,275,299,299,64,84,120,120,120,120],"floor_reached":42,"language":"ENG","playtime":1595,"items_purged":["Writhe"],"score":538,"play_id":"98886741-2761-4f61-bbd1-cbf3481d124c","local_time":"20210114104922","is_ascension_mode":true,"campfire_choices":[{"data":"Consume","floor":8,"key":"SMITH"},{"data":"Zap","floor":12,"key":"SMITH"},{"floor":15,"key":"REST"},{"data":"Electrodynamics","floor":23,"key":"SMITH"},{"data":"Cold Snap","floor":27,"key":"SMITH"},{"data":"Loop","floor":29,"key":"SMITH"},{"floor":32,"key":"REST"},{"data":"Buffer","floor":41,"key":"SMITH"}],"circlet_count":0,"master_deck":["Strike_B","Strike_B","Strike_B+1","Defend_B","Defend_B","Defend_B","Defend_B","Zap+1","Dualcast+1","Ball Lightning","Loop+1","Cold Snap+1","Consume+1","Cold Snap","Melter","Electrodynamics+1","Cold Snap","Leap+1","Buffer+1","Defragment","Chill"],"relics":["EVO:Axolotl","Inserter","Happy Flower","Pear","Membership Card","Golden Idol","Runic Pyramid","Ice Cream","Toy Ornithopter","Meat on the Bone","Oddly Smooth Stone","Kunai","SacredBark","Singing Bowl","Ancient Tea Set"],"acts_visited":["Exordium","TheCity","TheBeyond"],"potions_floor_usage":[16,16,24,33,33,39,39,40,42],"damage_taken":[{"damage":10.0,"enemies":"Cultist","floor":1.0,"turns":4.0},{"damage":9.0,"enemies":"Jaw Worm","floor":5.0,"turns":4.0},{"damage":22.0,"enemies":"Gremlin Nob","floor":6.0,"turns":4.0},{"damage":8.0,"enemies":"2 Louse","floor":7.0,"turns":2.0},{"damage":4,"enemies":"Exordium Wildlife","floor":10,"turns":4},{"damage":5,"enemies":"2 Fungi Beasts","floor":14,"turns":3},{"damage":39,"enemies":"The Guardian","floor":16,"turns":9},{"damage":34,"enemies":"3 Byrds","floor":18,"turns":3},{"damage":1,"enemies":"Spheric Guardian","floor":19,"turns":3},{"damage":22,"enemies":"Snecko","floor":21,"turns":6},{"damage":17,"enemies":"Gremlin Leader","floor":24,"turns":5},{"damage":6,"enemies":"Centurion and Healer","floor":25,"turns":5},{"damage":32,"enemies":"Snake Plant","floor":30,"turns":3},{"damage":0,"enemies":"3 Cultists","floor":31,"turns":4},{"damage":25,"enemies":"Collector","floor":33,"turns":9},{"damage":24,"enemies":"Orb Walker","floor":35,"turns":4},{"damage":52,"enemies":"3 Darklings","floor":36,"turns":5},{"damage":11,"enemies":"Writhing Mass","floor":39,"turns":6},{"damage":11,"enemies":"Nemesis","floor":40,"turns":9},{"damage":50,"enemies":"Giant Head","floor":42,"turns":9}],"seed_played":"-2767819153164286150","potions_obtained":[{"floor":6.0,"key":"PowerPotion"},{"floor":14,"key":"SteroidPotion"},{"floor":18,"key":"Explosive Potion"},{"floor":19,"key":"FearPotion"},{"floor":31,"key":"Explosive Potion"},{"floor":33,"key":"Dexterity Potion"},{"floor":36,"key":"EntropicBrew"},{"floor":40,"key":"PowerPotion"}],"is_trial":false,"path_per_floor":["M","?","$","?","M","E","M","R","T","M","$","R","?","M","R","B",null,"M","M","$","M","?","R","E","M","T","R","?","R","M","M","R","B",null,"M","M","?","$","M","E","R","E"],"character_chosen":"DEFECT","items_purchased":["Loop","Membership Card","Strength Potion","Ice Cream","Toy Ornithopter","Meat on the Bone","Singing Bowl","Defragment"],"campfire_rested":2,"item_purchase_floors":[3,11,11,20,20,20,38,38],"current_hp_per_floor":[65,50,50,75,66,44,36,36,46,42,42,42,42,37,60,21,79,45,44,44,34,34,34,34,40,40,40,40,40,20,32,55,40,79,55,15,35,35,46,42,42,0,0],"gold":120,"neow_bonus":"BOSS_RELIC","is_daily":false,"chose_seed":false,"campfire_upgraded":6,"win_rate":0.0,"timestamp":1610639362,"path_taken":["M","?","$","?","M","E","M","R","T","M","$","R","?","?","R","BOSS","M","M","$","M","?","R","E","M","T","R","?","R","M","?","R","BOSS","M","M","?","$","M","E","R","E"],"items_purchased_type":["Card","Relic","Potion","Relic","Relic","Relic","Relic","Card"],"build_version":"2020-12-22","purchased_purges":1,"victory":false,"max_hp_per_floor":[75,75,75,75,75,75,75,75,85,85,85,85,79,79,79,79,79,79,79,79,79,79,79,79,79,79,79,79,79,79,79,79,79,79,79,79,79,79,79,81,81,81,81],"relic_stats":{"Inserter":[50],"Happy Flower":[29],"Singing Bowl":2,"counters":[20,100],"Golden Idol":111,"Kunai":[4],"obtain_stats":[{"Ice Cream":20,"Inserter":0,"Pear":9,"Happy Flower":6,"Singing Bowl":38,"Golden Idol":13,"SacredBark":34,"Oddly Smooth Stone":24,"EVO:Axolotl":0,"Ancient Tea Set":40,"Membership Card":11,"Kunai":26,"Cracked Core":0,"Toy Ornithopter":20,"Runic Pyramid":17,"Meat on the Bone":20},{"Ice Cream":9,"Inserter":0,"Pear":4,"Happy Flower":3,"Singing Bowl":17,"Golden Idol":5,"SacredBark":15,"Oddly Smooth Stone":11,"EVO:Axolotl":0,"Ancient Tea Set":19,"Membership Card":5,"Kunai":12,"Cracked Core":0,"Toy Ornithopter":9,"Runic Pyramid":7,"Meat on the Bone":9},{"Ice Cream":36,"Inserter":0,"Pear":14,"Happy Flower":12,"Singing Bowl":76,"Golden Idol":18,"SacredBark":67,"Oddly Smooth Stone":46,"EVO:Axolotl":0,"Ancient Tea Set":91,"Membership Card":18,"Kunai":51,"Cracked Core":0,"Toy Ornithopter":36,"Runic Pyramid":30,"Meat on the Bone":36}],"Toy Ornithopter":35,"Meat on the Bone":84},"card_choices":[{"not_picked":["Conserve Battery","Coolheaded"],"picked":"Ball Lightning","floor":1.0},{"not_picked":["Storm","Beam Cell"],"picked":"Cold Snap","floor":5.0},{"not_picked":["All For One","Darkness"],"picked":"Consume","floor":6.0},{"not_picked":["Auto Shields","Lockon","Double Energy"],"picked":"SKIP","floor":7.0},{"not_picked":["FTL","Steam"],"picked":"Cold Snap","floor":10},{"not_picked":["Skim","Static Discharge"],"picked":"Melter","floor":14},{"not_picked":["Buffer","Amplify"],"picked":"Electrodynamics","floor":16},{"not_picked":["Go for the Eyes","Blizzard"],"picked":"Cold Snap","floor":18},{"not_picked":["Scrape","Rip and Tear","Steam"],"picked":"SKIP","floor":19},{"not_picked":["Rebound","Doom and Gloom","Hello World+1"],"picked":"SKIP","floor":21},{"not_picked":["Heatsinks","Stack+1","Undo+1"],"picked":"SKIP","floor":24},{"not_picked":["Reprogram+1","Static Discharge+1"],"picked":"Leap+1","floor":25},{"not_picked":["Streamline+1","Gash+1","Stack"],"picked":"SKIP","floor":30},{"not_picked":["Barrage","Chill","Turbo"],"picked":"SKIP","floor":31},{"not_picked":["All For One","Reboot"],"picked":"Buffer","floor":33},{"not_picked":["Undo","Beam Cell+1","Cold Snap"],"picked":"SKIP","floor":35},{"not_picked":["Ball Lightning","Rip and Tear+1","Beam Cell+1"],"picked":"SKIP","floor":36},{"not_picked":["Coolheaded+1","Auto Shields+1"],"picked":"Chill","floor":39},{"not_picked":["Buffer","Gash","Heatsinks"],"picked":"Singing Bowl","floor":40}],"player_experience":190888,"relics_obtained":[{"floor":6.0,"key":"Happy Flower"},{"floor":9,"key":"Pear"},{"floor":24,"key":"Oddly Smooth Stone"},{"floor":26,"key":"Kunai"},{"floor":40,"key":"Ancient Tea Set"}],"event_choices":[{"damage_healed":0.0,"max_hp_gain":0.0,"max_hp_loss":0.0,"gold_gain":0.0,"event_name":"Shining Light","player_choice":"Entered Light","floor":2.0,"gold_loss":0.0,"damage_taken":15.0,"cards_upgraded":["Dualcast","Strike_B"]},{"damage_healed":25.0,"max_hp_gain":0.0,"max_hp_loss":0.0,"gold_gain":0.0,"event_name":"Big Fish","player_choice":"Banana","floor":4.0,"gold_loss":0.0,"damage_taken":0.0},{"damage_healed":0,"gold_gain":0,"player_choice":"Lose Max HP","damage_taken":0,"relics_obtained":["Golden Idol"],"max_hp_gain":0,"max_hp_loss":6,"event_name":"Golden Idol","floor":13,"gold_loss":0},{"cards_removed":["Strike_B"],"damage_healed":0,"gold_gain":0,"player_choice":"Purged","damage_taken":0,"max_hp_gain":0,"max_hp_loss":0,"event_name":"Purifier","floor":28,"gold_loss":0},{"damage_healed":20,"gold_gain":0,"player_choice":"Writhe","damage_taken":0,"max_hp_gain":0,"max_hp_loss":0,"event_name":"Winding Halls","floor":37,"gold_loss":0,"cards_obtained":["Writhe"]}],"is_beta":false,"boss_relics":[{"not_picked":["Ectoplasm","Astrolabe"],"picked":"Runic Pyramid"},{"not_picked":["Tiny House","Runic Dome"],"picked":"SacredBark"}],"items_purged_floors":[38],"is_endless":false,"potions_floor_spawned":[6,14,18,19,31,33,36,40],"killed_by":"Giant Head","ascension_level":4}}