{"host":"3a1ypf1irl30q4k8","time":1610645366,"event":{"mods":["AchievementEnabler","BaseMod","Bestiary","Colored Map","Minty Spire (QoL Compilation)","Relic Stats"],"gold_per_floor":[365,380,39,50,50,50,82,95,145,161,161,176,196,226,226,325,325,337,3,103,117,129,163,83,114,114,64,96,96,96],"floor_reached":29,"language":"ENG","playtime":1923,"items_purged":["Regret"],"score":325,"play_id":"633f95dd-4d19-489d-9555-0f6957f03848","local_time":"20210114172926","is_ascension_mode":true,"campfire_choices":[{"data":"ReachHeaven","floor":6,"key":"SMITH"},{"floor":11,"key":"REST"},{"data":"PathToVictory","floor":15,"key":"SMITH"}],"circlet_count":0,"master_deck":["Strike_P","Defend_P","Defend_P","Defend_P","Defend_P","Eruption","Vigilance","Consecrate","FollowUp","PathToVictory+1","ReachHeaven+1","PiercingWail","Shockwave","Cleave","PanicButton","Dagger Throw","Footwork","Sweeping Beam","Night Terror","Seeing Red+1","Wireheading","Bandage Up+1","CutThroughFate","LessonLearned","Hologram","Panacea+1"],"relics":["PureWater","PrismaticShard","Sundial","Orichalcum","Blood Vial","Empty Cage","Shovel","Pen Nib","TeardropLocket","InkBottle","Damaru","Shuriken"],"acts_visited":["Exordium","TheCity"],"potions_floor_usage":[13,21,23,25,28],"damage_taken":[{"damage":4,"enemies":"Cultist","floor":1,"turns":3},{"damage":3,"enemies":"Jaw Worm","floor":2,"turns":3},{"damage":0,"enemies":"Small Slimes","floor":4,"turns":2},{"damage":20,"enemies":"3 Sentries","floor":7,"turns":8},{"damage":8,"enemies":"Exordium Thugs","floor":8,"turns":3},{"damage":0,"enemies":"Large Slime","floor":10,"turns":3},{"damage":1,"enemies":"Looter","floor":12,"turns":3},{"damage":4,"enemies":"Exordium Wildlife","floor":13,"turns":4},{"damage":18,"enemies":"Gremlin Nob","floor":14,"turns":4},{"damage":20,"enemies":"The Guardian","floor":16,"turns":8},{"damage":0,"enemies":"Chosen","floor":18,"turns":4},{"damage":4,"enemies":"3 Byrds","floor":21,"turns":6},{"damage":9,"enemies":"Centurion and Healer","floor":22,"turns":6},{"damage":23,"enemies":"Gremlin Leader","floor":23,"turns":8},{"damage":9,"enemies":"Book of Stabbing","floor":25,"turns":5},{"damage":40,"enemies":"Gremlin Leader","floor":28,"turns":6},{"damage":19,"enemies":"Snake Plant","floor":29,"turns":1}],"seed_played":"-8594682138769202078","potions_obtained":[{"floor":1,"key":"BlessingOfTheForge"},{"floor":12,"key":"EssenceOfSteel"},{"floor":14,"key":"SkillPotion"},{"floor":21,"key":"BlessingOfTheForge"},{"floor":22,"key":"FearPotion"},{"floor":28,"key":"BlessingOfTheForge"}],"is_trial":false,"path_per_floor":["M","M","$","M","?","R","E","M","T","M","R","M","M","E","R","B",null,"M","$","?","M","M","E","$","E","T","?","E","M"],"character_chosen":"WATCHER","items_purchased":["PrismaticShard","PathToVictory","ReachHeaven","Wireheading","Shovel","LessonLearned"],"campfire_rested":1,"item_purchase_floors":[3,3,3,19,19,24],"current_hp_per_floor":[68,65,65,65,65,65,45,37,37,37,58,57,53,35,35,17,72,72,72,72,68,61,46,46,45,45,45,13,0,0],"gold":96,"neow_bonus":"TWO_FIFTY_GOLD","is_daily":false,"chose_seed":false,"campfire_upgraded":2,"win_rate":0.0,"timestamp":1610645366,"path_taken":["M","M","$","M","?","R","E","?","T","M","R","M","M","E","R","BOSS","M","$","?","?","M","E","$","E","T","?","E","M"],"items_purchased_type":["Relic","Card","Card","Card","Relic","Card"],"build_version":"2020-12-22","purchased_purges":1,"victory":false,"max_hp_per_floor":[72,72,72,72,72,72,72,72,72,72,72,72,72,72,72,72,72,72,72,72,72,72,72,72,72,72,72,72,72,72],"relic_stats":{"Blood Vial":12,"Shovel":0,"counters":[17,77],"Sundial":[8],"Shuriken":[0],"Pen Nib":[2],"Orichalcum":[132],"obtain_stats":[{"Blood Vial":14,"Shovel":19,"Sundial":7,"Shuriken":28,"Damaru":27,"Pen Nib":23,"TeardropLocket":25,"PureWater":0,"Orichalcum":9,"PrismaticShard":3,"Empty Cage":17,"InkBottle":26},{"Blood Vial":9,"Shovel":11,"Sundial":4,"Shuriken":16,"Damaru":15,"Pen Nib":14,"TeardropLocket":15,"PureWater":0,"Orichalcum":5,"PrismaticShard":2,"Empty Cage":10,"InkBottle":15},{"Blood Vial":33,"Shovel":45,"Sundial":16,"Shuriken":76,"Damaru":70,"Pen Nib":65,"TeardropLocket":70,"PureWater":0,"Orichalcum":19,"PrismaticShard":6,"Empty Cage":41,"InkBottle":70}],"InkBottle":[2]},"card_choices":[{"not_picked":["Weave","WindmillStrike"],"picked":"Consecrate","floor":1},{"not_picked":["Crescendo","Swivel"],"picked":"FollowUp","floor":2},{"not_picked":["Hemokinesis","Prostrate"],"picked":"PiercingWail","floor":4},{"not_picked":["Skim","Panache"],"picked":"Shockwave","floor":7},{"not_picked":["Deflect","Rip and Tear"],"picked":"Cleave","floor":8},{"not_picked":["Gash","Lockon"],"picked":"PanicButton","floor":10},{"not_picked":["Poisoned Stab","Madness"],"picked":"Dagger Throw","floor":12},{"not_picked":["Blade Dance","Rebound"],"picked":"Footwork","floor":13},{"not_picked":["Hologram","Blizzard"],"picked":"Sweeping Beam","floor":14},{"not_picked":["MasterReality","ConjureBlade"],"picked":"Night Terror","floor":16},{"not_picked":["Lockon","Halt"],"picked":"Seeing Red+1","floor":18},{"not_picked":["Dagger Throw","Underhanded Strike+1","Darkness"],"picked":"SKIP","floor":21},{"not_picked":["Body Slam","Prostrate+1"],"picked":"Bandage Up+1","floor":22},{"not_picked":["Compile Driver","Protect"],"picked":"CutThroughFate","floor":23},{"not_picked":["Searing Blow","Loop"],"picked":"Hologram","floor":25},{"not_picked":["Establishment","Heavy Blade+1"],"picked":"Panacea+1","floor":28}],"player_experience":1060728,"relics_obtained":[{"floor":7,"key":"Sundial"},{"floor":9,"key":"Orichalcum"},{"floor":14,"key":"Blood Vial"},{"floor":23,"key":"Pen Nib"},{"floor":25,"key":"TeardropLocket"},{"floor":26,"key":"InkBottle"},{"floor":28,"key":"Shuriken"}],"event_choices":[{"cards_removed":["Strike_P"],"damage_healed":0,"gold_gain":0,"player_choice":"Purged","damage_taken":0,"max_hp_gain":0,"max_hp_loss":0,"event_name":"Purifier","floor":5,"gold_loss":0},{"damage_healed":0,"gold_gain":100,"player_choice":"Pray","damage_taken":0,"max_hp_gain":0,"max_hp_loss":0,"event_name":"Golden Shrine","floor":20,"gold_loss":0},{"damage_healed":0,"gold_gain":0,"player_choice":"Paid Gold","damage_taken":0,"relics_obtained":["Damaru"],"max_hp_gain":0,"max_hp_loss":0,"event_name":"WeMeetAgain","floor":27,"gold_loss":50}],"is_beta":false,"boss_relics":[{"not_picked":["Runic Dome","Astrolabe"],"picked":"Empty Cage"}],"items_purged_floors":[3],"is_endless":false,"potions_floor_spawned":[1,12,14,21,22,28],"killed_by":"Snake Plant","ascension_level":2}}