{"host":"h2977v3ax51ohsow","time":1610634714,"event":{"mods":["Act Like it!","BaseMod","Colored Powertips","Hallownest","Minty Spire (QoL Compilation)","StSLib","The Bug Knight","The Servant 0.9.4"],"gold_per_floor":[99,59,36,52,2,33,33,33,105,20,55,68,95,112,112,210,210,225,145,145,161,214,229,254,265,265,297,297,323,434,469,469,565,565,577,14,14,14,14,46,46,73,73,99,14,46,110,125,125,125],"floor_reached":51,"language":"ZHS","playtime":4690,"items_purged":["Defend_S"],"score":1016,"play_id":"cf02dcb5-4358-42c0-9836-d5137e6f4747","local_time":"20210114223154","is_ascension_mode":true,"campfire_choices":[{"data":"Defy","floor":7,"key":"SMITH"},{"data":"SilverBlades","floor":15,"key":"SMITH"},{"data":"Luminosity","floor":28,"key":"SMITH"},{"data":"Gouge","floor":32,"key":"SMITH"},{"data":"MurderousAura","floor":41,"key":"SMITH"},{"data":"FlawlessForm","floor":49,"key":"SMITH"}],"circlet_count":0,"master_deck":["Strike_S","Strike_S","Strike_S","Defend_S+1","Defend_S","Defend_S","KidneyShot+1","Exchange","Rearm","Ricochet","SpecialFormula+1","Defy+1","MoonPhase","BottledTime","Spin","RealityMarble","Luminosity","SilverBlades+1","FlawlessForm+1","DoubleEdge+1","Hallownest:skillCityofTearsMap","StarChef","Spin","InstantArmor","Dilation","Gouge+1","Luminosity+1","Gouge+1","Shame","DoubleEdge","MurderousAura+1","ShiftingGears+1","BestPractice+1","Metamorphosis+1","Hallownest:curseDreamersLament","Starlight","Solidify","Replace","Hallownest:skillKingdomsEdgeMap","WasteNot","Defy+1"],"relics":["Uniform","Letter Opener","Ornamental Fan","White Beast Statue","Nunchaku","Coffee Dripper","Shuriken","Lizard Tail","Darkstone Periapt","CaptainsWheel","Meat on the Bone","HollowMod:StagPassRelic","Black Star","HollowMod:LifeEnderRelic","Hallownest:BeastSealRelic","Hallownest:HeavyBlowRelic","Blood Vial","TungstenRod","MealTicket","Juzu Bracelet","Bottled Lightning","Oddly Smooth Stone","Dream Catcher","HollowMod:PaleOreRelic","Unceasing Top","Gambling Chip"],"acts_visited":["Exordium","Hallownest:CityofTears","Hallownest:KingdomsEdge"],"potions_floor_usage":[4,6,6,13,13,13,13,14,16,16,18,22,23,24,24,31,33,35,40,42,44,44,46,47,48],"damage_taken":[{"damage":0,"enemies":"2 Louse","floor":1,"turns":2},{"damage":4,"enemies":"Cultist","floor":4,"turns":3},{"damage":19,"enemies":"Gremlin Nob","floor":6,"turns":5},{"damage":5,"enemies":"Lagavulin","floor":11,"turns":9},{"damage":0,"enemies":"Small Slimes","floor":12,"turns":2},{"damage":0,"enemies":"HollowMod:MossKnight","floor":13,"turns":7},{"damage":1,"enemies":"Blue Slaver","floor":14,"turns":3},{"damage":24,"enemies":"The Guardian","floor":16,"turns":8},{"damage":3,"enemies":"Hallownest:Guard_and_Sentry","floor":18,"turns":4},{"damage":7,"enemies":"Hallownest:3_Youths","floor":21,"turns":5},{"damage":3,"enemies":"Hallownest:Glutton_and_Coward","floor":22,"turns":3},{"damage":5,"enemies":"Hallownest:Warrior_and_Youth","floor":23,"turns":3},{"damage":12,"enemies":"Hallownest:eliteWatcherKnight","floor":24,"turns":8},{"damage":0,"enemies":"Hallownest:monsterMisterMushroom","floor":25,"turns":6},{"damage":0,"enemies":"Hallownest:Nosk","floor":27,"turns":5},{"damage":4,"enemies":"Hallownest:eliteSoulWarrior","floor":29,"turns":6},{"damage":3,"enemies":"Hallownest:eliteWatcherKnight","floor":31,"turns":11},{"damage":19,"enemies":"Hallownest:BossSoulMaster","floor":33,"turns":7},{"damage":40,"enemies":"Hallownest:2_Littles","floor":35,"turns":5},{"damage":17,"enemies":"Hallownest:StalkingDevout","floor":40,"turns":7},{"damage":0,"enemies":"Hallownest:eliteHiveKnight","floor":42,"turns":6},{"damage":6,"enemies":"Hallownest:StalkingDevout","floor":44,"turns":6},{"damage":44,"enemies":"Hallownest:eliteHiveKnight","floor":46,"turns":4},{"damage":63,"enemies":"Hallownest:2_Primals","floor":47,"turns":6},{"damage":8,"enemies":"Hallownest:3_Siblings","floor":48,"turns":5},{"damage":3,"enemies":"Hallownest:Radiance","floor":50,"turns":8}],"seed_played":"-7365294124926493778","potions_obtained":[{"floor":2,"key":"FearPotion"},{"floor":2,"key":"EntropicBrew"},{"floor":2,"key":"SpeedPotion"},{"floor":4,"key":"SteroidPotion"},{"floor":6,"key":"Strength Potion"},{"floor":12,"key":"Energy Potion"},{"floor":13,"key":"Fire Potion"},{"floor":14,"key":"Explosive Potion"},{"floor":16,"key":"SkillPotion"},{"floor":18,"key":"FairyPotion"},{"floor":21,"key":"Swift Potion"},{"floor":22,"key":"EssenceOfSteel"},{"floor":23,"key":"Strength Potion"},{"floor":24,"key":"Fruit Juice"},{"floor":25,"key":"Regen Potion"},{"floor":27,"key":"Fire Potion"},{"floor":31,"key":"Energy Potion"},{"floor":33,"key":"LiquidMemories"},{"floor":35,"key":"Dexterity Potion"},{"floor":40,"key":"ColorlessPotion"},{"floor":42,"key":"Weak Potion"},{"floor":44,"key":"Swift Potion"},{"floor":46,"key":"SpeedPotion"},{"floor":47,"key":"ColorlessPotion"},{"floor":48,"key":"SteroidPotion"}],"is_trial":false,"path_per_floor":["M","?","$","M","?","E","R","?","T","$","E","M","E","M","R","B",null,"M","?","T","M","M","M","E","M","T","E","R","E","?","E","R","B",null,"M","$","?","?","?","E","R","E","T","E","?","E","?","M","R","B",null],"character_chosen":"THE_SERVANT","items_purchased":["Ricochet","MoonPhase","BottledTime","BestPractice","Metamorphosis","HollowMod:LifeEnderRelic"],"campfire_rested":0,"item_purchase_floors":[3,10,10,36,36,36],"current_hp_per_floor":[65,65,65,61,61,46,46,33,33,33,36,44,52,59,59,43,65,62,62,62,63,62,57,58,66,66,70,70,70,76,76,76,65,76,56,56,62,62,77,68,68,78,78,74,74,52,36,42,42,53],"gold":125,"neow_bonus":"UPGRADE_CARD","is_daily":false,"chose_seed":false,"campfire_upgraded":6,"win_rate":0.0,"timestamp":1610634714,"path_taken":["M","?","?","M","?","E","R","?","T","?","E","M","E","M","R","BOSS","M","?","?","?","M","M","E","M","T","E","R","E","?","E","R","BOSS","M","$","?","?","?","E","R","E","T","E","?","E","?","M","R","BOSS"],"items_purchased_type":["Card","Card","Card","Card","Card","Relic"],"build_version":"2020-12-22","purchased_purges":1,"victory":true,"max_hp_per_floor":[65,65,65,65,65,65,65,65,65,65,65,65,65,65,65,65,65,65,65,65,65,65,65,70,70,70,70,70,70,76,76,76,76,76,76,76,82,82,82,82,82,82,82,82,82,82,82,82,82,82],"card_choices":[{"not_picked":["Spin","Read"],"picked":"Rearm","floor":1},{"not_picked":["Rearm","Spin"],"picked":"SpecialFormula","floor":4},{"not_picked":["BottledTime","TimeWarp"],"picked":"Defy","floor":6},{"not_picked":["FastForward","Starlight"],"picked":"Spin","floor":11},{"not_picked":["Starlight","Collapse"],"picked":"RealityMarble","floor":12},{"not_picked":["Snipe","TimeWarp"],"picked":"Luminosity","floor":13},{"not_picked":["Moonlight","Manipulate"],"picked":"SilverBlades","floor":14},{"not_picked":["FloweringNight","Initiator"],"picked":"FlawlessForm","floor":16},{"not_picked":["WasteNot","Ricochet+1"],"picked":"DoubleEdge+1","floor":18},{"not_picked":["Starlight","SilverBlades+1"],"picked":"StarChef","floor":21},{"not_picked":["StarChef","FastForward+1"],"picked":"Spin","floor":22},{"not_picked":["Reset","DoubleEdge"],"picked":"InstantArmor","floor":23},{"not_picked":["GearUp","BottledTime+1"],"picked":"Dilation","floor":24},{"not_picked":["ReturningBlade","Snipe"],"picked":"Gouge+1","floor":25},{"not_picked":["ShatteredReality","FanOfKnives"],"picked":"Luminosity","floor":27},{"not_picked":["Contraction","TimeWarp"],"picked":"Gouge","floor":29},{"not_picked":["Ricochet","BottledTime+1"],"picked":"DoubleEdge","floor":31},{"not_picked":["Initiator","SoulSculpture"],"picked":"MurderousAura","floor":33},{"not_picked":["ShatteredReality+1","BottledTime+1"],"picked":"ShiftingGears+1","floor":35},{"not_picked":["TimeWarp","Barrier"],"picked":"Starlight","floor":40},{"not_picked":["Replace","FloweringNight"],"picked":"Solidify","floor":42},{"not_picked":["ShatteredReality","Defy+1"],"picked":"Replace","floor":44},{"not_picked":["ShatteredReality","FastForward"],"picked":"WasteNot","floor":46},{"not_picked":["Deny","Starlight+1"],"picked":"Defy+1","floor":48}],"player_experience":51816,"relics_obtained":[{"floor":6,"key":"Letter Opener"},{"floor":9,"key":"Ornamental Fan"},{"floor":11,"key":"White Beast Statue"},{"floor":13,"key":"Nunchaku"},{"floor":20,"key":"Shuriken"},{"floor":24,"key":"Lizard Tail"},{"floor":26,"key":"Darkstone Periapt"},{"floor":27,"key":"CaptainsWheel"},{"floor":29,"key":"Meat on the Bone"},{"floor":31,"key":"HollowMod:StagPassRelic"},{"floor":40,"key":"Blood Vial"},{"floor":40,"key":"TungstenRod"},{"floor":42,"key":"MealTicket"},{"floor":42,"key":"Juzu Bracelet"},{"floor":43,"key":"Bottled Lightning"},{"floor":44,"key":"Oddly Smooth Stone"},{"floor":44,"key":"Dream Catcher"},{"floor":46,"key":"HollowMod:PaleOreRelic"},{"floor":46,"key":"Unceasing Top"},{"floor":47,"key":"Gambling Chip"}],"event_choices":[{"damage_healed":0,"gold_gain":0,"player_choice":"Bought 3 Potions","damage_taken":0,"max_hp_gain":0,"max_hp_loss":0,"event_name":"The Woman in Blue","floor":2,"gold_loss":0},{"cards_removed":["Strike_S"],"damage_healed":0,"gold_gain":0,"player_choice":"Card Removal","damage_taken":0,"max_hp_gain":0,"max_hp_loss":0,"event_name":"The Cleric","floor":5,"gold_loss":50},{"damage_healed":0,"gold_gain":0,"player_choice":"Entered Light","damage_taken":13,"max_hp_gain":0,"max_hp_loss":0,"event_name":"Shining Light","floor":8,"gold_loss":0,"cards_upgraded":["SpecialFormula","Defend_S"]}],"is_beta":false,"boss_relics":[{"not_picked":["Sozu","Runic Dome"],"picked":"Coffee Dripper"},{"not_picked":["Fusion Hammer","Astrolabe"],"picked":"Black Star"}],"items_purged_floors":[36],"is_endless":false,"potions_floor_spawned":[4,6,12,13,14,16,18,21,22,23,24,25,27,29,31,33,35,40,42,44,46,47,48],"ascension_level":1}}