{"host":"xvhc8sga2tdal1wt","time":1610642691,"event":{"mods":["Act Like it!","Ascension Reborn","Aspiration","BaseMod","Better Match","Better Note","Better Skull","Better Third Choice","BetterRewards","Block Reminder","Conspire","Duelist Mod","Energized Spire","GungeonMod","Hallownest","Hubris","Infinite Spire","Minty Spire (QoL Compilation)","Quick Restart","Replay The Spire","Shop Mod","StSLib","[IsaacMod]????"],"gold_per_floor":[139,139,152,168,191,191,225,264,288,288,288,312,312,332,332,332,428,558,558,577,600,600,613,613,613,629,647,647,647,647,647,671,671,687,702,702,871,871,943,943,943,943,128,128,152,152,200,228,76,102,102,102,102,102],"floor_reached":55,"language":"ENG","playtime":2846,"items_purged":["theDuelist:CurseAnubis"],"score":946,"play_id":"9f37619b-130a-43b0-b0a0-1deaac6af725","local_time":"20210114174451","is_ascension_mode":true,"campfire_choices":[{"data":"theDuelist:RedMirror","floor":6.0,"key":"SMITH"},{"data":"theDuelist:Raigeki","floor":25.0,"key":"SMITH"},{"floor":31.0,"key":"REST"},{"floor":36.0,"key":"REST"},{"data":"theDuelist:DarknessNeosphere","floor":44.0,"key":"SMITH"},{"data":"theDuelist:UmbralHorrorWilloWisp","floor":46.0,"key":"SMITH"},{"floor":51.0,"key":"REST"},{"data":"theDuelist:RainbowOverdragon","floor":53.0,"key":"SMITH"}],"circlet_count":0,"master_deck":["theDuelist:ArchfiendSoldier","theDuelist:ArchfiendSoldier","theDuelist:CastleWalls","theDuelist:CastleWalls","theDuelist:CastleWalls","theDuelist:FiendMegacyber","theDuelist:Sparks","theDuelist:Sparks","theDuelist:SummonedSkull","theDuelist:UmbralHorrorWilloWisp+1","theDuelist:DarkEnergy","theDuelist:RedMirror+1","theDuelist:VanityFiend","theDuelist:SlateWarrior","theDuelist:BigFire","theDuelist:Raigeki+1","theDuelist:DarklordMarie","theDuelist:PutridPudding","theDuelist:GracefulCharity","Necronomicurse","theDuelist:DarknessNeosphere+1","theDuelist:RainbowOverdragon+1","theDuelist:DarkHunter+1","theDuelist:DarkMasterZorc+1","CurseOfTheBell","theDuelist:GracefulCharity+1","theDuelist:EvilswarmNightmare","theDuelist:PortraitSecret","theDuelist:PutridPudding+1"],"relics":["theDuelist:MillenniumPuzzle","theDuelist:CardPoolRelic","theDuelist:CardPoolBasicRelic","theDuelist:BoosterPackPoolRelic","theDuelist:CardPoolAddRelic","theDuelist:CardPoolMinusRelic","theDuelist:CardPoolSaveRelic","theDuelist:CardPoolOptionsRelic","HushsDoor","YumHeart","Golden Idol","infinitespire:Lychee Nut","King of Hearts","Smiling Mask","theDuelist:MillenniumPeriapt","Ring of Chaos","Necronomicon","Shuriken","infinitespire:EvilPickle","Calling Bell","Replay:Wax Seal","Replay:WaspNest","hubris:GlazedTorus","hubris:Towel","ReplayTheSpireMod:TigerMarble","hubris:CuriousFeather","theDuelist:CardRewardRelicI","Orichalcum","Toolbox"],"acts_visited":["Exordium","TheCity","TheBeyond"],"potions_floor_usage":[54,54],"damage_taken":[{"damage":0.0,"enemies":"conspire:RoseBush","floor":1.0,"turns":3.0},{"damage":5.0,"enemies":"2 Louse","floor":3.0,"turns":2.0},{"damage":6.0,"enemies":"Cultist","floor":4.0,"turns":3.0},{"damage":4.0,"enemies":"conspire:2 RoseBushes","floor":5.0,"turns":5.0},{"damage":20.0,"enemies":"3 Sentries","floor":7.0,"turns":3.0},{"damage":6.0,"enemies":"conspire:MimicChest","floor":8.0,"turns":3.0},{"damage":5.0,"enemies":"Looter","floor":12.0,"turns":3.0},{"damage":0.0,"enemies":"Gremlin Gang","floor":14.0,"turns":2.0},{"damage":36.0,"enemies":"Hexaghost","floor":18.0,"turns":4.0},{"damage":0.0,"enemies":"Spheric Guardian","floor":20.0,"turns":3.0},{"damage":12.0,"enemies":"Chosen","floor":21.0,"turns":5.0},{"damage":34.0,"enemies":"Shelled Parasite and Fungi","floor":23.0,"turns":6.0},{"damage":20.0,"enemies":"Snake Plant","floor":26.0,"turns":2.0},{"damage":18.0,"enemies":"Cultist and Chosen","floor":27.0,"turns":5.0},{"damage":37.0,"enemies":"Shelled Parasite and Fungi","floor":32.0,"turns":3.0},{"damage":32.0,"enemies":"Centurion and Healer","floor":34.0,"turns":4.0},{"damage":19.0,"enemies":"3 Cultists","floor":35.0,"turns":4.0},{"damage":25.0,"enemies":"Pondfish","floor":37.0,"turns":6.0},{"damage":36.0,"enemies":"3 Shapes","floor":39.0,"turns":4.0},{"damage":10.0,"enemies":"Orb Walker","floor":45.0,"turns":2.0},{"damage":36.0,"enemies":"Writhing Mass","floor":48.0,"turns":4.0},{"damage":7.0,"enemies":"Transient","floor":50.0,"turns":5.0},{"damage":76,"enemies":"hubris:GrandSnecko","floor":54,"turns":9}],"seed_played":"1963078629597297503","potions_obtained":[{"floor":1.0,"key":"Dexterity Potion"},{"floor":4.0,"key":"Milkshake"},{"floor":7.0,"key":"SpeedPotion"},{"floor":12.0,"key":"AttackPotion"},{"floor":32.0,"key":"Explosive Potion"},{"floor":34.0,"key":"Dexterity Potion"},{"floor":37.0,"key":"Block Potion"}],"is_trial":false,"path_per_floor":["M","?","M","M","M","R","E","?","T","PTL","PTL","M","?","M","$","?","R","B",null,"M","M","?","M","?","R","M","M","T","PTL","PTL","R","M","?","M","M","R","B",null,"M","?","?","?","$","R","M","R","T","M","$","M","R","?","R","B",null],"character_chosen":"THE_DUELIST","items_purchased":["ReplayTheSpireMod:TigerMarble","theDuelist:EvilswarmNightmare","hubris:CuriousFeather","theDuelist:CardRewardRelicI","Toolbox"],"campfire_rested":3,"item_purchase_floors":[43,43,43,43,49],"current_hp_per_floor":[88,66,61,55,76,76,56,55,55,55,55,55,55,58,58,58,58,30,66,66,57,57,60,44,44,27,18,18,18,18,37,5,33,18,8,31,12,77,50,50,50,50,50,50,68,68,68,41,41,40,63,63,63,5],"gold":102,"neow_bonus":"TEN_PERCENT_HP_BONUS","is_daily":false,"chose_seed":false,"campfire_upgraded":5,"win_rate":0.0,"timestamp":1610642691,"path_taken":["M","?","M","?","M","R","E","?","T","PTL","PTL","?","?","M","$","?","R","BOSS","M","M","?","M","?","R","M","M","T","PTL","PTL","R","?","?","?","M","R","BOSS","M","?","?","?","?","R","M","R","T","?","$","M","R","?","R","BOSS"],"items_purchased_type":["Relic","Card","Relic","Relic","Relic"],"build_version":"2020-12-22","purchased_purges":1,"victory":true,"max_hp_per_floor":[88,88,88,88,88,88,66,66,66,66,66,66,66,66,66,66,66,66,66,66,66,66,66,66,66,66,66,66,66,66,66,66,69,77,77,77,77,77,77,77,77,77,77,77,77,77,77,77,77,77,77,77,77,77],"card_choices":[{"not_picked":["theDuelist:BerserkerCrush","theDuelist:DoomcaliberKnight"],"picked":"theDuelist:UmbralHorrorWilloWisp","floor":0.0},{"not_picked":["theDuelist:TwinHeadedWolf","theDuelist:CyberArchfiend","theDuelist:UmbralHorrorUniform","theDuelist:FiendMegacyber"],"picked":"theDuelist:DarkEnergy","floor":1.0},{"not_picked":["theDuelist:DoomDonuts","theDuelist:DarknessNeosphere","theDuelist:Doomdog"],"picked":"theDuelist:RedMirror","floor":3.0},{"not_picked":["theDuelist:TwinHeadedWolf","theDuelist:BeastTalwar","theDuelist:DarklordMarie","theDuelist:Pumpking"],"picked":"theDuelist:VanityFiend","floor":4.0},{"not_picked":["theDuelist:GarbageLord","theDuelist:KingYami","theDuelist:AlienTelepath","theDuelist:GrossGhost"],"picked":"theDuelist:SlateWarrior","floor":5.0},{"not_picked":["theDuelist:GraniteLoyalist","theDuelist:WormWarlord","theDuelist:DarklordSuperbia","theDuelist:EarthquakeGiant"],"picked":"theDuelist:BigFire","floor":7.0},{"not_picked":["theDuelist:DarklordSuperbia","theDuelist:GaiaMidNightSun","theDuelist:MudGolem","theDuelist:Mathematician"],"picked":"theDuelist:Raigeki","floor":8.0},{"not_picked":["theDuelist:Pumpking","theDuelist:AmbitiousGofer","theDuelist:PortraitSecret","theDuelist:Doomdog"],"picked":"theDuelist:DarklordMarie","floor":12.0},{"not_picked":["theDuelist:OneForOne+1","theDuelist:Wiretap","theDuelist:DianKeto+1","theDuelist:RedMedicine+1"],"picked":"theDuelist:DestructPotion","floor":14.0},{"not_picked":["theDuelist:ArchfiendCommander","theDuelist:CallGrave","theDuelist:Tierra","theDuelist:FabledGallabas"],"picked":"theDuelist:PutridPudding","floor":18.0},{"not_picked":["theDuelist:CyberArchfiend","theDuelist:DrivenDaredevil+1","theDuelist:EvilswarmNightmare","theDuelist:BerserkerCrush"],"picked":"theDuelist:GracefulCharity","floor":20.0},{"not_picked":["theDuelist:WingedKuriboh","theDuelist:GreyGreedOni+1","theDuelist:Kuriboh","theDuelist:Terraforming","theDuelist:RainbowGravity+1"],"picked":"SKIP","floor":21.0},{"not_picked":["Apotheosis","Bandage Up","Metamorphosis","Transmutation"],"picked":"SKIP","floor":23.0},{"not_picked":["theDuelist:ArchfiendSoldier","theDuelist:SlateWarrior","theDuelist:AmbitiousGofer+1","theDuelist:MsJudge","theDuelist:WanderingKing"],"picked":"SKIP","floor":26.0},{"not_picked":["theDuelist:DoomDonuts","theDuelist:RedMirror","theDuelist:Doomdog","theDuelist:CallGrave"],"picked":"theDuelist:DarknessNeosphere","floor":27.0},{"not_picked":["theDuelist:DestroyerGolem+1","theDuelist:EvilswarmHeliotrope","theDuelist:GemElephant","theDuelist:LabyrinthWall"],"picked":"theDuelist:RainbowOverdragon","floor":32.0},{"not_picked":["theDuelist:TerraTerrible+1","theDuelist:DarkFusion","theDuelist:AmbitiousGofer","theDuelist:Zombyra","theDuelist:GarbageLord"],"picked":"SKIP","floor":34.0},{"not_picked":["theDuelist:DoomsdayHorror","theDuelist:FabledAshenveil+1","theDuelist:AlienTelepath+1","theDuelist:ArchfiendGeneral"],"picked":"theDuelist:DarkHunter+1","floor":35.0},{"not_picked":["theDuelist:FeatherShot","theDuelist:PutridPudding","theDuelist:ArchfiendCommander","theDuelist:FabledGallabas+1"],"picked":"theDuelist:DarkMasterZorc+1","floor":37.0},{"not_picked":["theDuelist:CosmicHorrorGangiel","theDuelist:DarkEnergy","theDuelist:AlienTelepath","theDuelist:SkullArchfiend+1"],"picked":"theDuelist:GracefulCharity+1","floor":39.0},{"not_picked":["theDuelist:UmbralHorrorUniform+1","theDuelist:PotDuality+1","theDuelist:TributeDoomed","theDuelist:MsJudge+1"],"picked":"theDuelist:PortraitSecret","floor":45.0},{"not_picked":["theDuelist:CosmicHorrorGangiel","theDuelist:GarbageLord","theDuelist:GrossGhost","theDuelist:ArchfiendGeneral+1"],"picked":"theDuelist:PutridPudding+1","floor":48.0},{"not_picked":["theDuelist:TwinHeadedWolf","theDuelist:UmbralHorrorUniform+1","theDuelist:FiendSkull+1","theDuelist:BerserkerCrush+1","theDuelist:FiendishChain+1"],"picked":"SKIP","floor":50.0}],"player_experience":117802,"relics_obtained":[{"floor":7.0,"key":"infinitespire:Lychee Nut"},{"floor":8.0,"key":"King of Hearts"},{"floor":9.0,"key":"Smiling Mask"},{"floor":24.0,"key":"Necronomicon"},{"floor":28.0,"key":"Shuriken"},{"floor":38.0,"key":"Replay:Wax Seal"},{"floor":38.0,"key":"Replay:WaspNest"},{"floor":38.0,"key":"hubris:GlazedTorus"},{"floor":47.0,"key":"DemoMod:WeirdEgg"}],"event_choices":[{"damage_healed":0.0,"max_hp_gain":0.0,"max_hp_loss":0.0,"gold_gain":0.0,"event_name":"Golden Idol","player_choice":"Take Damage","floor":2.0,"gold_loss":0.0,"damage_taken":22.0,"relics_obtained":["Golden Idol"]},{"damage_healed":0.0,"max_hp_gain":0.0,"max_hp_loss":0.0,"gold_gain":0.0,"event_name":"Millennium Items","player_choice":"Took item - Received: Millennium Periapt","duelist":true,"floor":16.0,"gold_loss":0.0,"damage_taken":0.0},{"cards_removed":["theDuelist:RedMirror"],"damage_healed":0.0,"max_hp_gain":0.0,"max_hp_loss":0.0,"gold_gain":0.0,"event_name":"betterNote:BetterNote","player_choice":"Give","floor":22.0,"gold_loss":0.0,"damage_taken":0.0,"cards_obtained":["Iron Wave"]},{"damage_healed":0.0,"max_hp_gain":0.0,"max_hp_loss":0.0,"gold_gain":0.0,"event_name":"Cursed Tome","player_choice":"Obtained Book","floor":24.0,"gold_loss":0.0,"damage_taken":16.0},{"cards_removed":["theDuelist:ArchfiendSoldier"],"damage_healed":0.0,"max_hp_gain":0.0,"max_hp_loss":0.0,"gold_gain":0.0,"event_name":"Falling","player_choice":"Removed Attack","floor":41.0,"gold_loss":0.0,"damage_taken":0.0},{"damage_healed":0.0,"max_hp_gain":0.0,"max_hp_loss":0.0,"gold_gain":0.0,"event_name":"Relic Duplicator","player_choice":"Leave","duelist":true,"floor":42.0,"gold_loss":0.0,"damage_taken":0.0},{"damage_healed":0.0,"max_hp_gain":0.0,"max_hp_loss":0.0,"gold_gain":0.0,"event_name":"Egyptian Village","player_choice":"Leave","duelist":true,"floor":52.0,"gold_loss":0.0,"damage_taken":0.0}],"is_beta":false,"boss_relics":[{"not_picked":["Black Star","energizedSpire:StickyHand"],"picked":"Ring of Chaos"},{"not_picked":[]},{"not_picked":["conspire:SlowCooker","hubris:Stopwatch"],"picked":"Calling Bell"},{"not_picked":[]}],"items_purged_floors":[43],"is_endless":false,"potions_floor_spawned":[1,4,7,12,32,34,35,37,39,45],"ascension_level":0}}