{"host":"4wxnf20i0it58n8p","time":1610656846,"event":{"mods":["ATMod(°¢èªMod)","Arknights The Spire","BaseMod","BetterRewards","Colored Map","Conspire","Downfall","Infinite Spire","KinomotoSakuraMod(Ä¾Ö®±¾Ó£)","Lobotomy","Marisa£¨ìFÓê¡¡Ä§ÀíÉ³£©","Mimic Mod","Minty Spire (QoL Compilation)","Replay The Spire","Shop Mod","StSLib","The Jungle","The Servant 0.9.4"],"gold_per_floor":[112,127,143,143,154,179,30,30,30,48,73,73,73,89,89,169,169],"floor_reached":16,"language":"ZHS","playtime":1231,"items_purged":[],"score":118,"play_id":"1ea261e4-6e76-4668-b27a-b60efcef99ac","local_time":"20210115044046","is_ascension_mode":true,"campfire_choices":[{"floor":12,"key":"REST"},{"data":"Pommel Strike","floor":15,"key":"SMITH"}],"circlet_count":0,"master_deck":["Strike_R","Strike_R","Strike_R","Strike_R","Defend_R","Defend_R","Defend_R+1","Defend_R","Bash","AT_ChampionStep","LaLuna","conspire:Charge","Scarecrow","Pommel Strike+1","QueenOfHatred","Warcry","QueenBee","Thunderclap","SnowQueen","DespairKnight","Dropkick","Pommel Strike","VoidDream","Twin Strike","OldLady"],"relics":["Burning Blood","AT_ATBox","CogitoBucket","infinitespire:Bottled Soul","conspire:TreasureMap","ChangeAnything","AT_ImmortalShieldbow"],"acts_visited":["Exordium"],"potions_floor_usage":[10],"damage_taken":[{"damage":10,"enemies":"Cultist","floor":1,"turns":4},{"damage":2,"enemies":"2 Louse","floor":2,"turns":3},{"damage":14,"enemies":"Small Slimes","floor":3,"turns":4},{"damage":13,"enemies":"2 Fungi Beasts","floor":5,"turns":3},{"damage":40,"enemies":"Lagavulin","floor":6,"turns":4},{"damage":16,"enemies":"3 Louse","floor":10,"turns":3},{"damage":28,"enemies":"3 Sentries","floor":11,"turns":5},{"damage":10,"enemies":"Looter","floor":14,"turns":3},{"damage":98,"enemies":"Hexaghost","floor":16,"turns":9}],"seed_played":"-2805274077943428641","potions_obtained":[{"floor":2,"key":"Explosive Potion"},{"floor":11,"key":"Adrenaline Potion"},{"floor":14,"key":"LifebloodPotion"}],"is_trial":false,"path_per_floor":["M","M","M","?","M","E","$","?","T","M","E","R","?","M","R","B"],"character_chosen":"IRONCLAD","items_purchased":["conspire:TreasureMap"],"campfire_rested":1,"item_purchase_floors":[7],"current_hp_per_floor":[76,80,72,72,71,44,44,44,44,40,24,48,48,50,50,0,0],"gold":169,"neow_bonus":"","is_daily":false,"chose_seed":false,"campfire_upgraded":1,"win_rate":0.0,"timestamp":1610656846,"path_taken":["M","?","M","?","M","E","$","?","T","M","E","R","?","M","R","BOSS"],"items_purchased_type":["Relic"],"build_version":"2020-12-22","purchased_purges":0,"victory":false,"max_hp_per_floor":[80,80,80,80,80,80,80,80,80,80,80,80,80,80,80,80,80],"card_choices":[{"not_picked":["MHz","Yin"],"picked":"LaLuna","floor":1},{"not_picked":["Bloodletting","Heavy Blade"],"picked":"conspire:Charge","floor":1},{"not_picked":["Wellcheers","BeautyBeast"],"picked":"Scarecrow","floor":2},{"not_picked":["Headbutt","Reckless Charge"],"picked":"Pommel Strike","floor":2},{"not_picked":["FairyFestival","Wellcheers"],"picked":"QueenOfHatred","floor":3},{"not_picked":["Perfected Strike","Fiend Fire"],"picked":"Warcry","floor":3},{"not_picked":["FairyFestival","MeatLantern"],"picked":"QueenBee","floor":5},{"not_picked":["Headbutt","Sword Boomerang"],"picked":"Thunderclap","floor":5},{"not_picked":["Alriune","Porccubus"],"picked":"SnowQueen","floor":6},{"not_picked":["Searing Blow","ReplayTheSpireMod:Strike From Hell","Ghostly Armor"],"picked":"SKIP","floor":6},{"not_picked":["PunishingBird","MHz"],"picked":"DespairKnight","floor":10},{"not_picked":["Replay:Undeath\u0027s Touch","Metallicize"],"picked":"Dropkick","floor":10},{"not_picked":["Clash","Run Through"],"picked":"Pommel Strike","floor":11},{"not_picked":["CherryBlossoms","LongBird"],"picked":"VoidDream","floor":11},{"not_picked":["RedShoes","CrumblingArmor"],"picked":"OldLady","floor":14},{"not_picked":["Perfected Strike","Heavy Blade","Abandon"],"picked":"SKIP","floor":14}],"player_experience":316061,"relics_obtained":[{"floor":6,"key":"infinitespire:Bottled Soul"},{"floor":11,"key":"AT_ImmortalShieldbow"}],"event_choices":[{"damage_healed":0,"gold_gain":0,"cards_transformed":["Strike_R"],"player_choice":"Change","damage_taken":0,"max_hp_gain":0,"max_hp_loss":0,"event_name":"Living Wall","floor":13,"gold_loss":0,"cards_obtained":["Twin Strike"]}],"is_beta":false,"boss_relics":[],"items_purged_floors":[],"is_endless":false,"potions_floor_spawned":[2,11,14],"killed_by":"Hexaghost","ascension_level":1}}