{"host":"wshh0nphwn6jv7vj","time":1610617704,"event":{"mods":["BaseMod","Bestiary","Minty Spire (QoL Compilation)","Relic Stats"],"gold_per_floor":[113,38,38,38,52,86,104,104,104,124,158,29,47,75,75,154,154,168,168,145,145,145],"floor_reached":21,"language":"ENG","playtime":909,"items_purged":["Strike_B"],"score":368,"play_id":"528e4f98-e851-448a-b6ca-0d0cce9c19cd","local_time":"20210114044824","is_ascension_mode":true,"campfire_choices":[{"floor":8,"key":"REST"},{"floor":15,"key":"REST"}],"circlet_count":0,"master_deck":["AscendersBane","Strike_B","Defend_B","Defend_B+1","Defend_B","Defend_B","Zap","Dualcast","Mayhem","Sweeping Beam","Go for the Eyes+1","Doom and Gloom","Sunder","Cold Snap","Cold Snap+1","Hologram","Rainbow","Coolheaded+1","Echo Form","Self Repair","Streamline+1"],"relics":["Cracked Core","Cables","Question Card","Whetstone","Meat on the Bone","Inserter","War Paint"],"acts_visited":["Exordium","TheCity"],"potions_floor_usage":[11,11,14],"damage_taken":[{"damage":1,"enemies":"Cultist","floor":1,"turns":4},{"damage":6,"enemies":"2 Louse","floor":5,"turns":4},{"damage":35,"enemies":"Gremlin Nob","floor":6,"turns":4},{"damage":2,"enemies":"Jaw Worm","floor":7,"turns":4},{"damage":3,"enemies":"Blue Slaver","floor":10,"turns":4},{"damage":21,"enemies":"3 Sentries","floor":11,"turns":7},{"damage":3,"enemies":"Large Slime","floor":13,"turns":4},{"damage":5,"enemies":"Lagavulin","floor":14,"turns":5},{"damage":9,"enemies":"The Guardian","floor":16,"turns":10},{"damage":16,"enemies":"Shell Parasite","floor":18,"turns":7},{"damage":32,"enemies":"2 Thieves","floor":20,"turns":4},{"damage":30,"enemies":"Snake Plant","floor":21,"turns":3}],"seed_played":"6320068543334604165","potions_obtained":[{"floor":5,"key":"Regen Potion"},{"floor":10,"key":"CultistPotion"},{"floor":11,"key":"SteroidPotion"},{"floor":13,"key":"SkillPotion"},{"floor":16,"key":"FocusPotion"}],"is_trial":false,"path_per_floor":["M","?","?","T","M","E","M","R","T","M","E","$","M","E","R","B",null,"M","?","M","M"],"character_chosen":"DEFECT","items_purchased":["Hologram"],"campfire_rested":2,"item_purchase_floors":[12],"current_hp_per_floor":[63,63,56,56,50,15,13,32,32,29,23,23,20,15,34,37,57,41,41,28,0,0],"gold":145,"neow_bonus":"RANDOM_COLORLESS_2","is_daily":false,"chose_seed":false,"campfire_upgraded":0,"win_rate":0.0,"timestamp":1610617704,"path_taken":["M","?","?","?","M","E","M","R","T","M","E","?","?","E","R","BOSS","M","?","M","?"],"items_purchased_type":["Card"],"build_version":"2020-12-22","purchased_purges":1,"victory":false,"max_hp_per_floor":[64,64,64,64,64,64,64,64,64,64,64,64,64,64,64,64,64,64,64,64,64,64],"relic_stats":{"Inserter":[7],"counters":[12,60],"Whetstone":["Cold Snap","Go for the Eyes"],"War Paint":["Coolheaded","Defend_B"],"Question Card":8,"obtain_stats":[{"Inserter":17,"Whetstone":11,"War Paint":19,"Cracked Core":0,"Question Card":6,"Cables":4,"Meat on the Bone":14},{"Inserter":9,"Whetstone":6,"War Paint":10,"Cracked Core":0,"Question Card":3,"Cables":1,"Meat on the Bone":8},{"Inserter":46,"Whetstone":27,"War Paint":53,"Cracked Core":0,"Question Card":12,"Cables":4,"Meat on the Bone":36}],"Cables":[47,31,15,1,0],"Meat on the Bone":24},"card_choices":[{"not_picked":["Sadistic Nature","Transmutation"],"picked":"Mayhem","floor":0},{"not_picked":["Redo","Go for the Eyes"],"picked":"Sweeping Beam","floor":1},{"not_picked":["Reinforced Body","Skim"],"picked":"Go for the Eyes","floor":5},{"not_picked":["Rip and Tear","Undo"],"picked":"Doom and Gloom","floor":6},{"not_picked":["Hologram","Capacitor","Turbo"],"picked":"Sunder","floor":7},{"not_picked":["Go for the Eyes","Auto Shields","Compile Driver"],"picked":"Cold Snap","floor":10},{"not_picked":["Heatsinks","Stack","Ball Lightning"],"picked":"Cold Snap","floor":11},{"not_picked":["Coolheaded","Compile Driver","Leap"],"picked":"Rainbow","floor":13},{"not_picked":["Turbo","Storm","Leap"],"picked":"Coolheaded","floor":14},{"not_picked":["Machine Learning","Multi-Cast","Reboot"],"picked":"Echo Form","floor":16},{"not_picked":["Force Field","Capacitor","Sweeping Beam"],"picked":"Self Repair","floor":18},{"not_picked":["Gash","Ball Lightning","Hello World"],"picked":"Streamline+1","floor":20}],"player_experience":1572242,"relics_obtained":[{"floor":4,"key":"Cables"},{"floor":6,"key":"Question Card"},{"floor":11,"key":"Whetstone"},{"floor":14,"key":"Meat on the Bone"}],"event_choices":[{"cards_removed":["Strike_B"],"damage_healed":0,"gold_gain":0,"player_choice":"Card Removal","damage_taken":0,"max_hp_gain":0,"max_hp_loss":0,"event_name":"The Cleric","floor":2,"gold_loss":75},{"cards_removed":["Strike_B"],"damage_healed":0,"gold_gain":0,"player_choice":"Card Removal","damage_taken":7,"max_hp_gain":0,"max_hp_loss":0,"event_name":"Golden Wing","floor":3,"gold_loss":0},{"damage_healed":0,"gold_gain":0,"player_choice":"Gave Potion","damage_taken":0,"relics_obtained":["War Paint"],"max_hp_gain":0,"max_hp_loss":0,"event_name":"WeMeetAgain","floor":19,"gold_loss":0}],"is_beta":false,"boss_relics":[{"not_picked":["Fusion Hammer","Runic Dome"],"picked":"Inserter"}],"items_purged_floors":[12],"is_endless":false,"potions_floor_spawned":[5,10,11,13,16],"killed_by":"Snake Plant","ascension_level":17}}