{"host":"kh4wzxwh3q3yppxp","time":1610652270,"event":{"mods":["AchievementEnabler","BaseMod","Colored Map","DeckTracker","Minty Spire (QoL Compilation)","Quick Restart","StSLib"],"gold_per_floor":[110,110,31,49,1,1,1,14,65,96,96,96,115,129,129,234,234,252,252,19,31,0,0,25,25,25],"floor_reached":25,"language":"ENG","playtime":1900,"items_purged":[],"score":219,"play_id":"2134185a-d08d-466a-877e-5eb778048f81","local_time":"20210114212430","is_ascension_mode":false,"campfire_choices":[{"data":"Hologram","floor":6,"key":"SMITH"},{"floor":15,"key":"REST"},{"floor":23,"key":"REST"}],"circlet_count":0,"master_deck":["Strike_B","Strike_B","Defend_B","Defend_B","Defend_B","Defend_B","Zap","Dualcast","Fusion","Static Discharge","Heatsinks","Self Repair","Hologram+1","Streamline","Electrodynamics","Coolheaded","Self Repair","Biased Cognition","Aggregate","Capacitor","Sweeping Beam+1"],"relics":["Cracked Core","NeowsBlessing","White Beast Statue","Inserter","Chemical X","Sundial"],"acts_visited":["Exordium","TheCity"],"potions_floor_usage":[16,16],"damage_taken":[{"damage":0,"enemies":"Jaw Worm","floor":1,"turns":1},{"damage":0,"enemies":"Cultist","floor":4,"turns":1},{"damage":0,"enemies":"Small Slimes","floor":8,"turns":1},{"damage":52,"enemies":"3 Sentries","floor":10,"turns":7},{"damage":16,"enemies":"Exordium Wildlife","floor":13,"turns":5},{"damage":9,"enemies":"3 Louse","floor":14,"turns":3},{"damage":51,"enemies":"Hexaghost","floor":16,"turns":9},{"damage":28,"enemies":"2 Thieves","floor":18,"turns":4},{"damage":16,"enemies":"Chosen","floor":21,"turns":5},{"damage":42,"enemies":"Slavers","floor":24,"turns":4},{"damage":45,"enemies":"Centurion and Healer","floor":25,"turns":10}],"seed_played":"-2999615704177191372","potions_obtained":[{"floor":10,"key":"Swift Potion"},{"floor":13,"key":"Regen Potion"},{"floor":14,"key":"Fruit Juice"},{"floor":16,"key":"Ancient Potion"},{"floor":18,"key":"Ancient Potion"}],"is_trial":false,"path_per_floor":["M","?","$","M","$","R","?","M","T","E","?","?","M","M","R","B",null,"M","?","$","M","?","R","E","M"],"character_chosen":"DEFECT","items_purchased":["Heatsinks","Hologram","Capacitor","Chemical X"],"campfire_rested":2,"item_purchase_floors":[3,5,20,20],"current_hp_per_floor":[75,75,75,75,75,75,75,75,75,30,30,30,21,12,34,17,80,59,59,59,57,57,80,38,0,0],"gold":25,"neow_bonus":"THREE_ENEMY_KILL","is_daily":false,"chose_seed":false,"campfire_upgraded":1,"win_rate":0.0,"timestamp":1610652270,"path_taken":["M","?","?","M","$","R","?","?","T","E","?","?","?","M","R","BOSS","M","?","$","M","?","R","E","?"],"items_purchased_type":["Card","Card","Card","Relic"],"build_version":"2020-12-22","purchased_purges":0,"victory":false,"max_hp_per_floor":[75,75,75,75,75,75,75,75,75,75,75,75,75,75,75,80,80,80,80,80,80,80,80,80,80,80],"card_choices":[{"not_picked":["Redo","Undo"],"picked":"Fusion","floor":1},{"not_picked":["Leap","Rebound"],"picked":"Self Repair","floor":4},{"not_picked":["Go for the Eyes","Consume"],"picked":"Streamline","floor":8},{"not_picked":["Glacier","Compile Driver"],"picked":"Electrodynamics","floor":10},{"not_picked":["Tempest","Compile Driver"],"picked":"Coolheaded","floor":13},{"not_picked":["Go for the Eyes","Consume"],"picked":"Self Repair","floor":14},{"not_picked":["Multi-Cast","Reboot"],"picked":"Biased Cognition","floor":16},{"not_picked":["Barrage+1","Gash","Sweeping Beam"],"picked":"SKIP","floor":18},{"not_picked":["Beam Cell","BootSequence","Streamline"],"picked":"SKIP","floor":21},{"not_picked":["Self Repair","Compile Driver"],"picked":"Sweeping Beam+1","floor":24}],"player_experience":705249,"relics_obtained":[{"floor":10,"key":"White Beast Statue"},{"floor":24,"key":"Sundial"}],"event_choices":[{"damage_healed":0,"gold_gain":0,"cards_transformed":["Strike_B"],"player_choice":"Transformed","damage_taken":0,"max_hp_gain":0,"max_hp_loss":0,"event_name":"Transmorgrifier","floor":2,"gold_loss":0,"cards_obtained":["Static Discharge"]},{"damage_healed":0,"gold_gain":0,"player_choice":"Ignored","damage_taken":0,"max_hp_gain":0,"max_hp_loss":0,"event_name":"Liars Game","floor":7,"gold_loss":0},{"damage_healed":0,"gold_gain":0,"player_choice":"Searched \u00270\u0027 times","damage_taken":0,"max_hp_gain":0,"max_hp_loss":0,"event_name":"Dead Adventurer","floor":11,"gold_loss":0},{"cards_removed":["Strike_B"],"damage_healed":0,"gold_gain":0,"player_choice":"Purged","damage_taken":0,"max_hp_gain":0,"max_hp_loss":0,"event_name":"Purifier","floor":12,"gold_loss":0},{"damage_healed":0,"gold_gain":0,"player_choice":"Read","damage_taken":0,"max_hp_gain":0,"max_hp_loss":0,"event_name":"The Library","floor":19,"gold_loss":0,"cards_obtained":["Aggregate"]},{"damage_healed":0,"gold_gain":0,"player_choice":"Paid Fearfully","damage_taken":0,"max_hp_gain":0,"max_hp_loss":0,"event_name":"Masked Bandits","floor":22,"gold_loss":31}],"is_beta":false,"boss_relics":[{"not_picked":["Coffee Dripper","Runic Dome"],"picked":"Inserter"}],"items_purged_floors":[],"is_endless":false,"potions_floor_spawned":[10,13,14,16,18,21,24],"killed_by":"Centurion and Healer","ascension_level":0}}