{"host":"lvhfn8l5bvc4nolx","time":1610631469,"event":{"mods":["AchievementEnabler","BaseMod","Colored Map","Keyboard Shortcuts","Minty Spire (QoL Compilation)","Permanent Neow","Quick Restart","SuperFastMode"],"gold_per_floor":[119,294,132,132,152,172,172,197,223,223,63,63,88,98,98,170,170,182,195,295,195,206,206,206],"floor_reached":23,"language":"KOR","playtime":512,"items_purged":["Doubt","Inflame"],"score":338,"play_id":"fe6a8b7c-9557-4d68-bf1d-67b10cf80462","local_time":"20210114223749","is_ascension_mode":true,"campfire_choices":[{"data":"Body Slam","floor":7,"key":"SMITH"},{"data":"Flex","floor":10,"key":"SMITH"},{"floor":12,"key":"REST"},{"data":"Pommel Strike","floor":15,"key":"SMITH"}],"circlet_count":0,"master_deck":["AscendersBane","Strike_R","Strike_R","Strike_R","Strike_R","Strike_R","Defend_R","Defend_R","Defend_R","Defend_R","Bash","Flash of Steel","Feel No Pain","Body Slam+1","Carnage","Flex+1","Twin Strike","Corruption","Pommel Strike+1","Pommel Strike","Barricade","Entrench","Headbutt+1","Perfected Strike"],"relics":["Black Blood","Regal Pillow","Orichalcum","StrikeDummy"],"acts_visited":["Exordium","TheCity"],"potions_floor_usage":[14],"damage_taken":[{"damage":8,"enemies":"Jaw Worm","floor":1,"turns":4},{"damage":2,"enemies":"2 Louse","floor":5,"turns":2},{"damage":1,"enemies":"Cultist","floor":6,"turns":3},{"damage":38,"enemies":"3 Sentries","floor":8,"turns":11},{"damage":26,"enemies":"Lagavulin","floor":13,"turns":6},{"damage":0,"enemies":"Gremlin Gang","floor":14,"turns":3},{"damage":45,"enemies":"Hexaghost","floor":16,"turns":9},{"damage":18,"enemies":"Shell Parasite","floor":18,"turns":4},{"damage":23,"enemies":"Spheric Guardian","floor":19,"turns":5},{"damage":38,"enemies":"Chosen and Byrds","floor":22,"turns":7},{"damage":8,"enemies":"Book of Stabbing","floor":23,"turns":2}],"seed_played":"344035667213446592","potions_obtained":[{"floor":1,"key":"GamblersBrew"},{"floor":8,"key":"Explosive Potion"},{"floor":18,"key":"Ancient Potion"}],"is_trial":false,"path_per_floor":["M","?","$","?","M","M","R","E","T","R","$","R","E","M","R","B",null,"M","M","?","$","M","E"],"character_chosen":"IRONCLAD","items_purchased":["Body Slam","Carnage","Corruption"],"campfire_rested":1,"item_purchase_floors":[3,3,11],"current_hp_per_floor":[66,66,66,71,75,80,80,48,48,48,48,80,60,66,66,27,67,61,50,50,50,24,16,16],"gold":206,"neow_bonus":"RANDOM_COLORLESS","is_daily":false,"chose_seed":false,"campfire_upgraded":3,"win_rate":0.0,"timestamp":1610631469,"path_taken":["M","?","$","?","M","M","R","E","T","R","?","R","E","M","R","BOSS","M","M","?","$","M","E"],"items_purchased_type":["Card","Card","Card"],"build_version":"2020-12-22","purchased_purges":2,"victory":false,"max_hp_per_floor":[75,75,75,80,80,80,80,80,80,80,80,80,80,80,80,80,80,80,80,80,80,80,80,80],"card_choices":[{"not_picked":["Blind","Deep Breath"],"picked":"Flash of Steel","floor":0},{"not_picked":["Spot Weakness","True Grit"],"picked":"Feel No Pain","floor":1},{"not_picked":["True Grit","Anger"],"picked":"Inflame","floor":5},{"not_picked":["Disarm","Armaments"],"picked":"Flex","floor":6},{"not_picked":["Spot Weakness","True Grit"],"picked":"Twin Strike","floor":8},{"not_picked":["Wild Strike","Sever Soul"],"picked":"Pommel Strike","floor":13},{"not_picked":["Corruption","Wild Strike"],"picked":"Pommel Strike","floor":14},{"not_picked":["Bludgeon","Exhume"],"picked":"Barricade","floor":16},{"not_picked":["Headbutt","Rupture"],"picked":"Entrench","floor":18},{"not_picked":["Sever Soul+1","Iron Wave"],"picked":"Headbutt+1","floor":19},{"not_picked":["Shrug It Off","Armaments"],"picked":"Perfected Strike","floor":22}],"player_experience":375461,"relics_obtained":[{"floor":8,"key":"Regal Pillow"},{"floor":9,"key":"Orichalcum"},{"floor":13,"key":"StrikeDummy"}],"event_choices":[{"damage_healed":0,"gold_gain":175,"player_choice":"AGREE","damage_taken":0,"max_hp_gain":0,"max_hp_loss":0,"event_name":"Liars Game","floor":2,"gold_loss":0,"cards_obtained":["Doubt"]},{"damage_healed":0,"gold_gain":0,"player_choice":"Donut","damage_taken":0,"max_hp_gain":5,"max_hp_loss":0,"event_name":"Big Fish","floor":4,"gold_loss":0},{"damage_healed":0,"gold_gain":100,"player_choice":"Pray","damage_taken":0,"max_hp_gain":0,"max_hp_loss":0,"event_name":"Golden Shrine","floor":20,"gold_loss":0}],"is_beta":false,"boss_relics":[{"not_picked":["Black Star","Runic Pyramid"],"picked":"Black Blood"}],"items_purged_floors":[3,21],"is_endless":false,"potions_floor_spawned":[1,8,18],"killed_by":"Book of Stabbing","ascension_level":14}}