{"host":"jpcy2bclvs7juczu","time":1610603284,"event":{"mods":["AchievementEnabler","BaseMod","Block Reminder","Colored Map","Colored Powertips","Curses Come First","Dark Map","Minty Spire (QoL Compilation)","Quick Restart","Relic Stats","StSLib","ojb\u0027s Better Paths Mod","ojb\u0027s Info Mod","slay the spire mod where everything is the same but ironclad has a cowboy hat"],"gold_per_floor":[118,129,129,54,68,98,98,128,175,221,186,204,204,220,220,299,299,309,224,38,58,58,58,118,131,156,175,193,218,218,233,233,306,306,322,302,16,28,44,44,58,58,83,96,129,129,162,110,110,110,110,110,110,3,31,31,31],"floor_reached":56,"language":"ENG","playtime":4607,"items_purged":["Decay","Strike_R","Strike_R"],"score":1914,"play_id":"445bb762-7c2d-48d4-907f-12f6836d6f23","local_time":"20210114054804","is_ascension_mode":true,"campfire_choices":[{"data":"Bash","floor":7.0,"key":"SMITH"},{"data":"Disarm","floor":15.0,"key":"SMITH"},{"data":"Immolate","floor":23.0,"key":"SMITH"},{"data":"Armaments","floor":30.0,"key":"SMITH"},{"data":"Demon Form","floor":32.0,"key":"SMITH"},{"floor":40.0,"key":"RECALL"},{"data":"Offering","floor":42.0,"key":"SMITH"},{"data":"True Grit","floor":49.0,"key":"SMITH"},{"floor":53.0,"key":"REST"}],"circlet_count":0,"master_deck":["AscendersBane","Strike_R","Strike_R","Defend_R","Defend_R","Defend_R","Defend_R","Bash+1","Anger+1","Cleave","Iron Wave","Battle Trance","Disarm+1","Shrug It Off","Armaments+1","Offering+1","Immolate+1","Demon Form+1","Reaper","Sword Boomerang+1","Offering","Shrug It Off+1","Feel No Pain","Second Wind","True Grit+1","Dual Wield","Twin Strike+1"],"relics":["Burning Blood","NeowsBlessing","Matryoshka","Pen Nib","Bronze Scales","Regal Pillow","Toy Ornithopter","Happy Flower","Blood Vial","Runic Pyramid","Art of War","Lantern","Pocketwatch","Philosopher\u0027s Stone","Bag of Preparation","Dream Catcher","Lizard Tail","Omamori","Whetstone"],"acts_visited":["Exordium","TheCity","TheBeyond","TheEnding"],"potions_floor_usage":[55,55],"damage_taken":[{"damage":0.0,"enemies":"Jaw Worm","floor":1.0,"turns":1.0},{"damage":0.0,"enemies":"Cultist","floor":2.0,"turns":1.0},{"damage":0.0,"enemies":"Small Slimes","floor":5.0,"turns":1.0},{"damage":35.0,"enemies":"3 Sentries","floor":6.0,"turns":10.0},{"damage":36.0,"enemies":"Gremlin Nob","floor":8.0,"turns":4.0},{"damage":2.0,"enemies":"2 Fungi Beasts","floor":12.0,"turns":3.0},{"damage":14.0,"enemies":"Exordium Thugs","floor":14.0,"turns":4.0},{"damage":31.0,"enemies":"The Guardian","floor":16.0,"turns":10.0},{"damage":19.0,"enemies":"Shell Parasite","floor":18.0,"turns":5.0},{"damage":0.0,"enemies":"3 Byrds","floor":21.0,"turns":4.0},{"damage":17.0,"enemies":"Book of Stabbing","floor":24.0,"turns":5.0},{"damage":30.0,"enemies":"3 Cultists","floor":25.0,"turns":4.0},{"damage":48.0,"enemies":"Snecko","floor":27.0,"turns":6.0},{"damage":28.0,"enemies":"Centurion and Healer","floor":28.0,"turns":13.0},{"damage":12.0,"enemies":"Gremlin Leader","floor":29.0,"turns":7.0},{"damage":25.0,"enemies":"Shelled Parasite and Fungi","floor":31.0,"turns":5.0},{"damage":25.0,"enemies":"Champ","floor":33.0,"turns":11.0},{"damage":15.0,"enemies":"Orb Walker","floor":35.0,"turns":4.0},{"damage":8.0,"enemies":"3 Shapes","floor":38.0,"turns":5.0},{"damage":30.0,"enemies":"Writhing Mass","floor":39.0,"turns":6.0},{"damage":18.0,"enemies":"Transient","floor":41.0,"turns":6.0},{"damage":39.0,"enemies":"4 Shapes","floor":44.0,"turns":5.0},{"damage":16.0,"enemies":"Giant Head","floor":45.0,"turns":5.0},{"damage":15.0,"enemies":"Nemesis","floor":47.0,"turns":5.0},{"damage":80.0,"enemies":"Time Eater","floor":50.0,"turns":11.0},{"damage":65.0,"enemies":"Awakened One","floor":51.0,"turns":11.0},{"damage":102,"enemies":"Shield and Spear","floor":55,"turns":8},{"damage":217,"enemies":"The Heart","floor":56,"turns":6}],"seed_played":"-18990665290054682","potions_obtained":[{"floor":2.0,"key":"Energy Potion"},{"floor":5.0,"key":"EntropicBrew"},{"floor":6.0,"key":"SpeedPotion"},{"floor":16.0,"key":"BloodPotion"},{"floor":18.0,"key":"Dexterity Potion"},{"floor":21.0,"key":"ColorlessPotion"},{"floor":28.0,"key":"Block Potion"},{"floor":29.0,"key":"Regen Potion"},{"floor":36.0,"key":"EssenceOfSteel"},{"floor":39.0,"key":"LiquidBronze"},{"floor":41.0,"key":"Weak Potion"},{"floor":44.0,"key":"Energy Potion"}],"is_trial":false,"path_per_floor":["M","M","?","$","M","E","R","E","T","T","?","M","?","M","R","B",null,"M","?","$","M","?","R","E","M","T","M","M","E","R","M","R","B",null,"M","?","$","M","M","R","M","R","T","M","E","$","E","$","R","B","B",null,"R","$","E","B"],"character_chosen":"IRONCLAD","items_purchased":["Immolate","Bag of Preparation","True Grit","BloodPotion","SpeedPotion"],"campfire_rested":1,"item_purchase_floors":[20,37,48,54,54],"current_hp_per_floor":[74,75,75,75,75,46,46,16,16,16,34,38,27,40,40,17,61,50,50,50,75,75,75,69,64,64,42,57,75,75,75,75,74,75,75,75,75,75,75,75,75,75,75,49,74,74,75,75,75,52,47,68,75,75,75,0,0],"gold":31,"neow_bonus":"THREE_ENEMY_KILL","is_daily":false,"chose_seed":false,"campfire_upgraded":7,"win_rate":0.0,"timestamp":1610603284,"path_taken":["M","M","?","$","?","E","R","E","T","?","?","M","?","M","R","BOSS","M","?","$","M","?","R","E","?","T","M","M","E","R","M","R","BOSS","M","?","$","?","M","R","M","R","T","M","E","?","E","$","R","BOSS","BOSS","R","$","E","BOSS"],"items_purchased_type":["Card","Relic","Card","Potion","Potion"],"build_version":"2020-12-22","purchased_purges":3,"victory":false,"max_hp_per_floor":[75,75,75,75,75,75,75,75,75,75,75,75,75,75,75,75,75,75,75,75,75,75,75,75,75,75,75,75,75,75,75,75,75,75,75,75,75,75,75,75,75,75,75,75,75,75,75,75,75,75,75,75,75,75,75,75,75],"relic_stats":{"Regal Pillow":0,"Happy Flower":[49],"counters":[28,166],"Pen Nib":[26],"Bag of Preparation":[20],"Whetstone":["Sword Boomerang","Anger"],"Burning Blood":112,"Blood Vial":21,"Dream Catcher":1,"Lizard Tail":37,"Bronze Scales":[558],"Art of War":[36],"obtain_stats":[{"Regal Pillow":9,"Lantern":24,"NeowsBlessing":0,"Happy Flower":10,"Pen Nib":8,"Bag of Preparation":37,"Omamori":47,"Whetstone":55,"Burning Blood":0,"Blood Vial":13,"Dream Catcher":43,"Lizard Tail":45,"Matryoshka":6,"Bronze Scales":9,"Philosopher\u0027s Stone":34,"Art of War":19,"Toy Ornithopter":10,"Runic Pyramid":17,"Pocketwatch":29},{"Regal Pillow":5,"Lantern":11,"NeowsBlessing":0,"Happy Flower":5,"Pen Nib":5,"Bag of Preparation":18,"Omamori":24,"Whetstone":27,"Burning Blood":0,"Blood Vial":6,"Dream Catcher":21,"Lizard Tail":23,"Matryoshka":4,"Bronze Scales":5,"Philosopher\u0027s Stone":17,"Art of War":9,"Toy Ornithopter":5,"Runic Pyramid":8,"Pocketwatch":15},{"Regal Pillow":17,"Lantern":48,"NeowsBlessing":0,"Happy Flower":17,"Pen Nib":17,"Bag of Preparation":98,"Omamori":130,"Whetstone":160,"Burning Blood":0,"Blood Vial":20,"Dream Catcher":115,"Lizard Tail":125,"Matryoshka":13,"Bronze Scales":17,"Philosopher\u0027s Stone":94,"Art of War":39,"Toy Ornithopter":17,"Runic Pyramid":34,"Pocketwatch":78}],"Toy Ornithopter":39,"Pocketwatch":[5]},"card_choices":[{"not_picked":["Heavy Blade","Searing Blow"],"picked":"Anger","floor":1.0},{"not_picked":["Battle Trance","Blood for Blood"],"picked":"Cleave","floor":2.0},{"not_picked":["Headbutt","Havoc"],"picked":"Iron Wave","floor":5.0},{"not_picked":["Reckless Charge","Entrench"],"picked":"Battle Trance","floor":6.0},{"not_picked":["Iron Wave","Anger"],"picked":"Disarm","floor":8.0},{"not_picked":["Iron Wave","Clash"],"picked":"Shrug It Off","floor":12.0},{"not_picked":["Juggernaut","Sentinel"],"picked":"Armaments","floor":14.0},{"not_picked":["Feed","Demon Form"],"picked":"Offering","floor":16.0},{"not_picked":["Thunderclap","Clash","Havoc"],"picked":"SKIP","floor":18.0},{"not_picked":["Clash","Blood for Blood","Havoc+1"],"picked":"SKIP","floor":21.0},{"not_picked":["Wild Strike","Flex"],"picked":"Reaper","floor":24.0},{"not_picked":["Wild Strike","Body Slam","Rage"],"picked":"SKIP","floor":25.0},{"not_picked":["Clash","Wild Strike","Battle Trance"],"picked":"SKIP","floor":27.0},{"not_picked":["Sword Boomerang","Rage","Armaments"],"picked":"SKIP","floor":28.0},{"not_picked":["Inflame","Intimidate","Warcry+1"],"picked":"SKIP","floor":29.0},{"not_picked":["Battle Trance","Rage"],"picked":"Sword Boomerang","floor":31.0},{"not_picked":["Immolate","Corruption"],"picked":"Offering","floor":33.0},{"not_picked":["Reckless Charge+1","Uppercut","Whirlwind"],"picked":"SKIP","floor":35.0},{"not_picked":["Thunderclap","Sever Soul+1","Whirlwind"],"picked":"SKIP","floor":38.0},{"not_picked":["Clothesline","Wild Strike+1","Iron Wave"],"picked":"SKIP","floor":39.0},{"not_picked":["Armaments","True Grit"],"picked":"Shrug It Off+1","floor":41.0},{"not_picked":["Dropkick","Anger+1","Rupture"],"picked":"SKIP","floor":44.0},{"not_picked":["Battle Trance+1","Clash+1"],"picked":"Feel No Pain","floor":45.0},{"not_picked":["Clash+1","Metallicize+1"],"picked":"Second Wind","floor":47.0},{"not_picked":["Headbutt","Anger"],"picked":"Dual Wield","floor":53.0},{"not_picked":["Dual Wield","Searing Blow"],"picked":"Twin Strike+1","floor":55}],"player_experience":399269,"relics_obtained":[{"floor":6.0,"key":"Matryoshka"},{"floor":8.0,"key":"Pen Nib"},{"floor":9.0,"key":"Bronze Scales"},{"floor":9.0,"key":"Regal Pillow"},{"floor":10.0,"key":"Toy Ornithopter"},{"floor":10.0,"key":"Happy Flower"},{"floor":24.0,"key":"Lantern"},{"floor":29.0,"key":"Pocketwatch"},{"floor":43.0,"key":"Dream Catcher"},{"floor":45.0,"key":"Lizard Tail"},{"floor":47.0,"key":"Omamori"},{"floor":55,"key":"Whetstone"}],"event_choices":[{"damage_healed":0.0,"max_hp_gain":0.0,"max_hp_loss":0.0,"gold_gain":0.0,"event_name":"Wheel of Change","player_choice":"Cursed","floor":3.0,"gold_loss":0.0,"damage_taken":0.0,"cards_obtained":["Decay"]},{"damage_healed":18.0,"max_hp_gain":0.0,"max_hp_loss":0.0,"gold_gain":0.0,"event_name":"The Cleric","player_choice":"Healed","floor":11.0,"gold_loss":35.0,"damage_taken":0.0},{"damage_healed":0.0,"max_hp_gain":0.0,"max_hp_loss":0.0,"gold_gain":0.0,"event_name":"Scrap Ooze","player_choice":"Success","floor":13.0,"gold_loss":0.0,"damage_taken":11.0,"relics_obtained":["Blood Vial"]},{"damage_healed":0.0,"max_hp_gain":0.0,"max_hp_loss":0.0,"gold_gain":0.0,"event_name":"Addict","player_choice":"Obtained Relic","floor":19.0,"gold_loss":85.0,"damage_taken":0.0,"relics_obtained":["Art of War"]},{"damage_healed":0.0,"max_hp_gain":0.0,"max_hp_loss":0.0,"gold_gain":0.0,"cards_transformed":["Strike_R"],"event_name":"Transmorgrifier","player_choice":"Transformed","floor":22.0,"gold_loss":0.0,"damage_taken":0.0,"cards_obtained":["Demon Form"]},{"damage_healed":0.0,"max_hp_gain":0.0,"max_hp_loss":0.0,"gold_gain":0.0,"event_name":"The Woman in Blue","player_choice":"Bought 1 Potion","floor":36.0,"gold_loss":0.0,"damage_taken":0.0}],"is_beta":false,"boss_relics":[{"not_picked":["Ectoplasm","Black Star"],"picked":"Runic Pyramid"},{"not_picked":["Empty Cage","SacredBark"],"picked":"Philosopher\u0027s Stone"}],"items_purged_floors":[4,20,37],"is_endless":false,"potions_floor_spawned":[2,5,6,16,18,21,28,29,39,41,44,45],"killed_by":"The Heart","ascension_level":20}}