{"host":"rzvepkyh9344fbo1","time":1610616018,"event":{"mods":["BaseMod","Colored Map","Colored Powertips","Curses Come First","Downfall","Minty Spire (QoL Compilation)","Replay The Spire","StSLib","The Cursed"],"gold_per_floor":[99,109,128,128,142,158,158,193,193,118,129,68,101,120,131,232,232,232,252,252,269,269,269,293,19,19,34,61,61,88,143,163,264,264,189,189,199,215,226,245,245,170,186,202,215,215,225,252,264,264],"floor_reached":51,"language":"ENG","playtime":15434,"items_purged":[],"score":785,"play_id":"f1306bc6-72c1-4710-8981-fc5f9e43f9eb","local_time":"20210114202018","is_ascension_mode":false,"campfire_choices":[{"floor":1,"key":"RECALL"},{"data":"Guardian:Repulse","floor":10,"key":"SMITH"},{"data":"Guardian:SpikerProtocol","floor":18,"key":"SMITH"},{"data":"Guardian:EvasiveProtocol","floor":26,"key":"SMITH"},{"data":"Guardian:PrismaticBarrier","floor":29,"key":"SMITH"},{"data":"Guardian:FloatingOrbs","floor":35,"key":"SMITH"},{"data":"Guardian:CurlUp","floor":42,"key":"SMITH"},{"data":"Guardian:CrystalBeam","floor":46,"key":"SMITH"}],"circlet_count":0,"master_deck":["Guardian:Strike_Guardian+1","Guardian:Strike_Guardian+1","Guardian:Strike_Guardian+1","Guardian:Strike_Guardian+1","Guardian:Defend_Guardian+1","Guardian:Defend_Guardian+1","Guardian:Defend_Guardian+1","Guardian:CurlUp+1","Guardian:TwinSlam","Guardian:Incinerate","Guardian:FloatingOrbs+1","Guardian:ChargeUp","Guardian:Repulse+1","Guardian:ShieldSpikes","Guardian:HyperBeam_Guardian+1","Guardian:DecasProtection+1","Guardian:SpikerProtocol+1","Guardian:Reroute","Guardian:StasisField+1","Guardian:CrystalBeam+1","Guardian:EvasiveProtocol+1","Guardian:SphericShield+1","expansioncontent:QuickStudy+1","expansioncontent:DarkVoid+1","Guardian:EvasiveProtocol+1","Guardian:PrismaticBarrier+1","Guardian:RevengeProtocol+1","Guardian:FloatingOrbs+1","Parasite","Guardian:VentSteam+1","Guardian:PrismaticBarrier+1","Guardian:Recover+1","Guardian:AncientConstruct+1","Guardian:ArmoredProtocol+1","Guardian:SentryBeam+1","Guardian:Gem_Cyan"],"relics":["Guardian:ModeShifter","Golden Egg","Replay:Ringing Soul","downfall:HeartBlessingRed","Omamori","Honey Jar","Nilry\u0027s Codex","Lantern","Bag of Marbles","Toy Ornithopter","Bottled Tornado","Replay:Bronze Core","downfall:HeartBlessingGreen","WarpedTongs","downfall:HeartBlessingBlue","Dream Catcher"],"acts_visited":["Exordium","TheCity","TheBeyond"],"potions_floor_usage":[8,13,13,16,38,44,45,47,48,50],"damage_taken":[{"damage":0,"enemies":"Small Slimes","floor":2,"turns":3},{"damage":5,"enemies":"Cultist","floor":3,"turns":5},{"damage":3,"enemies":"Jaw Worm","floor":5,"turns":3},{"damage":13,"enemies":"Exordium Wildlife","floor":6,"turns":5},{"damage":12,"enemies":"Lagavulin","floor":8,"turns":7},{"damage":0,"enemies":"2 Fungi Beasts","floor":11,"turns":1},{"damage":5,"enemies":"downfall:FleeingMerchant","floor":12,"turns":4},{"damage":29,"enemies":"Gremlin Nob","floor":13,"turns":5},{"damage":11,"enemies":"Large Slime","floor":14,"turns":5},{"damage":9,"enemies":"Exordium Wildlife","floor":15,"turns":6},{"damage":12,"enemies":"downfall:Watcher","floor":16,"turns":7},{"damage":17,"enemies":"3 Byrds","floor":19,"turns":4},{"damage":0,"enemies":"Spheric Guardian","floor":21,"turns":3},{"damage":0,"enemies":"downfall:FleeingMerchant","floor":25,"turns":4},{"damage":1,"enemies":"3 Cultists","floor":27,"turns":3},{"damage":7,"enemies":"Gremlin Leader","floor":28,"turns":7},{"damage":19,"enemies":"Slavers","floor":30,"turns":5},{"damage":4,"enemies":"Centurion and Healer","floor":32,"turns":4},{"damage":9,"enemies":"downfall:Defect","floor":33,"turns":9},{"damage":0,"enemies":"3 Shapes","floor":37,"turns":3},{"damage":0,"enemies":"3 Darklings","floor":38,"turns":5},{"damage":3,"enemies":"Writhing Mass","floor":39,"turns":5},{"damage":0,"enemies":"Spire Growth","floor":40,"turns":4},{"damage":11,"enemies":"4 Shapes","floor":43,"turns":2},{"damage":16,"enemies":"Jaw Worm Horde","floor":44,"turns":3},{"damage":12,"enemies":"Writhing Mass","floor":45,"turns":6},{"damage":11,"enemies":"Maw","floor":47,"turns":6},{"damage":12,"enemies":"Nemesis","floor":48,"turns":5},{"damage":13,"enemies":"4 Shapes","floor":49,"turns":3},{"damage":26,"enemies":"downfall:Silent","floor":50,"turns":10}],"seed_played":"6782964366943355100","potions_obtained":[{"floor":3,"key":"Venom Potion"},{"floor":8,"key":"Explosive Potion"},{"floor":11,"key":"Dexterity Potion"},{"floor":15,"key":"Toxic Potion"},{"floor":19,"key":"Death Potion"},{"floor":21,"key":"Milkshake"},{"floor":31,"key":"FearPotion"},{"floor":33,"key":"Block Potion"},{"floor":39,"key":"Weak Potion"},{"floor":44,"key":"Guardian:DefensiveModePotion"},{"floor":45,"key":"SpeedPotion"},{"floor":48,"key":"FearPotion"},{"floor":49,"key":"Adrenaline Potion"}],"is_trial":false,"path_per_floor":["R_BF","M","M","?","M","M","T","E","?","R","M","$","E","M","M","B",null,"R","M","?","M","?","?","T","$","R","M","E","R","E","?","M","B",null,"R","?","M","M","M","M","T","R","M","M","M","R","M","E","M","B",null],"character_chosen":"GUARDIAN","items_purchased":["Guardian:Gem_Red","expansioncontent:QuickStudy","expansioncontent:DarkVoid"],"campfire_rested":0,"item_purchase_floors":[12,25,25],"current_hp_per_floor":[88,88,83,83,80,67,67,58,61,61,64,62,36,28,22,13,112,112,98,82,85,85,88,88,91,91,93,89,89,73,76,75,69,142,142,142,145,148,148,151,151,161,153,145,141,141,138,134,124,103],"gold":264,"neow_bonus":"TEN_PERCENT_HP_BONUS","is_daily":false,"chose_seed":false,"campfire_upgraded":7,"win_rate":0.0,"timestamp":1610616018,"path_taken":["R_BF","M","M","?","M","?","T","E","?","R","M","?","E","M","M","BOSS","R","M","?","M","?","?","T","$","R","?","E","R","E","?","M","BOSS","R","?","?","M","M","M","T","R","M","M","M","R","M","E","M","BOSS"],"items_purchased_type":["Card","Card","Card"],"build_version":"2020-12-22","purchased_purges":0,"victory":true,"max_hp_per_floor":[88,88,88,88,88,88,88,91,94,94,97,100,103,106,109,112,112,112,115,115,118,118,121,121,124,124,127,130,130,133,136,139,142,142,142,142,145,148,151,154,154,164,167,170,173,173,176,179,182,182],"card_choices":[{"not_picked":["Guardian:Gem_Lightblue","Guardian:TemporalStrike"],"picked":"Guardian:Incinerate","floor":2},{"not_picked":["Guardian:Reroute","Guardian:ShieldCharger"],"picked":"Guardian:FloatingOrbs","floor":3},{"not_picked":["Guardian:Gem_Green","Guardian:Recover"],"picked":"Guardian:ChargeUp","floor":5},{"not_picked":["Guardian:Gem_Lightblue","Guardian:PrismaticBeam"],"picked":"Guardian:Repulse","floor":6},{"not_picked":["Guardian:Clone","Guardian:MultiBeam"],"picked":"Guardian:ShieldSpikes","floor":8},{"not_picked":["Guardian:PrismaticBeam","Guardian:ShieldSpikes"],"picked":"Guardian:Gem_Cyan","floor":11},{"not_picked":["Guardian:Gem_Lightblue","Guardian:ChargeUp"],"picked":"Guardian:DecasProtection","floor":12},{"not_picked":["Guardian:Gem_Green","Guardian:PrismaticBeam"],"picked":"Guardian:SpikerProtocol","floor":13},{"not_picked":["Guardian:ShieldCharger","Guardian:StasisField"],"picked":"Guardian:Reroute","floor":14},{"not_picked":["Guardian:Gem_Lightblue","Guardian:Gem_Green"],"picked":"Guardian:Gem_Crimson","floor":15},{"not_picked":["Guardian:ConstructionForm","Guardian:TimeSifter"],"picked":"Guardian:StasisField","floor":16},{"not_picked":["Guardian:TemporalStrike","Guardian:Repulse","Guardian:Gem_Green"],"picked":"Guardian:CrystalBeam","floor":19},{"not_picked":["Guardian:Incinerate+1","Guardian:Reroute+1","Guardian:VentSteam"],"picked":"Guardian:Gem_Fragmented","floor":21},{"not_picked":["Guardian:Gem_Fragmented","Guardian:TemporalShield","Guardian:VentSteam+1"],"picked":"Guardian:SphericShield","floor":25},{"not_picked":["Guardian:ShieldCharger","Guardian:ShieldSpikes","Guardian:Gem_Red"],"picked":"Guardian:EvasiveProtocol+1","floor":27},{"not_picked":["Guardian:Gem_Purple","Guardian:Gem_Cyan","Guardian:ChargeUp"],"picked":"Guardian:PrismaticBarrier","floor":28},{"not_picked":["Guardian:PiercingHide","Guardian:Suspension","Guardian:Gem_Green"],"picked":"Guardian:RevengeProtocol","floor":30},{"not_picked":["Guardian:RollAttack","Guardian:TemporalShield+1","Guardian:PrismaticBeam"],"picked":"Guardian:Gem_Red","floor":31},{"not_picked":["Guardian:PrismaticBarrier+1","Guardian:Gem_White","Guardian:RefractedBeam"],"picked":"Guardian:Gem_Purple","floor":32},{"not_picked":["Guardian:TimeSifter","Guardian:BaubleBeam","Guardian:HyperBeam_Guardian"],"picked":"Guardian:Gem_Synthetic","floor":33},{"not_picked":["Guardian:ShieldSpikes","Guardian:Recover","Guardian:GuardianWhirl"],"picked":"Guardian:Gem_Fragmented","floor":37},{"not_picked":["Guardian:Repulse+1","Guardian:VentSteam+1","Guardian:Incinerate"],"picked":"Guardian:FloatingOrbs+1","floor":38},{"not_picked":["Guardian:Planning","Guardian:Gem_Green","Guardian:DecasProtection"],"picked":"Guardian:VentSteam+1","floor":39},{"not_picked":["Guardian:CrystalBeam+1","Guardian:TemporalShield","Guardian:TimeCapacitor+1"],"picked":"Guardian:PrismaticBarrier+1","floor":40},{"not_picked":["Guardian:PrimingBeam+1","Guardian:BronzeArmor+1","Guardian:Gem_Purple"],"picked":"Guardian:Gem_Blue","floor":43},{"not_picked":["Guardian:CrystalBeam+1","Guardian:TemporalShield","Guardian:FloatingOrbs"],"picked":"Guardian:Recover+1","floor":44},{"not_picked":["Guardian:PrimingBeam","Guardian:Harden+1","Guardian:ChargeCore+1"],"picked":"Guardian:AncientConstruct","floor":45},{"not_picked":["Guardian:Recover+1","Guardian:ShieldCharger","Guardian:Suspension+1"],"picked":"Guardian:ArmoredProtocol+1","floor":47},{"not_picked":["Guardian:FloatingOrbs+1","Guardian:Gem_Cyan","Guardian:Gem_White"],"picked":"Guardian:SentryBeam+1","floor":48},{"not_picked":["Guardian:VentSteam","Guardian:Suspension","Guardian:ShieldSpikes+1"],"picked":"Guardian:Gem_Cyan","floor":49}],"player_experience":183569,"relics_obtained":[{"floor":7,"key":"Golden Egg"},{"floor":8,"key":"Replay:Ringing Soul"},{"floor":13,"key":"Omamori"},{"floor":20,"key":"Nilry\u0027s Codex"},{"floor":24,"key":"Lantern"},{"floor":28,"key":"Bag of Marbles"},{"floor":30,"key":"Toy Ornithopter"},{"floor":31,"key":"Bottled Tornado"},{"floor":48,"key":"Dream Catcher"}],"event_choices":[{"damage_healed":0,"gold_gain":0,"player_choice":"Simplicity","damage_taken":0,"max_hp_gain":0,"max_hp_loss":0,"event_name":"Back to Basics","floor":22,"gold_loss":0,"cards_upgraded":["Guardian:Strike_Guardian","Guardian:Strike_Guardian","Guardian:Strike_Guardian","Guardian:Strike_Guardian","Guardian:Defend_Guardian","Guardian:Defend_Guardian","Guardian:Defend_Guardian"]},{"damage_healed":0,"gold_gain":0,"player_choice":"Read","damage_taken":0,"max_hp_gain":0,"max_hp_loss":0,"event_name":"The Library","floor":23,"gold_loss":0,"cards_obtained":["Guardian:EvasiveProtocol"]}],"is_beta":false,"boss_relics":[{"not_picked":["SacredBark","Busted Crown"],"picked":"Honey Jar"},{"not_picked":["Fusion Hammer","Empty Cage"],"picked":"Replay:Bronze Core"}],"items_purged_floors":[],"is_endless":false,"potions_floor_spawned":[3,8,11,15,19,21,33,39,44,45,48,49],"ascension_level":0}}