{"host":"baymyijz6sxaqj5s","time":1610637862,"event":{"mods":["AchievementEnabler","BaseMod","Colored Map","Colored Powertips","DeckTracker","Highlight Path","KOR Keyword Fix","Keyboard Shortcuts","Minty Spire (QoL Compilation)","Quick Restart","StSLib","SuperFastMode"],"gold_per_floor":[119,135,62,80,30,30,44,57,57,11,29,29,59,74,74,177,177,190,170,188,205,215,215,242,242,242,157,157,157,172,172,172,274,274,290,290,307,326,326,326,326,326],"floor_reached":41,"language":"KOR","playtime":966,"items_purged":[],"score":491,"play_id":"d9a0bc7e-9321-4200-9891-cb527696e0ac","local_time":"20210115002422","is_ascension_mode":true,"campfire_choices":[{"data":"Thunderclap","floor":6,"key":"SMITH"},{"data":"Heavy Blade","floor":12,"key":"SMITH"},{"data":"Sword Boomerang","floor":15,"key":"SMITH"},{"floor":23,"key":"REST"},{"floor":25,"key":"REST"},{"data":"Body Slam","floor":29,"key":"SMITH"},{"floor":32,"key":"REST"},{"floor":40,"key":"REST"}],"circlet_count":0,"master_deck":["Strike_R","Strike_R","Strike_R","Strike_R","Defend_R","Defend_R","Defend_R","Defend_R","Bash","Inflame","Thunderclap+1","Spot Weakness","Feed","Heavy Blade+1","Sword Boomerang+1","Body Slam+1","Heavy Blade+1","Seeing Red","Double Tap","Armaments+1","Demon Form","Madness","Madness","Parasite"],"relics":["Black Blood","Ice Cream","Pocketwatch","Charon\u0027s Ashes","Orichalcum","Regal Pillow","Pear","Sozu"],"acts_visited":["Exordium","TheCity","TheBeyond"],"potions_floor_usage":[11,16,18,20,21,21,22,30],"damage_taken":[{"damage":1,"enemies":"Cultist","floor":1,"turns":3},{"damage":0,"enemies":"Small Slimes","floor":2,"turns":3},{"damage":9,"enemies":"Jaw Worm","floor":4,"turns":3},{"damage":22,"enemies":"Red Slaver","floor":7,"turns":5},{"damage":6,"enemies":"2 Fungi Beasts","floor":8,"turns":3},{"damage":16,"enemies":"Large Slime","floor":11,"turns":7},{"damage":7,"enemies":"Looter","floor":14,"turns":3},{"damage":38,"enemies":"The Guardian","floor":16,"turns":9},{"damage":15,"enemies":"3 Byrds","floor":18,"turns":4},{"damage":18,"enemies":"2 Thieves","floor":20,"turns":3},{"damage":38,"enemies":"Snake Plant","floor":21,"turns":3},{"damage":37,"enemies":"Centurion and Healer","floor":22,"turns":5},{"damage":43,"enemies":"Gremlin Leader","floor":24,"turns":5},{"damage":4,"enemies":"Chosen and Byrds","floor":30,"turns":3},{"damage":83,"enemies":"Champ","floor":33,"turns":11},{"damage":11,"enemies":"Orb Walker","floor":35,"turns":3},{"damage":52,"enemies":"3 Darklings","floor":37,"turns":6},{"damage":32,"enemies":"Writhing Mass","floor":38,"turns":5},{"damage":81,"enemies":"Spire Growth","floor":41,"turns":4}],"seed_played":"-7538955792312889542","potions_obtained":[{"floor":7,"key":"BloodPotion"},{"floor":8,"key":"Explosive Potion"},{"floor":14,"key":"Block Potion"},{"floor":16,"key":"SpeedPotion"},{"floor":19,"key":"Energy Potion"},{"floor":20,"key":"SteroidPotion"},{"floor":21,"key":"Swift Potion"},{"floor":24,"key":"Dexterity Potion"}],"is_trial":false,"path_per_floor":["M","M","$","M","?","R","M","M","T","$","M","R","?","M","R","B",null,"M","?","M","M","M","R","E","R","T","?","?","R","M","T","R","B",null,"M","?","M","M","?","R","M"],"character_chosen":"IRONCLAD","items_purchased":["Spot Weakness","Heavy Blade"],"campfire_rested":4,"item_purchase_floors":[3,10],"current_hp_per_floor":[88,88,88,85,85,85,69,69,69,69,76,76,76,75,75,43,88,85,85,79,53,28,54,23,49,49,49,49,49,57,67,98,27,98,98,86,46,26,26,70,0,0],"gold":326,"neow_bonus":"TEN_PERCENT_HP_BONUS","is_daily":false,"chose_seed":false,"campfire_upgraded":4,"win_rate":0.0,"timestamp":1610637862,"path_taken":["M","M","?","M","?","R","M","M","T","$","M","R","?","M","R","BOSS","M","?","M","M","?","R","E","R","T","?","?","R","M","?","R","BOSS","M","?","M","M","?","R","M"],"items_purchased_type":["Card","Card"],"build_version":"2020-12-22","purchased_purges":0,"victory":false,"max_hp_per_floor":[88,88,88,88,88,88,88,88,88,88,88,88,88,88,88,88,88,88,88,88,88,88,88,88,88,88,88,88,88,88,98,98,98,98,98,98,98,98,98,98,98,98],"card_choices":[{"not_picked":["Headbutt","Thunderclap"],"picked":"Inflame","floor":1},{"not_picked":["True Grit","Power Through"],"picked":"Thunderclap","floor":2},{"not_picked":["Iron Wave","Pommel Strike","Cleave"],"picked":"SKIP","floor":4},{"not_picked":["Feel No Pain","Thunderclap"],"picked":"Feed","floor":7},{"not_picked":["Blood for Blood","Wild Strike","Clothesline"],"picked":"SKIP","floor":8},{"not_picked":["Warcry","Dropkick","Burning Pact"],"picked":"SKIP","floor":11},{"not_picked":["Iron Wave","Sentinel"],"picked":"Sword Boomerang","floor":14},{"not_picked":["Anger+1","Headbutt","True Grit"],"picked":"SKIP","floor":18},{"not_picked":["Metallicize","Dual Wield"],"picked":"Body Slam","floor":20},{"not_picked":["Sword Boomerang","Twin Strike+1"],"picked":"Heavy Blade+1","floor":21},{"not_picked":["Pommel Strike","Bloodletting"],"picked":"Seeing Red","floor":22},{"not_picked":["Intimidate","Power Through"],"picked":"Double Tap","floor":24},{"not_picked":["Heavy Blade","Cleave+1"],"picked":"Armaments+1","floor":30},{"not_picked":["Offering","Berserk"],"picked":"Demon Form","floor":33},{"not_picked":["Burning Pact","Anger","Wild Strike"],"picked":"SKIP","floor":35},{"not_picked":["Perfected Strike+1","Heavy Blade+1","Headbutt+1"],"picked":"SKIP","floor":37},{"not_picked":["Infernal Blade+1","Fire Breathing+1","Heavy Blade"],"picked":"SKIP","floor":38}],"player_experience":89246,"relics_obtained":[{"floor":9,"key":"Ice Cream"},{"floor":24,"key":"Charon\u0027s Ashes"},{"floor":26,"key":"Orichalcum"},{"floor":31,"key":"Pear"}],"event_choices":[{"cards_removed":["Strike_R"],"damage_healed":0,"gold_gain":0,"player_choice":"Card Removal","damage_taken":0,"max_hp_gain":0,"max_hp_loss":0,"event_name":"The Cleric","floor":5,"gold_loss":50},{"damage_healed":0,"gold_gain":30,"player_choice":"Searched \u00272\u0027 times","damage_taken":0,"relics_obtained":["Pocketwatch"],"max_hp_gain":0,"max_hp_loss":0,"event_name":"Dead Adventurer","floor":13,"gold_loss":0},{"damage_healed":0,"gold_gain":0,"player_choice":"Bought 1 Potion","damage_taken":0,"max_hp_gain":0,"max_hp_loss":0,"event_name":"The Woman in Blue","floor":19,"gold_loss":0},{"damage_healed":0,"gold_gain":0,"player_choice":"Obtained Relic","damage_taken":0,"relics_obtained":["Regal Pillow"],"max_hp_gain":0,"max_hp_loss":0,"event_name":"Addict","floor":27,"gold_loss":85},{"damage_healed":0,"gold_gain":0,"player_choice":"Ignored","damage_taken":0,"max_hp_gain":0,"max_hp_loss":0,"event_name":"The Mausoleum","floor":28,"gold_loss":0},{"damage_healed":0,"gold_gain":0,"player_choice":"Embrace Madness","damage_taken":12,"max_hp_gain":0,"max_hp_loss":0,"event_name":"Winding Halls","floor":36,"gold_loss":0,"cards_obtained":["Madness","Madness"]},{"damage_healed":0,"gold_gain":0,"player_choice":"Ignored","damage_taken":0,"max_hp_gain":0,"max_hp_loss":0,"event_name":"The Moai Head","floor":39,"gold_loss":0}],"is_beta":false,"boss_relics":[{"not_picked":["Runic Cube","SlaversCollar"],"picked":"Black Blood"},{"not_picked":["Busted Crown","SacredBark"],"picked":"Sozu"}],"items_purged_floors":[],"is_endless":false,"potions_floor_spawned":[7,8,14,16,20,21,24,38],"killed_by":"Spire Growth","ascension_level":3}}