{"host":"f0gpob8hq9vgebej","time":1610585514,"event":{"mods":["AchievementEnabler","BaseMod","Minty Spire (QoL Compilation)","Quick Restart","SuperFastMode"],"gold_per_floor":[42,114,131,151,165,178,178,192,192,246,246,263,73,107,117,117,214,214,226,45,55,71,90,90,102,102,102,129,145,20,20,30,30,30,30],"floor_reached":33,"language":"KOR","playtime":1865,"items_purged":["Strike_B","Strike_B","Strike_B"],"score":330,"play_id":"56d19dfd-4c36-4428-968c-cd0c1cfd11ff","local_time":"20210114095154","is_ascension_mode":true,"campfire_choices":[{"data":"Zap","floor":6,"key":"SMITH"},{"data":"Electrodynamics","floor":8,"key":"SMITH"},{"floor":10,"key":"REST"},{"data":"Capacitor","floor":15,"key":"SMITH"},{"data":"Biased Cognition","floor":23,"key":"SMITH"},{"data":"Double Energy","floor":25,"key":"SMITH"},{"data":"Echo Form","floor":32,"key":"SMITH"}],"circlet_count":0,"master_deck":["Defend_B","Defend_B","Defend_B","Zap+1","Dualcast","Ball Lightning","Electrodynamics+1","Conserve Battery","Auto Shields","Heatsinks","Ball Lightning","Capacitor+1","Biased Cognition+1","Conserve Battery","Static Discharge","Thunder Strike","Double Energy+1","Echo Form+1"],"relics":["Cracked Core","Dream Catcher","Bag of Marbles","Nuclear Battery","Eternal Feather","Blue Candle"],"acts_visited":["Exordium","TheCity"],"potions_floor_usage":[4,31,33],"damage_taken":[{"damage":1,"enemies":"Cultist","floor":1,"turns":3},{"damage":2,"enemies":"Jaw Worm","floor":2,"turns":3},{"damage":2,"enemies":"2 Louse","floor":3,"turns":3},{"damage":11,"enemies":"Gremlin Gang","floor":4,"turns":3},{"damage":13,"enemies":"Large Slime","floor":5,"turns":4},{"damage":0,"enemies":"Lots of Slimes","floor":7,"turns":1},{"damage":0,"enemies":"2 Fungi Beasts","floor":11,"turns":2},{"damage":10,"enemies":"3 Sentries","floor":13,"turns":3},{"damage":2,"enemies":"Exordium Wildlife","floor":14,"turns":3},{"damage":37,"enemies":"The Guardian","floor":16,"turns":11},{"damage":5,"enemies":"Chosen","floor":18,"turns":3},{"damage":5,"enemies":"2 Thieves","floor":20,"turns":3},{"damage":6,"enemies":"3 Cultists","floor":21,"turns":3},{"damage":19,"enemies":"Shelled Parasite and Fungi","floor":22,"turns":4},{"damage":6,"enemies":"Cultist and Chosen","floor":24,"turns":4},{"damage":2,"enemies":"Book of Stabbing","floor":27,"turns":3},{"damage":24,"enemies":"Snecko","floor":28,"turns":4},{"damage":2,"enemies":"Sentry and Sphere","floor":31,"turns":3},{"damage":17,"enemies":"Automaton","floor":33,"turns":6}],"seed_played":"5557016609594671094","potions_obtained":[{"floor":1,"key":"Dexterity Potion"},{"floor":2,"key":"Dexterity Potion"},{"floor":4,"key":"Swift Potion"},{"floor":13,"key":"SneckoOil"},{"floor":18,"key":"Ancient Potion"},{"floor":20,"key":"PowerPotion"}],"is_trial":false,"path_per_floor":["M","M","M","M","M","R","M","R","T","R","M","$","E","M","R","B",null,"M","$","M","M","M","R","M","R","T","E","M","$","?","M","R","B"],"character_chosen":"DEFECT","items_purchased":["Auto Shields","Heatsinks","Static Discharge"],"campfire_rested":1,"item_purchase_floors":[12,12,19],"current_hp_per_floor":[6,67,65,63,52,39,39,39,39,39,59,59,59,49,47,47,10,68,63,63,58,52,33,33,27,27,27,25,1,1,23,21,30,13,13],"gold":30,"neow_bonus":"REMOVE_TWO","is_daily":false,"chose_seed":false,"campfire_upgraded":6,"win_rate":0.0,"timestamp":1610585514,"path_taken":["M","M","M","M","M","R","M","R","T","R","M","$","E","M","R","BOSS","M","$","?","M","M","R","?","R","T","E","M","$","?","M","R","BOSS"],"items_purchased_type":["Card","Card","Card"],"build_version":"2020-12-22","purchased_purges":3,"victory":false,"max_hp_per_floor":[75,68,68,68,68,68,68,68,68,68,68,68,68,68,68,68,68,68,68,68,68,68,68,68,68,68,68,68,68,68,68,68,68,68,68],"card_choices":[{"not_picked":["Recycle","Steam Power"],"picked":"Ball Lightning","floor":1},{"not_picked":["Hello World","Turbo","Compile Driver"],"picked":"SKIP","floor":2},{"not_picked":["Streamline","Darkness","Coolheaded"],"picked":"SKIP","floor":3},{"not_picked":["Turbo","Scrape","Streamline"],"picked":"SKIP","floor":4},{"not_picked":["Chill","Sweeping Beam"],"picked":"Electrodynamics","floor":5},{"not_picked":["Streamline","Go for the Eyes","Coolheaded"],"picked":"SKIP","floor":7},{"not_picked":["Rip and Tear","Redo"],"picked":"Conserve Battery","floor":11},{"not_picked":["Beam Cell","Sunder"],"picked":"Ball Lightning","floor":13},{"not_picked":["BootSequence","Coolheaded"],"picked":"Capacitor","floor":14},{"not_picked":["All For One","Reboot"],"picked":"Biased Cognition","floor":16},{"not_picked":["Leap+1","Streamline"],"picked":"Conserve Battery","floor":18},{"not_picked":["Steam","Gash","Redo+1"],"picked":"SKIP","floor":20},{"not_picked":["Sweeping Beam","Beam Cell+1"],"picked":"Thunder Strike","floor":21},{"not_picked":["Coolheaded+1","Cold Snap","Aggregate"],"picked":"SKIP","floor":22},{"not_picked":["Static Discharge","Ball Lightning"],"picked":"Double Energy","floor":24},{"not_picked":["Redo","Steam Power","Sweeping Beam"],"picked":"SKIP","floor":27},{"not_picked":["Sweeping Beam","Beam Cell+1","Static Discharge"],"picked":"SKIP","floor":28},{"not_picked":["Skim+1","Steam Power"],"picked":"Echo Form","floor":31}],"player_experience":149503,"relics_obtained":[{"floor":9,"key":"Dream Catcher"},{"floor":13,"key":"Bag of Marbles"},{"floor":26,"key":"Eternal Feather"},{"floor":27,"key":"Blue Candle"}],"event_choices":[{"damage_healed":22,"gold_gain":0,"player_choice":"Heal","damage_taken":0,"max_hp_gain":0,"max_hp_loss":0,"event_name":"The Library","floor":30,"gold_loss":0}],"is_beta":false,"boss_relics":[{"not_picked":["Ectoplasm","Sozu"],"picked":"Nuclear Battery"}],"items_purged_floors":[12,19,29],"is_endless":false,"potions_floor_spawned":[1,2,4,13,18,20,24,27],"killed_by":"Automaton","ascension_level":4}}