{"host":"v54ek091sdz7ha6h","time":1610655794,"event":{"mods":["BaseMod","Better Vampires","Colored Map","Colored Powertips","DeckTracker","Highlight Path","KOR Keyword Fix","Minty Spire (QoL Compilation)","Rare Cards Sparkle","StSLib","SuperFastMode","everything is the same but u backflip on backflip","slay the spire mod where everything is the same but ironclad has a cowboy hat"],"gold_per_floor":[117,117,87,99,99,111,111,124,124,138,138,4,34,45,45,119,119,136,152,170,170,4,4,29,29,78,78,103,103,118,118,118,118,118],"floor_reached":33,"language":"KOR","playtime":670,"items_purged":[],"score":570,"play_id":"5a1f0db5-e304-40a3-b618-ba56a5c7d539","local_time":"20210115052314","is_ascension_mode":true,"campfire_choices":[{"data":"Wild Strike","floor":7.0,"key":"SMITH"},{"data":"Perfected Strike","floor":11.0,"key":"SMITH"},{"data":"Perfected Strike","floor":15.0,"key":"SMITH"},{"data":"Battle Trance","floor":23.0,"key":"SMITH"},{"floor":27.0,"key":"REST"},{"data":"Evolve","floor":32,"key":"SMITH"}],"circlet_count":0,"master_deck":["AscendersBane","Bash","Fire Breathing","Wild Strike+1","Perfected Strike+1","Perfected Strike+1","Shockwave","Evolve+1","Impervious","Second Wind","Disarm","Reckless Charge","Iron Wave","Juggernaut","Immolate","Intimidate","Sword Boomerang","Feel No Pain","Twin Strike","Pommel Strike","Seeing Red","Power Through","Battle Trance+1","Bloodletting","Reaper","Shrug It Off+1"],"relics":["Burning Blood","NeowsBlessing","Boot","Paper Frog","Potion Belt","MealTicket","Pandora\u0027s Box","Pantograph","Blood Vial","Gambling Chip","Nloth\u0027s Gift"],"acts_visited":["Exordium","TheCity"],"potions_floor_usage":[33],"damage_taken":[{"damage":0.0,"enemies":"Small Slimes","floor":1.0,"turns":2.0},{"damage":0.0,"enemies":"Cultist","floor":4.0,"turns":1.0},{"damage":0.0,"enemies":"Jaw Worm","floor":6.0,"turns":1.0},{"damage":8.0,"enemies":"Red Slaver","floor":8.0,"turns":3.0},{"damage":9.0,"enemies":"3 Louse","floor":10.0,"turns":4.0},{"damage":20.0,"enemies":"Lagavulin","floor":13.0,"turns":5.0},{"damage":13.0,"enemies":"Large Slime","floor":14.0,"turns":3.0},{"damage":22.0,"enemies":"Slime Boss","floor":16.0,"turns":6.0},{"damage":38.0,"enemies":"Shell Parasite","floor":18.0,"turns":5.0},{"damage":24.0,"enemies":"Spheric Guardian","floor":19.0,"turns":5.0},{"damage":4.0,"enemies":"Centurion and Healer","floor":20.0,"turns":6.0},{"damage":29.0,"enemies":"Slavers","floor":24.0,"turns":4.0},{"damage":15,"enemies":"Gremlin Leader","floor":28,"turns":6},{"damage":12,"enemies":"Snake Plant","floor":30,"turns":3},{"damage":45,"enemies":"Collector","floor":33,"turns":6}],"seed_played":"-629200238064913426","potions_obtained":[{"floor":3.0,"key":"HeartOfIron"},{"floor":3.0,"key":"Dexterity Potion"},{"floor":16.0,"key":"Swift Potion"},{"floor":18.0,"key":"ColorlessPotion"},{"floor":19.0,"key":"SkillPotion"},{"floor":30,"key":"Weak Potion"}],"is_trial":false,"path_per_floor":["M","?","?","M","T","M","R","M","T","M","R","$","E","M","R","B",null,"M","M","M","?","$","R","E","?","T","R","E","?","M","?","R","B"],"character_chosen":"IRONCLAD","items_purchased":["Shockwave","Fire Potion","Orrery"],"campfire_rested":1,"item_purchase_floors":[12,12,22],"current_hp_per_floor":[74,56,56,62,62,68,68,66,66,63,63,63,49,42,42,26,63,31,13,15,15,30,30,7,7,7,29,22,22,18,18,18,0,0],"gold":118,"neow_bonus":"THREE_ENEMY_KILL","is_daily":false,"chose_seed":false,"campfire_upgraded":5,"win_rate":0.0,"timestamp":1610655794,"path_taken":["M","?","?","?","?","M","R","?","T","M","R","?","E","M","R","BOSS","M","M","M","?","$","R","E","?","T","R","E","?","?","?","R","BOSS"],"items_purchased_type":["Card","Potion","Relic"],"build_version":"2020-12-22","purchased_purges":0,"victory":false,"max_hp_per_floor":[75,75,75,75,75,75,75,75,75,75,75,75,75,75,75,75,75,75,75,75,75,75,75,75,75,75,75,75,75,75,75,75,75,75],"card_choices":[{"not_picked":["Flex","Shrug It Off","Clash"],"picked":"SKIP","floor":1.0},{"not_picked":["Heavy Blade","Dual Wield"],"picked":"Fire Breathing","floor":4.0},{"not_picked":["Perfected Strike","Headbutt"],"picked":"Wild Strike","floor":6.0},{"not_picked":["Armaments","Exhume"],"picked":"Perfected Strike","floor":8.0},{"not_picked":["Combust","Twin Strike"],"picked":"Perfected Strike","floor":10.0},{"not_picked":["Flex","Rupture"],"picked":"Evolve","floor":13.0},{"not_picked":["True Grit","Uppercut","Combust"],"picked":"SKIP","floor":14.0},{"not_picked":["Exhume","Double Tap"],"picked":"Impervious","floor":16.0},{"not_picked":["Dropkick","Pommel Strike"],"picked":"Feel No Pain","floor":18.0},{"not_picked":["Clash","Warcry"],"picked":"Twin Strike","floor":19.0},{"not_picked":["Twin Strike","Combust"],"picked":"Pommel Strike","floor":20.0},{"not_picked":["Power Through","Ghostly Armor"],"picked":"Seeing Red","floor":22.0},{"not_picked":["Thunderclap","Berserk"],"picked":"Power Through","floor":22.0},{"not_picked":["Rampage","Rupture"],"picked":"Battle Trance","floor":22.0},{"not_picked":["Body Slam","Pommel Strike"],"picked":"Bloodletting","floor":22.0},{"not_picked":["Clothesline+1","Heavy Blade","Spot Weakness"],"picked":"SKIP","floor":24.0},{"not_picked":["Sword Boomerang","Entrench"],"picked":"Reaper","floor":28},{"not_picked":["Wild Strike","Sword Boomerang"],"picked":"Shrug It Off+1","floor":30}],"player_experience":1421628,"relics_obtained":[{"floor":5.0,"key":"Paper Frog"},{"floor":9.0,"key":"Potion Belt"},{"floor":13.0,"key":"MealTicket"},{"floor":24.0,"key":"Pantograph"},{"floor":26.0,"key":"Blood Vial"},{"floor":28,"key":"Gambling Chip"}],"event_choices":[{"damage_healed":0.0,"max_hp_gain":0.0,"max_hp_loss":0.0,"gold_gain":0.0,"event_name":"Scrap Ooze","player_choice":"Success","floor":2.0,"gold_loss":0.0,"damage_taken":18.0,"relics_obtained":["Boot"]},{"damage_healed":0.0,"max_hp_gain":0.0,"max_hp_loss":0.0,"gold_gain":0.0,"event_name":"The Woman in Blue","player_choice":"Bought 2 Potions","floor":3.0,"gold_loss":0.0,"damage_taken":0.0},{"cards_removed":["Searing Blow"],"damage_healed":0.0,"max_hp_gain":0.0,"max_hp_loss":0.0,"gold_gain":0.0,"event_name":"Back to Basics","player_choice":"Elegance","floor":21.0,"gold_loss":0.0,"damage_taken":0.0},{"damage_healed":0.0,"max_hp_gain":0.0,"max_hp_loss":0.0,"gold_gain":0.0,"event_name":"Vampires","player_choice":"Became a vampire","floor":25.0,"gold_loss":0.0,"damage_taken":0.0,"cards_obtained":[]},{"damage_healed":0,"gold_gain":0,"player_choice":"Traded Relic","damage_taken":0,"relics_obtained":["Nloth\u0027s Gift"],"max_hp_gain":0,"max_hp_loss":0,"event_name":"N\u0027loth","floor":29,"relics_lost":["Orrery"],"gold_loss":0},{"damage_healed":0,"gold_gain":0,"player_choice":"Ignored","damage_taken":0,"max_hp_gain":0,"max_hp_loss":0,"event_name":"Ghosts","floor":31,"gold_loss":0}],"is_beta":false,"boss_relics":[{"not_picked":["Fusion Hammer","Cursed Key"],"picked":"Pandora\u0027s Box"}],"items_purged_floors":[],"is_endless":false,"potions_floor_spawned":[6,16,18,19,30],"killed_by":"Collector","ascension_level":20}}