{"host":"97k3n5kp0psabqmo","time":1610650240,"event":{"mods":["BaseMod","Colored Powertips","Hubris","Minty Spire (QoL Compilation)","Replay The Spire","StSLib"],"gold_per_floor":[113,113,38,53,69,21,37,37,37,37,53,53,73,73,73,170,170,138,148,423,437,455,455,455],"floor_reached":23,"language":"ENG","playtime":2034,"items_purged":["Defend_G"],"score":185,"play_id":"8671f9ab-05c5-4f40-a375-2e1fe0beefc2","local_time":"20210114135040","is_ascension_mode":false,"campfire_choices":[{"data":"Prepared","floor":8,"key":"SMITH"},{"data":"Deflect","floor":10,"key":"SMITH"},{"data":"Flying Knee","floor":12,"key":"SMITH"},{"data":"Neutralize","floor":15,"key":"SMITH"}],"circlet_count":0,"master_deck":["Strike_G","Strike_G","Defend_G","Defend_G","Defend_G","Defend_G","Survivor","Neutralize+1","Flying Knee+1","Deflect+1","Flying Knee","Prepared+1","Neutralize","Cloak And Dagger+1","Blade Dance+1","Regret","Caltrops","Caltrops"],"relics":["Replay:Drink Me","Replay:Bottled Flurry","Black Star"],"acts_visited":["Exordium","TheCity"],"potions_floor_usage":[16,16,16],"damage_taken":[{"damage":16,"enemies":"Cultist","floor":1,"turns":8},{"damage":0,"enemies":"Jaw Worm","floor":4,"turns":4},{"damage":0,"enemies":"2 Louse","floor":5,"turns":4},{"damage":0,"enemies":"Blue Slaver","floor":7,"turns":4},{"damage":0,"enemies":"Large Slime","floor":11,"turns":6},{"damage":6,"enemies":"Lots of Slimes","floor":13,"turns":4},{"damage":25,"enemies":"Fading Forest","floor":16,"turns":11},{"damage":2,"enemies":"2 Thieves","floor":18,"turns":5},{"damage":1,"enemies":"Chosen","floor":19,"turns":5},{"damage":11,"enemies":"Snecko","floor":21,"turns":6},{"damage":6,"enemies":"Snake Plant","floor":22,"turns":4},{"damage":34,"enemies":"Gremlin Leader","floor":23,"turns":7}],"seed_played":"3640459318171258695","potions_obtained":[{"floor":2,"key":"Adrenaline Potion"},{"floor":2,"key":"Swift Potion"},{"floor":2,"key":"Dexterity Potion"}],"is_trial":false,"path_per_floor":["M","?","$","M","M","$","M","R","T","R","M","R","M","?","R","B",null,"M","M","?","M","M","E"],"character_chosen":"THE_SILENT","items_purchased":["Flying Knee"],"campfire_rested":0,"item_purchase_floors":[6],"current_hp_per_floor":[37,37,37,37,37,37,37,37,37,37,37,37,31,31,31,6,53,51,50,50,39,33,0,0],"gold":455,"neow_bonus":"BOSS_RELIC","is_daily":false,"chose_seed":false,"campfire_upgraded":4,"win_rate":0.0,"timestamp":1610650240,"path_taken":["M","?","$","M","M","?","M","R","T","R","M","R","M","?","R","BOSS","M","M","?","M","?","E"],"items_purchased_type":["Card"],"build_version":"2020-12-22","purchased_purges":1,"victory":false,"max_hp_per_floor":[53,53,53,53,53,53,53,53,53,53,53,53,53,53,53,53,53,53,53,53,53,53,53,53],"card_choices":[{"not_picked":["Backflip","Dagger Spray"],"picked":"Flying Knee","floor":1},{"not_picked":["PiercingWail","Dagger Throw","Cloak And Dagger"],"picked":"SKIP","floor":4},{"not_picked":["Tactician","Choke"],"picked":"Deflect","floor":5},{"not_picked":["Skewer","Underhanded Strike"],"picked":"Prepared","floor":7},{"not_picked":["Corpse Explosion","Sucker Punch","Riddle With Holes"],"picked":"SKIP","floor":11},{"not_picked":["Quick Slash","Dodge and Roll","hubris:SlightOfHand"],"picked":"SKIP","floor":13},{"not_picked":["Toxin Wave+1","hubris:SlightOfHand+1"],"picked":"Cloak And Dagger+1","floor":18},{"not_picked":["ReplayTheSpireMod:Exploit Weakness","Poisoned Stab"],"picked":"Blade Dance+1","floor":19},{"not_picked":["Deadly Poison+1","Quick Slash"],"picked":"Caltrops","floor":21},{"not_picked":["Outmaneuver","Quick Slash+1"],"picked":"Caltrops","floor":22}],"player_experience":27225,"relics_obtained":[{"floor":9,"key":"Replay:Bottled Flurry"}],"event_choices":[{"damage_healed":0,"gold_gain":0,"player_choice":"Got Potions","damage_taken":0,"max_hp_gain":0,"max_hp_loss":0,"event_name":"Lab","floor":2,"gold_loss":0},{"damage_healed":0,"gold_gain":0,"player_choice":"1 cards matched","damage_taken":0,"max_hp_gain":0,"max_hp_loss":0,"event_name":"Match and Keep!","floor":14,"gold_loss":0,"cards_obtained":["Neutralize"]},{"damage_healed":0,"gold_gain":275,"player_choice":"Desecrate","damage_taken":0,"max_hp_gain":0,"max_hp_loss":0,"event_name":"Golden Shrine","floor":20,"gold_loss":0,"cards_obtained":["Regret"]}],"is_beta":false,"boss_relics":[{"not_picked":["hubris:CrackedHourglass","Replay:Wanted Poster"],"picked":"Black Star"}],"items_purged_floors":[3],"is_endless":false,"potions_floor_spawned":[4,13],"killed_by":"Gremlin Leader","ascension_level":0}}