{"host":"2qv44oxt58ptq59r","time":1610654758,"event":{"mods":["AchievementEnabler","BaseMod","Colored Powertips","Highlight Path","Minty Spire (QoL Compilation)","Permanent Neow","StSLib"],"gold_per_floor":[113,37,37,51,61,96,96,96,96,113,140,152,185,195,195,195,195],"floor_reached":16,"language":"ENG","playtime":2535,"items_purged":[],"score":112,"play_id":"a4894151-9714-4a84-be18-e3b78ccd3641","local_time":"20210114200558","is_ascension_mode":false,"campfire_choices":[{"floor":7.0,"key":"RECALL"},{"data":"Whirlwind","floor":15,"key":"SMITH"}],"circlet_count":0,"master_deck":["Strike_R","Strike_R","Strike_R","Strike_R","Strike_R","Defend_R","Defend_R","Defend_R","Defend_R","Bash+1","Intimidate","Impervious","Whirlwind+1"],"relics":["Burning Blood","Magic Flower","Tiny Chest","Ornamental Fan","Odd Mushroom","Torii"],"acts_visited":["Exordium"],"potions_floor_usage":[13,13,16],"damage_taken":[{"damage":6.0,"enemies":"Jaw Worm","floor":1.0,"turns":3.0},{"damage":0.0,"enemies":"Cultist","floor":4.0,"turns":4.0},{"damage":0.0,"enemies":"2 Louse","floor":5.0,"turns":3.0},{"damage":39.0,"enemies":"3 Sentries","floor":6.0,"turns":11.0},{"damage":19.0,"enemies":"Large Slime","floor":10.0,"turns":8.0},{"damage":3.0,"enemies":"The Mushroom Lair","floor":11.0,"turns":5.0},{"damage":3.0,"enemies":"2 Fungi Beasts","floor":12.0,"turns":4.0},{"damage":16,"enemies":"Lagavulin","floor":13,"turns":7},{"damage":9,"enemies":"Red Slaver","floor":14,"turns":4},{"damage":92,"enemies":"Hexaghost","floor":16,"turns":16}],"seed_played":"5854472550523638227","potions_obtained":[{"floor":4.0,"key":"FairyPotion"},{"floor":5.0,"key":"Explosive Potion"},{"floor":10.0,"key":"Dexterity Potion"},{"floor":12.0,"key":"BlessingOfTheForge"},{"floor":14,"key":"PowerPotion"}],"is_trial":false,"path_per_floor":["M","$","?","M","M","E","R","?","T","M","?","M","E","M","R","B"],"character_chosen":"IRONCLAD","items_purchased":["LiquidBronze"],"campfire_rested":0,"item_purchase_floors":[2],"current_hp_per_floor":[80,80,85,85,85,52,52,52,52,42,48,54,47,47,47,0,0],"gold":195,"neow_bonus":"UPGRADE_CARD","is_daily":false,"chose_seed":false,"campfire_upgraded":1,"win_rate":0.0,"timestamp":1610654758,"path_taken":["M","$","?","M","M","E","R","?","T","?","?","M","E","M","R","BOSS"],"items_purchased_type":["Potion"],"build_version":"2020-12-22","purchased_purges":0,"victory":false,"max_hp_per_floor":[80,80,85,85,85,85,85,85,85,85,85,85,85,85,85,85,85],"card_choices":[{"not_picked":["Body Slam","Anger"],"picked":"Intimidate","floor":1.0},{"not_picked":["Fire Breathing","Havoc","Sentinel"],"picked":"SKIP","floor":4.0},{"not_picked":["Combust","Havoc","Power Through"],"picked":"SKIP","floor":5.0},{"not_picked":["Rupture","Havoc","Armaments"],"picked":"SKIP","floor":6.0},{"not_picked":["Cleave","Thunderclap"],"picked":"Impervious","floor":10.0},{"not_picked":["Sword Boomerang","Second Wind","Havoc"],"picked":"SKIP","floor":12.0},{"not_picked":["Entrench","Flex","Berserk"],"picked":"SKIP","floor":13},{"not_picked":["Perfected Strike","Reckless Charge"],"picked":"Whirlwind","floor":14}],"player_experience":5345308,"relics_obtained":[{"floor":6.0,"key":"Magic Flower"},{"floor":8.0,"key":"Tiny Chest"},{"floor":9.0,"key":"Ornamental Fan"},{"floor":11.0,"key":"Odd Mushroom"},{"floor":13,"key":"Torii"}],"event_choices":[{"damage_healed":0.0,"max_hp_gain":5.0,"max_hp_loss":0.0,"gold_gain":0.0,"event_name":"Big Fish","player_choice":"Donut","floor":3.0,"gold_loss":0.0,"damage_taken":0.0},{"damage_healed":0.0,"max_hp_gain":0.0,"max_hp_loss":0.0,"gold_gain":0.0,"event_name":"Wheel of Change","player_choice":"Relic","floor":8.0,"gold_loss":0.0,"damage_taken":0.0},{"damage_healed":0.0,"max_hp_gain":0.0,"max_hp_loss":0.0,"gold_gain":0.0,"event_name":"Mushrooms","player_choice":"Fought Mushrooms","floor":11.0,"gold_loss":0.0,"damage_taken":0.0}],"is_beta":false,"boss_relics":[],"items_purged_floors":[],"is_endless":false,"potions_floor_spawned":[4,5,10,12,14],"killed_by":"Hexaghost","ascension_level":0}}