{"host":"1x0iiauhsd6tfigj","time":1610590379,"event":{"mods":["AchievementEnabler","BaseMod","Block Reminder","Colored Map","Colored Powertips","DeckTracker","Googly Eyes","Highlight Path","Minty Spire (QoL Compilation)","Permanent Neow","Quick Restart","Relic Sorter","Relic Stats","Slay-I","StSLib"],"gold_per_floor":[111,111,125,142,13,13,40,58,135,150,150,34,34,45,45,142,142,154,69,69,17,19,19,44,44,44,44,56,74,74,88,88,189,189,204,214,214,214],"floor_reached":37,"language":"ENG","playtime":2776,"items_purged":[],"score":565,"play_id":"5a9b7b53-64f0-45b6-982e-1f4fa78cfd42","local_time":"20210113191259","is_ascension_mode":true,"campfire_choices":[{"data":"TalkToTheHand","floor":6.0,"key":"SMITH"},{"floor":11.0,"key":"REST"},{"floor":15.0,"key":"REST"},{"floor":23.0,"key":"REST"},{"floor":25.0,"key":"REST"},{"data":"Eruption","floor":27.0,"key":"SMITH"},{"data":"Conclude","floor":32.0,"key":"SMITH"}],"circlet_count":0,"master_deck":["Defend_P","Defend_P+1","Defend_P+1","Eruption+1","Vigilance","EmptyBody","EmptyFist","TalkToTheHand+1","Consecrate","Sanctity","EmptyFist","Protect","FollowUp","LikeWater","Consecrate","Wallop","Halt","BowlingBash","Conclude+1","FlurryOfBlows+1","Wallop+1","Halt+1","Conclude","BowlingBash+1","ReachHeaven+1","CrushJoints+1","DevaForm+1","FlurryOfBlows+1","Consecrate"],"relics":["Runic Pyramid","Lizard Tail","Yang","Empty Cage","War Paint","Eternal Feather","White Beast Statue","Blood Vial","Astrolabe"],"acts_visited":["Exordium","TheCity","TheBeyond"],"potions_floor_usage":[37],"damage_taken":[{"damage":0.0,"enemies":"2 Louse","floor":1.0,"turns":2.0},{"damage":0.0,"enemies":"Cultist","floor":3.0,"turns":5.0},{"damage":4.0,"enemies":"Jaw Worm","floor":4.0,"turns":3.0},{"damage":23.0,"enemies":"Gremlin Nob","floor":7.0,"turns":4.0},{"damage":0.0,"enemies":"Exordium Thugs","floor":8.0,"turns":5.0},{"damage":0.0,"enemies":"2 Fungi Beasts","floor":10.0,"turns":2.0},{"damage":15.0,"enemies":"Blue Slaver","floor":14.0,"turns":3.0},{"damage":0.0,"enemies":"Slime Boss","floor":16.0,"turns":3.0},{"damage":29.0,"enemies":"Spheric Guardian","floor":18.0,"turns":7.0},{"damage":0.0,"enemies":"2 Thieves","floor":22.0,"turns":4.0},{"damage":85.0,"enemies":"Gremlin Leader","floor":24.0,"turns":8.0},{"damage":5.0,"enemies":"3 Cultists","floor":28.0,"turns":4.0},{"damage":6.0,"enemies":"Sentry and Sphere","floor":29.0,"turns":4.0},{"damage":3.0,"enemies":"Cultist and Chosen","floor":31.0,"turns":8.0},{"damage":0.0,"enemies":"Collector","floor":33.0,"turns":9.0},{"damage":51.0,"enemies":"3 Darklings","floor":35.0,"turns":6.0},{"damage":4.0,"enemies":"3 Shapes","floor":36.0,"turns":4.0},{"damage":23,"enemies":"Writhing Mass","floor":37,"turns":3}],"seed_played":"2505713461805804834","potions_obtained":[{"floor":7.0,"key":"ColorlessPotion"},{"floor":8.0,"key":"PowerPotion"},{"floor":10.0,"key":"EssenceOfSteel"},{"floor":14.0,"key":"AttackPotion"},{"floor":24.0,"key":"BlessingOfTheForge"},{"floor":28.0,"key":"LiquidMemories"},{"floor":29.0,"key":"DuplicationPotion"},{"floor":31.0,"key":"SteroidPotion"},{"floor":33.0,"key":"PowerPotion"},{"floor":35.0,"key":"Energy Potion"},{"floor":36.0,"key":"Energy Potion"}],"is_trial":false,"path_per_floor":["M","?","M","M","$","R","E","M","T","M","R","$","?","M","R","B",null,"M","?","?","$","M","R","E","R","T","R","M","M","T","M","R","B",null,"M","M","M"],"character_chosen":"WATCHER","items_purchased":["Consecrate","Sanctity","EmptyFist","Consecrate","Wallop","Block Potion"],"campfire_rested":4,"item_purchase_floors":[5,5,5,12,12,21],"current_hp_per_floor":[72,72,72,68,68,68,45,45,45,45,66,66,66,51,72,72,72,43,43,43,43,43,64,36,69,69,72,67,61,61,60,72,72,72,21,19,0,0],"gold":214,"neow_bonus":"BOSS_RELIC","is_daily":false,"chose_seed":false,"campfire_upgraded":3,"win_rate":0.0,"timestamp":1610590379,"path_taken":["M","?","M","?","?","R","E","M","T","M","R","$","?","M","R","BOSS","M","?","?","$","M","R","E","R","T","R","M","M","?","M","R","BOSS","M","M","M"],"items_purchased_type":["Card","Card","Card","Card","Card","Potion"],"build_version":"2020-12-22","purchased_purges":0,"victory":false,"max_hp_per_floor":[72,72,72,72,72,72,72,72,72,72,72,72,72,72,72,72,72,72,72,72,72,72,72,72,72,72,72,72,72,72,72,72,72,72,72,72,72,72],"relic_stats":{"Blood Vial":6,"Lizard Tail":36,"counters":[18,84],"Astrolabe":["ReachHeaven","CrushJoints","DevaForm"],"Yang":[163],"Eternal Feather":27,"War Paint":["Defend_P","Defend_P"],"obtain_stats":[{"Blood Vial":30,"Lizard Tail":7,"Astrolabe":34,"Yang":9,"Eternal Feather":24,"PureWater":0,"War Paint":19,"Empty Cage":17,"White Beast Statue":26,"Runic Pyramid":0},{"Blood Vial":13,"Lizard Tail":4,"Astrolabe":15,"Yang":5,"Eternal Feather":11,"PureWater":0,"War Paint":9,"Empty Cage":8,"White Beast Statue":11,"Runic Pyramid":0},{"Blood Vial":54,"Lizard Tail":14,"Astrolabe":71,"Yang":19,"Eternal Feather":46,"PureWater":0,"War Paint":34,"Empty Cage":27,"White Beast Statue":46,"Runic Pyramid":0}]},"card_choices":[{"not_picked":["FlurryOfBlows","PathToVictory"],"picked":"EmptyBody","floor":1.0},{"not_picked":["FollowUp","Prostrate"],"picked":"EmptyFist","floor":3.0},{"not_picked":["CutThroughFate","Blasphemy"],"picked":"TalkToTheHand","floor":4.0},{"not_picked":["CrushJoints","MentalFortress"],"picked":"Protect","floor":7.0},{"not_picked":["Perseverance","BowlingBash"],"picked":"FollowUp","floor":8.0},{"not_picked":["Adaptation","Meditate"],"picked":"LikeWater","floor":10.0},{"not_picked":["CutThroughFate","Adaptation"],"picked":"Halt","floor":14.0},{"not_picked":["Halt","CrushJoints+1"],"picked":"BowlingBash","floor":18.0},{"not_picked":["CutThroughFate","Worship"],"picked":"FlurryOfBlows+1","floor":22.0},{"not_picked":["ThirdEye","PathToVictory"],"picked":"Wallop+1","floor":24.0},{"not_picked":["SandsOfTime","EmptyFist"],"picked":"Halt+1","floor":28.0},{"not_picked":["BowlingBash","FlurryOfBlows"],"picked":"Conclude","floor":29.0},{"not_picked":["Crescendo+1","Fasting2+1"],"picked":"BowlingBash+1","floor":31.0},{"not_picked":["Evaluate+1","BowlingBash"],"picked":"FlurryOfBlows+1","floor":35.0},{"not_picked":["WheelKick","Tantrum+1"],"picked":"Consecrate","floor":36.0}],"player_experience":1555123,"relics_obtained":[{"floor":7.0,"key":"Lizard Tail"},{"floor":9.0,"key":"Yang"},{"floor":24.0,"key":"Eternal Feather"},{"floor":26.0,"key":"White Beast Statue"},{"floor":30.0,"key":"Blood Vial"}],"event_choices":[{"cards_removed":["Strike_P"],"damage_healed":0.0,"max_hp_gain":0.0,"max_hp_loss":0.0,"gold_gain":0.0,"event_name":"Bonfire Elementals","player_choice":"Offered Basic","floor":2.0,"gold_loss":0.0,"damage_taken":0.0},{"damage_healed":0.0,"max_hp_gain":0.0,"max_hp_loss":0.0,"gold_gain":0.0,"event_name":"Wheel of Change","player_choice":"Cursed","floor":13.0,"gold_loss":0.0,"damage_taken":0.0,"cards_obtained":["Decay"]},{"damage_healed":0.0,"max_hp_gain":0.0,"max_hp_loss":0.0,"gold_gain":0.0,"event_name":"Addict","player_choice":"Obtained Relic","floor":19.0,"gold_loss":85.0,"damage_taken":0.0,"relics_obtained":["War Paint"]},{"damage_healed":0.0,"max_hp_gain":0.0,"max_hp_loss":0.0,"gold_gain":0.0,"event_name":"The Library","player_choice":"Read","floor":20.0,"gold_loss":0.0,"damage_taken":0.0,"cards_obtained":["Conclude"]}],"is_beta":false,"boss_relics":[{"not_picked":["Snecko Eye","SlaversCollar"],"picked":"Empty Cage"},{"not_picked":["Pandora\u0027s Box","Philosopher\u0027s Stone"],"picked":"Astrolabe"}],"items_purged_floors":[],"is_endless":false,"potions_floor_spawned":[7,8,10,14,24,28,29,31,33,35,36],"killed_by":"Writhing Mass","ascension_level":3}}