{"host":"b995t17pt6d05w8c","time":1610628455,"event":{"mods":["AchievementEnabler","BaseMod","Colored Map","DeckTracker","Keyboard Shortcuts","Minty Spire (QoL Compilation)","Permanent Neow","SuperFastMode"],"gold_per_floor":[116,129,129,129,142,142,177,177,177,211,136,160,160,160,160,258,258,273,81,81,81,81,81,108,127,153,167,167,167,198,212,212,285,285,302,302,313,313,313,345,345,131,131,131,144,157,12,32,32,32],"floor_reached":51,"language":"KOR","playtime":1465,"items_purged":["Strike_R","Defend_R"],"score":1476,"play_id":"6da77d5d-ecb1-4328-819f-19b28b7ad4f6","local_time":"20210114214735","is_ascension_mode":true,"campfire_choices":[{"data":"Bash","floor":6.0,"key":"SMITH"},{"data":"Feel No Pain","floor":8.0,"key":"SMITH"},{"floor":13.0,"key":"REST"},{"data":"Fire Breathing","floor":15.0,"key":"SMITH"},{"data":"Strike_R+1","floor":23,"key":"PURGE"},{"data":"Wild Strike","floor":29,"key":"PURGE"},{"data":"Double Tap","floor":32,"key":"SMITH"},{"data":"Defend_R","floor":41,"key":"PURGE"},{"data":"Barricade","floor":44,"key":"SMITH"},{"floor":49,"key":"REST"}],"circlet_count":0,"master_deck":["AscendersBane","Defend_R","Bash+1","Dropkick+1","Feel No Pain+1","Dropkick","Battle Trance","Offering","Immolate","CurseOfTheBell","Pommel Strike+1","Second Wind","Barricade+1","Double Tap+1","Flash of Steel","Finesse","Evolve","Dark Shackles","Offering"],"relics":["Burning Blood","Bloody Idol","Question Card","Whetstone","FossilizedHelix","Calling Bell","MealTicket","The Courier","Peace Pipe","Medical Kit","Gremlin Horn","Boot","PreservedInsect","Runic Dome","Nunchaku","Potion Belt"],"acts_visited":["Exordium","TheCity","TheBeyond"],"potions_floor_usage":[18,25,50,50,50],"damage_taken":[{"damage":7.0,"enemies":"Jaw Worm","floor":1.0,"turns":3.0},{"damage":7.0,"enemies":"Small Slimes","floor":2.0,"turns":3.0},{"damage":3.0,"enemies":"2 Louse","floor":5.0,"turns":2.0},{"damage":21.0,"enemies":"Gremlin Nob","floor":7.0,"turns":4.0},{"damage":30.0,"enemies":"Lagavulin","floor":10.0,"turns":6.0},{"damage":15.0,"enemies":"Lots of Slimes","floor":12.0,"turns":6.0},{"damage":0.0,"enemies":"Slime Boss","floor":16.0,"turns":5.0},{"damage":9,"enemies":"Chosen","floor":18,"turns":4},{"damage":9,"enemies":"Book of Stabbing","floor":24,"turns":4},{"damage":0,"enemies":"2 Thieves","floor":25,"turns":1},{"damage":22,"enemies":"Snake Plant","floor":27,"turns":3},{"damage":9,"enemies":"Gremlin Leader","floor":30,"turns":4},{"damage":18,"enemies":"Snecko","floor":31,"turns":4},{"damage":23,"enemies":"Champ","floor":33,"turns":5},{"damage":18,"enemies":"Orb Walker","floor":35,"turns":3},{"damage":15,"enemies":"3 Shapes","floor":37,"turns":4},{"damage":0,"enemies":"Giant Head","floor":40,"turns":5},{"damage":0,"enemies":"Spire Growth","floor":45,"turns":2},{"damage":0,"enemies":"Transient","floor":46,"turns":6},{"damage":36,"enemies":"Writhing Mass","floor":48,"turns":4},{"damage":26,"enemies":"Donu and Deca","floor":50,"turns":3}],"seed_played":"4541879282838874974","potions_obtained":[{"floor":2.0,"key":"PowerPotion"},{"floor":5.0,"key":"Ancient Potion"},{"floor":7.0,"key":"Swift Potion"},{"floor":16.0,"key":"SneckoOil"},{"floor":18,"key":"FairyPotion"},{"floor":25,"key":"AttackPotion"},{"floor":37,"key":"CultistPotion"},{"floor":45,"key":"BlessingOfTheForge"},{"floor":48,"key":"Strength Potion"}],"is_trial":false,"path_per_floor":["M","M","?","?","M","R","E","R","T","E","?","M","R","?","R","B",null,"M","$","?","?","?","R","E","M","T","M","?","R","E","M","R","B",null,"M","?","M","?","?","E","R","$","T","R","M","M","$","M","R","B",null],"character_chosen":"IRONCLAD","items_purchased":["Medical Kit","Potion Belt","Evolve","Dark Shackles"],"campfire_rested":2,"item_purchase_floors":[19,42,47,47],"current_hp_per_floor":[67,66,59,59,62,62,47,47,47,23,23,14,34,34,34,40,61,58,68,68,68,68,68,68,68,68,57,57,57,59,52,52,40,61,54,54,50,40,40,51,51,66,66,66,68,68,68,43,63,43],"gold":32,"neow_bonus":"TRANSFORM_CARD","is_daily":false,"chose_seed":false,"campfire_upgraded":5,"win_rate":0.0,"timestamp":1610628455,"path_taken":["M","M","?","?","M","R","E","R","T","E","?","M","R","?","R","BOSS","M","$","?","?","?","R","E","M","T","?","?","R","E","M","R","BOSS","M","?","?","?","?","E","R","$","T","R","M","M","$","M","R","BOSS"],"items_purchased_type":["Relic","Relic","Card","Card"],"build_version":"2020-12-22","purchased_purges":2,"victory":true,"max_hp_per_floor":[75,75,75,68,68,68,68,68,68,68,68,68,68,68,68,68,68,68,68,68,68,68,68,68,68,68,68,68,68,68,68,68,68,68,68,68,68,68,68,68,68,68,68,68,68,68,68,68,68,68],"card_choices":[{"not_picked":["Cleave","Searing Blow","Clash"],"picked":"SKIP","floor":1.0},{"not_picked":["Sever Soul","Infernal Blade"],"picked":"Feel No Pain","floor":2.0},{"not_picked":["Bloodletting","Combust"],"picked":"Dropkick","floor":5.0},{"not_picked":["Heavy Blade","Spot Weakness","Sword Boomerang"],"picked":"SKIP","floor":7.0},{"not_picked":["Iron Wave","Power Through","Fire Breathing"],"picked":"Battle Trance","floor":10.0},{"not_picked":["Shrug It Off","Iron Wave","Blood for Blood"],"picked":"Fire Breathing","floor":12.0},{"not_picked":["Juggernaut","Reaper","Limit Break"],"picked":"Immolate","floor":16.0},{"not_picked":["Whirlwind","Headbutt","Reckless Charge"],"picked":"Pommel Strike+1","floor":18},{"not_picked":["Battle Trance","Wild Strike+1","Rampage","Havoc+1"],"picked":"SKIP","floor":24},{"not_picked":["Power Through","Armaments","Sword Boomerang"],"picked":"Barricade","floor":25},{"not_picked":["Twin Strike","Second Wind","Heavy Blade","True Grit"],"picked":"SKIP","floor":27},{"not_picked":["Carnage","Rupture","Double Tap","Thunderclap"],"picked":"SKIP","floor":30},{"not_picked":["Second Wind","Havoc","Clash","Combust"],"picked":"SKIP","floor":31},{"not_picked":["Thunderclap","Clash+1","Body Slam","Wild Strike"],"picked":"SKIP","floor":35},{"not_picked":["Twin Strike","Hemokinesis","Body Slam","Seeing Red"],"picked":"SKIP","floor":37},{"not_picked":["PanicButton","Discovery","Mind Blast"],"picked":"Flash of Steel","floor":38},{"not_picked":["Transmutation","Impatience","Enlightenment"],"picked":"Finesse","floor":38},{"not_picked":["Corruption","Combust+1","Metallicize","Dropkick"],"picked":"SKIP","floor":40},{"not_picked":["Clash+1","Havoc","Pommel Strike+1","Body Slam+1"],"picked":"SKIP","floor":45},{"not_picked":["Entrench","Thunderclap","Shrug It Off+1","Twin Strike"],"picked":"SKIP","floor":46},{"not_picked":["Anger","Ghostly Armor","Wild Strike"],"picked":"Offering","floor":48}],"player_experience":127894,"relics_obtained":[{"floor":7.0,"key":"Question Card"},{"floor":9.0,"key":"Whetstone"},{"floor":10.0,"key":"FossilizedHelix"},{"floor":17.0,"key":"MealTicket"},{"floor":17.0,"key":"The Courier"},{"floor":17.0,"key":"Peace Pipe"},{"floor":24,"key":"Gremlin Horn"},{"floor":26,"key":"Boot"},{"floor":30,"key":"PreservedInsect"},{"floor":40,"key":"Nunchaku"}],"event_choices":[{"cards_removed":["Defend_R"],"damage_healed":0.0,"max_hp_gain":0.0,"max_hp_loss":0.0,"gold_gain":0.0,"event_name":"Golden Wing","player_choice":"Card Removal","floor":3.0,"gold_loss":0.0,"damage_taken":7.0},{"damage_healed":0.0,"max_hp_gain":0.0,"max_hp_loss":7.0,"gold_gain":0.0,"event_name":"Golden Idol","player_choice":"Lose Max HP","floor":4.0,"gold_loss":0.0,"damage_taken":0.0,"relics_obtained":["Golden Idol"]},{"cards_removed":["Strike_R"],"damage_healed":0.0,"max_hp_gain":0.0,"max_hp_loss":0.0,"gold_gain":0.0,"event_name":"The Cleric","player_choice":"Card Removal","floor":11.0,"gold_loss":75.0,"damage_taken":0.0},{"damage_healed":0.0,"max_hp_gain":0.0,"max_hp_loss":0.0,"gold_gain":0.0,"event_name":"Match and Keep!","player_choice":"2 cards matched","floor":14.0,"gold_loss":0.0,"damage_taken":0.0,"cards_obtained":["Offering","Wild Strike"]},{"damage_healed":0,"gold_gain":0,"player_choice":"Gave Idol","damage_taken":0,"relics_obtained":["Bloody Idol"],"max_hp_gain":0,"max_hp_loss":0,"event_name":"Forgotten Altar","floor":20,"relics_lost":["Golden Idol"],"gold_loss":0},{"damage_healed":0,"gold_gain":0,"player_choice":"Ignored","damage_taken":0,"max_hp_gain":0,"max_hp_loss":0,"event_name":"The Mausoleum","floor":21,"gold_loss":0},{"damage_healed":0,"gold_gain":0,"cards_transformed":["Strike_R"],"player_choice":"Transformed","damage_taken":0,"max_hp_gain":0,"max_hp_loss":0,"event_name":"Transmorgrifier","floor":22,"gold_loss":0,"cards_obtained":["Second Wind"]},{"damage_healed":0,"gold_gain":0,"player_choice":"Read","damage_taken":0,"max_hp_gain":0,"max_hp_loss":0,"event_name":"The Library","floor":28,"gold_loss":0,"cards_obtained":["Double Tap"]},{"cards_removed":["Fire Breathing"],"damage_healed":0,"gold_gain":0,"player_choice":"Purged","damage_taken":0,"max_hp_gain":0,"max_hp_loss":0,"event_name":"Purifier","floor":36,"gold_loss":0},{"damage_healed":0,"gold_gain":0,"player_choice":"Memory 3","damage_taken":10,"max_hp_gain":0,"max_hp_loss":0,"event_name":"SensoryStone","floor":38,"gold_loss":0},{"damage_healed":0,"gold_gain":0,"player_choice":"Ignored","damage_taken":0,"max_hp_gain":0,"max_hp_loss":0,"event_name":"Tomb of Lord Red Mask","floor":39,"gold_loss":0}],"is_beta":false,"boss_relics":[{"not_picked":["Black Blood","Tiny House"],"picked":"Calling Bell"},{"not_picked":["Astrolabe","Mark of Pain"],"picked":"Runic Dome"}],"items_purged_floors":[19,42],"is_endless":false,"potions_floor_spawned":[2,5,7,10,16,18,25,30,35,37,45,48],"ascension_level":17}}