{"host":"guk5h31bsklpp7e4","time":1610587535,"event":{"mods":["AchievementEnabler","BaseMod","Colored Map","Colored Powertips","Highlight Path","Minty Spire (QoL Compilation)","Quick Restart"],"gold_per_floor":[117,93,104,116,116,141,141,171,198,211,245,262,262,262,262,360,360,360,360,360,360,360,360,360,360,360,360,360,360,39,39,39,39,39,39,12,12,12,12,12,12,12,12,12,12,12,12,12,12,12,12,12,12,12,12,12],"floor_reached":55,"language":"ENG","playtime":3393,"items_purged":["Strike_P"],"score":795,"play_id":"d09b14b2-348f-47dc-b541-56e1080d6fad","local_time":"20210113202535","is_ascension_mode":true,"campfire_choices":[{"floor":7,"key":"REST"},{"floor":13,"key":"REST"},{"floor":15,"key":"RECALL"},{"data":"Eruption","floor":23,"key":"SMITH"},{"data":"DeceiveReality","floor":25,"key":"SMITH"},{"data":"Crescendo","floor":27,"key":"SMITH"},{"data":"SashWhip","floor":29,"key":"SMITH"},{"floor":32,"key":"REST"},{"floor":41,"key":"REST"},{"floor":45,"key":"REST"},{"floor":47,"key":"REST"},{"data":"Wallop","floor":49,"key":"SMITH"},{"data":"Prostrate","floor":52,"key":"SMITH"}],"circlet_count":0,"master_deck":["Eruption+1","Vigilance+1","Crescendo+1","ThirdEye","SashWhip+1","EmptyFist","FlyingSleeves","FearNoEvil","Brilliance","EmptyFist","Brilliance","FollowUp+1","Prostrate+1","EmptyFist+1","DeceiveReality+1","EmptyFist+1","EmptyBody+1","Evaluate+1","Wish+1","Crescendo+1","Weave","Wallop+1","Evaluate+1","Blasphemy+1","Prostrate+1","Tantrum+1","Protect+1","Swivel+1","Prostrate+1","Perseverance+1"],"relics":["PureWater","Art of War","Strawberry","Damaru","Akabeko","Ectoplasm","Toxic Egg 2","HandDrill","Incense Burner","Pandora\u0027s Box","Potion Belt","Anchor"],"acts_visited":["Exordium","TheCity","TheBeyond","TheEnding"],"potions_floor_usage":[8,11,12,21,28,31,33,37,50],"damage_taken":[{"damage":0,"enemies":"Small Slimes","floor":1,"turns":2},{"damage":0,"enemies":"2 Louse","floor":3,"turns":2},{"damage":4,"enemies":"Jaw Worm","floor":4,"turns":2},{"damage":13,"enemies":"3 Sentries","floor":6,"turns":7},{"damage":8,"enemies":"Gremlin Nob","floor":8,"turns":4},{"damage":10,"enemies":"3 Louse","floor":10,"turns":3},{"damage":8,"enemies":"Lagavulin","floor":11,"turns":5},{"damage":0,"enemies":"Lots of Slimes","floor":12,"turns":1},{"damage":33,"enemies":"The Guardian","floor":16,"turns":11},{"damage":7,"enemies":"Shell Parasite","floor":18,"turns":3},{"damage":0,"enemies":"Chosen","floor":19,"turns":3},{"damage":18,"enemies":"Snecko","floor":21,"turns":3},{"damage":2,"enemies":"Chosen and Byrds","floor":24,"turns":5},{"damage":11,"enemies":"Slavers","floor":28,"turns":4},{"damage":31,"enemies":"Gremlin Leader","floor":31,"turns":6},{"damage":46,"enemies":"Champ","floor":33,"turns":9},{"damage":29,"enemies":"3 Darklings","floor":35,"turns":5},{"damage":0,"enemies":"3 Shapes","floor":37,"turns":1},{"damage":23,"enemies":"Jaw Worm Horde","floor":39,"turns":3},{"damage":0,"enemies":"Transient","floor":40,"turns":5},{"damage":21,"enemies":"Sphere and 2 Shapes","floor":42,"turns":5},{"damage":0,"enemies":"Spire Growth","floor":46,"turns":2},{"damage":76,"enemies":"Time Eater","floor":50,"turns":10},{"damage":40,"enemies":"Shield and Spear","floor":54,"turns":6},{"damage":39,"enemies":"The Heart","floor":55,"turns":6}],"seed_played":"-1814062422467989358","potions_obtained":[{"floor":3,"key":"BottledMiracle"},{"floor":6,"key":"Block Potion"},{"floor":10,"key":"FairyPotion"},{"floor":11,"key":"Explosive Potion"},{"floor":12,"key":"Energy Potion"},{"floor":19,"key":"SneckoOil"},{"floor":21,"key":"SpeedPotion"},{"floor":33,"key":"SmokeBomb"},{"floor":46,"key":"DuplicationPotion"}],"is_trial":false,"path_per_floor":["M","?","M","M","?","E","R","E","T","M","E","M","R","?","R","B",null,"M","M","?","M","?","R","M","R","T","R","E","R","$","E","R","B",null,"M","$","M","$","M","M","R","M","T","?","R","M","R","?","R","B",null,"R","$","E","B"],"character_chosen":"WATCHER","items_purchased":["HandDrill","EmptyBody+1","Regen Potion","Prostrate+1"],"campfire_rested":6,"item_purchase_floors":[30,30,30,36],"current_hp_per_floor":[72,72,72,68,54,41,62,61,61,51,43,43,66,66,66,33,79,72,72,72,54,79,79,77,77,77,77,66,66,66,48,71,25,79,50,50,50,50,27,27,50,29,29,29,52,52,75,75,75,23,79,79,79,39,0,0],"gold":12,"neow_bonus":"THREE_CARDS","is_daily":false,"chose_seed":false,"campfire_upgraded":6,"win_rate":0.0,"timestamp":1610587535,"path_taken":["M","?","M","M","?","E","R","E","T","M","E","M","R","?","R","BOSS","M","M","?","M","?","R","M","R","T","R","E","R","$","E","R","BOSS","M","$","M","$","M","M","R","M","T","?","R","?","R","?","R","BOSS","R","$","E","BOSS"],"items_purchased_type":["Relic","Card","Potion","Card"],"build_version":"2020-12-22","purchased_purges":1,"victory":false,"max_hp_per_floor":[72,72,72,72,72,72,72,79,79,79,79,79,79,79,79,79,79,79,79,79,79,79,79,79,79,79,79,79,79,79,79,79,79,79,79,79,79,79,79,79,79,79,79,79,79,79,79,79,79,79,79,79,79,79,79,79],"card_choices":[{"not_picked":["SashWhip","FlurryOfBlows"],"picked":"Crescendo","floor":0},{"not_picked":["CrushJoints","SashWhip"],"picked":"ThirdEye","floor":1},{"not_picked":["Crescendo","BowlingBash"],"picked":"SashWhip","floor":3},{"not_picked":["BattleHymn","WreathOfFlame"],"picked":"EmptyFist","floor":4},{"not_picked":["SashWhip","FollowUp"],"picked":"FlyingSleeves","floor":6},{"not_picked":["CarveReality","Protect"],"picked":"FearNoEvil","floor":8},{"not_picked":["FlurryOfBlows","Collect","Meditate"],"picked":"SKIP","floor":10},{"not_picked":["Prostrate","Crescendo"],"picked":"Brilliance","floor":11},{"not_picked":["FearNoEvil","WheelKick"],"picked":"EmptyFist","floor":12},{"not_picked":["Scrawl","Omniscience"],"picked":"Brilliance","floor":16},{"not_picked":["SandsOfTime","Collect"],"picked":"FollowUp+1","floor":18},{"not_picked":["Crescendo","Perseverance"],"picked":"Prostrate","floor":19},{"not_picked":["Swivel","FlyingSleeves"],"picked":"EmptyFist+1","floor":21},{"not_picked":["Crescendo","JustLucky"],"picked":"DeceiveReality","floor":24},{"not_picked":["Omniscience+1","Consecrate"],"picked":"EmptyFist+1","floor":28},{"not_picked":["Collect+1","EmptyMind+1"],"picked":"Evaluate+1","floor":31},{"not_picked":["MasterReality","Alpha+1"],"picked":"Wish+1","floor":33},{"not_picked":["FlyingSleeves","Study+1","MentalFortress"],"picked":"SKIP","floor":35},{"not_picked":["Collect+1","SashWhip+1"],"picked":"Tantrum+1","floor":39},{"not_picked":["Evaluate+1","BattleHymn"],"picked":"Protect+1","floor":40},{"not_picked":["Collect+1","EmptyBody+1"],"picked":"Swivel+1","floor":42},{"not_picked":["BattleHymn","EmptyBody+1"],"picked":"Prostrate+1","floor":46},{"not_picked":["JustLucky+1","LikeWater+1"],"picked":"Perseverance+1","floor":54}],"player_experience":296727,"relics_obtained":[{"floor":6,"key":"Art of War"},{"floor":8,"key":"Strawberry"},{"floor":9,"key":"Damaru"},{"floor":11,"key":"Akabeko"},{"floor":28,"key":"Toxic Egg 2"},{"floor":31,"key":"Incense Burner"},{"floor":43,"key":"Potion Belt"},{"floor":54,"key":"Anchor"}],"event_choices":[{"damage_healed":0,"gold_gain":0,"player_choice":"Left Gold","damage_taken":0,"max_hp_gain":0,"max_hp_loss":0,"event_name":"World of Goop","floor":2,"gold_loss":24},{"damage_healed":0,"gold_gain":0,"player_choice":"Entered Light","damage_taken":14,"max_hp_gain":0,"max_hp_loss":0,"event_name":"Shining Light","floor":5,"gold_loss":0,"cards_upgraded":["Vigilance","Defend_P"]},{"cards_removed":["Strike_P"],"damage_healed":0,"gold_gain":0,"player_choice":"Forget","damage_taken":0,"max_hp_gain":0,"max_hp_loss":0,"event_name":"Living Wall","floor":14,"gold_loss":0},{"damage_healed":0,"gold_gain":0,"player_choice":"Ignored","damage_taken":0,"max_hp_gain":0,"max_hp_loss":0,"event_name":"Vampires","floor":20,"gold_loss":0},{"damage_healed":26,"gold_gain":0,"player_choice":"Heal","damage_taken":0,"max_hp_gain":0,"max_hp_loss":0,"event_name":"The Library","floor":22,"gold_loss":0},{"damage_healed":0,"gold_gain":0,"player_choice":"Ignored","damage_taken":0,"max_hp_gain":0,"max_hp_loss":0,"event_name":"Golden Shrine","floor":44,"gold_loss":0},{"cards_removed":["MentalFortress"],"damage_healed":0,"gold_gain":0,"player_choice":"Removed Power","damage_taken":0,"max_hp_gain":0,"max_hp_loss":0,"event_name":"Falling","floor":48,"gold_loss":0}],"is_beta":false,"boss_relics":[{"not_picked":["Cursed Key","Snecko Eye"],"picked":"Ectoplasm"},{"not_picked":["Fusion Hammer","Tiny House"],"picked":"Pandora\u0027s Box"}],"items_purged_floors":[30],"is_endless":false,"potions_floor_spawned":[3,6,10,11,12,19,21,33,37,46],"killed_by":"The Heart","ascension_level":2}}