{"host":"p9t7qd83igtcp2bh","time":1610617353,"event":{"mods":["2.2 Compatiblity","AchievementEnabler","BaseMod","Colored Map","Colored Powertips","Custom Start","DeckTracker","Keyboard Shortcuts","Minty Spire (QoL Compilation)","Permanent Neow","StSLib","SuperFastMode","everything is the same but u backflip on backflip"],"gold_per_floor":[114,114,114,130,153,153,194,194,194,218,183,183,196,219,219,314,314,335,335,250,264,264,264,287,323,371,371,371],"floor_reached":27,"language":"KOR","playtime":499,"items_purged":[],"score":454,"play_id":"67c36047-b7a0-43de-9590-96616c0e2d11","local_time":"20210114184233","is_ascension_mode":true,"campfire_choices":[{"data":"Doom and Gloom","floor":6.0,"key":"SMITH"},{"data":"Dualcast","floor":8.0,"key":"SMITH"},{"data":"Redo","floor":12.0,"key":"SMITH"},{"data":"Echo Form","floor":15.0,"key":"SMITH"},{"floor":23.0,"key":"REST"}],"circlet_count":0,"master_deck":["AscendersBane","Strike_B","Strike_B","Strike_B","Strike_B","Defend_B","Defend_B","Defend_B","Defend_B","Zap","Dualcast+1","Doom and Gloom+1","Rip and Tear","Echo Form+1","Redo+1","Leap","Electrodynamics","Heatsinks","Storm"],"relics":["FrozenCore","TungstenRod","The Courier","Golden Idol","Toy Ornithopter","StrikeDummy","Enchiridion","Mummified Hand","Symbiotic Virus","MealTicket"],"acts_visited":["Exordium","TheCity"],"potions_floor_usage":[25,25,25],"damage_taken":[{"damage":5.0,"enemies":"Cultist","floor":1.0,"turns":4.0},{"damage":0.0,"enemies":"2 Louse","floor":4.0,"turns":2.0},{"damage":9.0,"enemies":"Small Slimes","floor":5.0,"turns":2.0},{"damage":4.0,"enemies":"Lagavulin","floor":7.0,"turns":6.0},{"damage":10.0,"enemies":"Looter","floor":10.0,"turns":3.0},{"damage":11.0,"enemies":"3 Louse","floor":13.0,"turns":3.0},{"damage":0.0,"enemies":"Lots of Slimes","floor":14.0,"turns":1.0},{"damage":24.0,"enemies":"Hexaghost","floor":16.0,"turns":8.0},{"damage":19.0,"enemies":"Chosen","floor":18.0,"turns":4.0},{"damage":2.0,"enemies":"Spheric Guardian","floor":21.0,"turns":4.0},{"damage":28.0,"enemies":"Shelled Parasite and Fungi","floor":24.0,"turns":5.0},{"damage":6,"enemies":"Book of Stabbing","floor":25,"turns":4},{"damage":24,"enemies":"Centurion and Healer","floor":27,"turns":5}],"seed_played":"-4342616213925572566","potions_obtained":[{"floor":1.0,"key":"PowerPotion"},{"floor":5.0,"key":"Ancient Potion"},{"floor":16.0,"key":"Strength Potion"},{"floor":18.0,"key":"DuplicationPotion"}],"is_trial":false,"path_per_floor":["M","T","?","M","M","R","E","R","T","M","?","R","M","M","R","B",null,"M","?","?","M","?","R","M","E","T","M"],"character_chosen":"DEFECT","items_purchased":[],"campfire_rested":1,"item_purchase_floors":[],"current_hp_per_floor":[59,59,38,38,29,29,25,25,25,15,31,31,20,20,20,1,48,34,17,17,15,15,34,6,15,15,0,0],"gold":371,"neow_bonus":"ONE_RARE_RELIC","is_daily":false,"chose_seed":false,"campfire_upgraded":4,"win_rate":0.0,"timestamp":1610617353,"path_taken":["M","?","?","M","M","R","E","R","T","M","?","R","M","M","R","BOSS","M","?","?","M","?","R","M","E","T","?"],"items_purchased_type":[],"build_version":"2020-12-22","purchased_purges":0,"victory":false,"max_hp_per_floor":[64,64,64,64,64,64,64,64,64,64,64,64,64,64,64,64,64,64,64,64,64,64,64,64,64,64,64,64],"card_choices":[{"not_picked":["Streamline","Redo"],"picked":"Doom and Gloom","floor":1.0},{"not_picked":["Sweeping Beam","Cold Snap"],"picked":"Rip and Tear","floor":4.0},{"not_picked":["Aggregate","Rebound"],"picked":"Echo Form","floor":5.0},{"not_picked":["Ball Lightning","Sweeping Beam","Darkness"],"picked":"SKIP","floor":7.0},{"not_picked":["Loop","Static Discharge"],"picked":"Redo","floor":10.0},{"not_picked":["Redo","Steam"],"picked":"Leap","floor":13.0},{"not_picked":["Steam","Beam Cell","Barrage"],"picked":"SKIP","floor":14.0},{"not_picked":["Meteor Strike","Amplify"],"picked":"Electrodynamics","floor":16.0},{"not_picked":["FTL","Stack","Rebound"],"picked":"SKIP","floor":18.0},{"not_picked":["Redo+1","Steam","Barrage"],"picked":"SKIP","floor":21.0},{"not_picked":["Ball Lightning","Conserve Battery+1"],"picked":"Heatsinks","floor":24.0},{"not_picked":["Rainbow","Barrage"],"picked":"Storm","floor":25}],"player_experience":644869,"relics_obtained":[{"floor":2.0,"key":"The Courier"},{"floor":7.0,"key":"Toy Ornithopter"},{"floor":9.0,"key":"StrikeDummy"},{"floor":19.0,"key":"Enchiridion"},{"floor":25,"key":"Symbiotic Virus"},{"floor":26,"key":"MealTicket"}],"event_choices":[{"damage_healed":0.0,"max_hp_gain":0.0,"max_hp_loss":0.0,"gold_gain":0.0,"event_name":"Golden Idol","player_choice":"Take Damage","floor":3.0,"gold_loss":0.0,"damage_taken":22.0,"relics_obtained":["Golden Idol"]},{"damage_healed":16.0,"max_hp_gain":0.0,"max_hp_loss":0.0,"gold_gain":0.0,"event_name":"The Cleric","player_choice":"Healed","floor":11.0,"gold_loss":35.0,"damage_taken":0.0},{"damage_healed":0.0,"max_hp_gain":0.0,"max_hp_loss":0.0,"gold_gain":0.0,"event_name":"Cursed Tome","player_choice":"Obtained Book","floor":19.0,"gold_loss":0.0,"damage_taken":21.0},{"damage_healed":0.0,"max_hp_gain":0.0,"max_hp_loss":0.0,"gold_gain":0.0,"event_name":"Addict","player_choice":"Obtained Relic","floor":20.0,"gold_loss":85.0,"damage_taken":0.0,"relics_obtained":["Mummified Hand"]},{"damage_healed":0.0,"max_hp_gain":0.0,"max_hp_loss":0.0,"gold_gain":0.0,"event_name":"N\u0027loth","player_choice":"Ignored","floor":22.0,"gold_loss":0.0,"damage_taken":0.0}],"is_beta":false,"boss_relics":[{"not_picked":["Runic Dome","Tiny House"],"picked":"FrozenCore"}],"items_purged_floors":[],"is_endless":false,"potions_floor_spawned":[1,5,13,16,18],"killed_by":"Centurion and Healer","ascension_level":19}}