{"host":"lxtc5dws2zoiy0qv","time":1610613671,"event":{"mods":["Act Like it!","Aspiration","BaseMod","BetterRewards","Conspire","Downfall","Gensokyo","Hallownest","Minty Spire (QoL Compilation)","Remilia（蕾米莉亚）","Replay The Spire","RumiaBox-露米娅的神秘盒子","Shop Mod","StSLib","The Bug Knight","The Construct","The Cursed","The Servant 0.9.4","[IsaacMod]以撒尖塔","vexMod"],"gold_per_floor":[115,290,318,13,67,96,96,110,110,126,155,155,3,15,15,119,119,139,1,1,1,11,11,44,55,82,99,131,131,149,149,149],"floor_reached":31,"language":"ZHS","playtime":8397,"items_purged":["Doubt","Defend_B"],"score":358,"play_id":"20df1f05-a242-4ea3-a5d2-b8dd73726ae6","local_time":"20210114164111","is_ascension_mode":false,"campfire_choices":[{"data":"DoctorFetus","floor":7,"key":"SMITH"},{"floor":15,"key":"REST"},{"floor":23,"key":"REST"},{"floor":29,"key":"REST"}],"circlet_count":0,"master_deck":["Strike_B","Strike_B+1","Strike_B","Strike_B+1","Defend_B","Defend_B","Defend_B","Zap","Dualcast","DoctorFetus+1","BasicCrystalCard","White Noise","Defragment","Conserve Battery","Chaos","Panic Button","ReplayTheSpireMod:Dual Polarity","Redo","Crystallizer","Loop","Electrodynamics","Turbo+1","White Noise","Time Bomb","construct:FlameCore","construct:Enhance"],"relics":["Cracked Core","HushsDoor","PillsDrop","NeowsBlessing","Orichalcum","MerchantsRug","Ccalipers","Prayer Wheel","BookOfRevelations","Boot","aspiration:RunicSpoon","BloodBag","Chaos","PrismaticShard","Dream Catcher","aspiration:HummingbirdHeart","Whetstone"],"acts_visited":["Exordium","TheCity"],"potions_floor_usage":[11,12,16,28],"damage_taken":[{"damage":0,"enemies":"Jaw Worm","floor":1,"turns":1},{"damage":0,"enemies":"conspire:MimicChest","floor":3,"turns":1},{"damage":0,"enemies":"HollowMod:MossKnight","floor":6,"turns":1},{"damage":5,"enemies":"2 Louse","floor":8,"turns":3},{"damage":2,"enemies":"Small Slimes","floor":10,"turns":3},{"damage":0,"enemies":"3 Sentries","floor":11,"turns":7},{"damage":0,"enemies":"Lagavulin Event","floor":12,"turns":2},{"damage":7,"enemies":"Exordium Wildlife","floor":14,"turns":3},{"damage":15,"enemies":"The Guardian","floor":16,"turns":8},{"damage":9,"enemies":"Spheric Guardian","floor":18,"turns":5},{"damage":4,"enemies":"Chosen","floor":22,"turns":4},{"damage":2,"enemies":"HollowMod:Nosk","floor":24,"turns":6},{"damage":31,"enemies":"Shelled Parasite and Fungi","floor":25,"turns":8},{"damage":14,"enemies":"Sentry and Sphere","floor":27,"turns":4},{"damage":0,"enemies":"conspire:Head Lice","floor":28,"turns":6},{"damage":0,"enemies":"Snake Plant","floor":30,"turns":3},{"damage":0,"enemies":"Colosseum Slavers","floor":31,"turns":2},{"damage":56,"enemies":"Colosseum Nobs","floor":31,"turns":4}],"seed_played":"6606016544430363296","potions_obtained":[{"floor":1,"key":"SmokeBomb"},{"floor":5,"key":"Dexterity Potion"},{"floor":5,"key":"SmokeBomb"},{"floor":5,"key":"Fire Potion"},{"floor":14,"key":"Energy Potion"},{"floor":16,"key":"LiquidBronze"},{"floor":18,"key":"conspire:TimeTravelPotion"},{"floor":28,"key":"Fruit Juice"}],"is_trial":false,"path_per_floor":["M","?","?","$","?","E","R","M","T","M","E","?","$","M","R","B",null,"M","$","?","?","M","R","E","M","T","M","E","R","M","?"],"character_chosen":"DEFECT","items_purchased":["White Noise","MerchantsRug","Defragment","Redo","Chaos","White Noise"],"campfire_rested":3,"item_purchase_floors":[4,4,4,13,19,19],"current_hp_per_floor":[75,75,75,75,45,45,45,40,40,38,38,38,38,31,52,37,65,56,49,49,41,37,57,55,24,24,10,15,35,35,0,0],"gold":149,"neow_bonus":"THREE_ENEMY_KILL","is_daily":false,"chose_seed":false,"campfire_upgraded":1,"win_rate":0.0,"timestamp":1610613671,"path_taken":["M","?","?","?","?","E","R","M","T","M","E","?","$","M","R","BOSS","M","$","?","?","M","R","E","M","T","M","E","R","M","?"],"items_purchased_type":["Card","Relic","Card","Card","Card","Card"],"build_version":"2020-12-22","purchased_purges":2,"victory":false,"max_hp_per_floor":[75,75,75,75,75,75,75,75,75,70,70,70,70,70,70,65,65,60,67,67,67,67,67,62,62,62,62,67,67,67,67,67],"card_choices":[{"not_picked":[],"picked":"DoctorFetus","floor":0},{"not_picked":["Ball Lightning","conspire:Rain"],"picked":"BasicCrystalCard","floor":1},{"not_picked":["Steam","Turbo"],"picked":"ReplayTheSpireMod:Fabricate Wheel","floor":3},{"not_picked":["Stack","Hologram"],"picked":"Conserve Battery","floor":5},{"not_picked":["Seek","Genetic Algorithm"],"picked":"Chaos","floor":6},{"not_picked":["Leap","Cold Snap"],"picked":"Panic Button","floor":8},{"not_picked":["ReplaySolidLightProjector","Turbo","Pulse"],"picked":"SKIP","floor":8},{"not_picked":["Rebound","Go for the Eyes","Hologram"],"picked":"SKIP","floor":10},{"not_picked":["Cold Snap","ReplayTheSpireMod:Reroute Power","Ball Lightning"],"picked":"SKIP","floor":10},{"not_picked":["Rebound","ReplayTheSpireMod:System Scan"],"picked":"ReplayTheSpireMod:Dual Polarity","floor":11},{"not_picked":["Cold Snap","Barrage"],"picked":"Crystallizer","floor":14},{"not_picked":["Bomb","Gash"],"picked":"Loop","floor":14},{"not_picked":["Meteor Strike","Multi-Cast"],"picked":"Electrodynamics","floor":16},{"not_picked":["Chaos","Static Discharge"],"picked":"Turbo+1","floor":18},{"not_picked":["Heatsinks","Fusion","Gash"],"picked":"SKIP","floor":18},{"not_picked":["FastForward+1","TheCursedMod:BloodBarrier","UltimateOffering+1"],"picked":"SKIP","floor":22},{"not_picked":["hexamod:FastForward","Halt","champ:BerserkerStyle"],"picked":"SKIP","floor":22},{"not_picked":["Guardian:Reroute","Establishment","Guardian:VentSteam"],"picked":"SKIP","floor":24},{"not_picked":["HollowMod:DoubleDash+1","champ:DefensiveStyle","NightDance+1"],"picked":"SKIP","floor":25},{"not_picked":["HollowMod:NewJinnsSoul+1","sneckomod:WideSting","ShatteredReality"],"picked":"SKIP","floor":25},{"not_picked":["BlasphemousPunishment","HollowMod:SiblingsSouls+1","Guardian:GuardianWhirl"],"picked":"SKIP","floor":27},{"not_picked":["EmergencyRegeneration+1","True Grit","sneckomod:UnknownWeak"],"picked":"SKIP","floor":27},{"not_picked":["Guardian:BronzeArmor","HollowMod:WraithStrike"],"picked":"construct:FlameCore","floor":28},{"not_picked":["TheCursedMod:Wield","EmptyFist"],"picked":"construct:Enhance","floor":29},{"not_picked":["Contraction","Gensokyo:BrilliantDragonBullet","ReplayTheSpireMod:Strike From Hell+1"],"picked":"SKIP","floor":30},{"not_picked":["Slimebound:FinishingTackle+1","Replay:BluntJabs+1","HollowMod:ChannelNail"],"picked":"SKIP","floor":30}],"player_experience":42667,"relics_obtained":[{"floor":3,"key":"Orichalcum"},{"floor":6,"key":"Ccalipers"},{"floor":9,"key":"BookOfRevelations"},{"floor":11,"key":"Boot"},{"floor":21,"key":"PrismaticShard"},{"floor":24,"key":"Dream Catcher"},{"floor":26,"key":"aspiration:HummingbirdHeart"},{"floor":28,"key":"Whetstone"}],"event_choices":[{"damage_healed":0,"gold_gain":175,"player_choice":"AGREE","damage_taken":0,"max_hp_gain":0,"max_hp_loss":0,"event_name":"Liars Game","floor":2,"gold_loss":0,"cards_obtained":["Doubt"]},{"damage_healed":0,"gold_gain":0,"player_choice":"Searched \u00272\u0027 times","damage_taken":0,"relics_obtained":["BloodDonationMachine"],"max_hp_gain":0,"max_hp_loss":0,"event_name":"Dead Adventurer","floor":12,"gold_loss":0},{"damage_healed":0,"gold_gain":0,"player_choice":"Read","damage_taken":0,"max_hp_gain":0,"max_hp_loss":0,"event_name":"The Library","floor":20,"gold_loss":0,"cards_obtained":["Time Bomb"]},{"damage_healed":0,"gold_gain":0,"player_choice":"Fight","damage_taken":0,"max_hp_gain":0,"max_hp_loss":0,"event_name":"Colosseum","floor":31,"gold_loss":0},{"damage_healed":0,"gold_gain":0,"player_choice":"Fought Nobs","damage_taken":0,"max_hp_gain":0,"max_hp_loss":0,"event_name":"Colosseum","floor":31,"gold_loss":0}],"is_beta":false,"boss_relics":[{"not_picked":["SacredBark","Astrolabe"],"picked":"aspiration:RunicSpoon"},{"not_picked":[]}],"items_purged_floors":[4,13],"is_endless":false,"potions_floor_spawned":[1,8,10,12,14,16,18,22,27,28,31],"killed_by":"Colosseum Nobs","ascension_level":0}}