{"host":"xh3brefae6wm9kl8","time":1610597610,"event":{"mods":["AchievementEnabler","BaseMod","GifTheSpireLib","Keyboard Shortcuts","Minty Spire (QoL Compilation)","Permanent Neow","Relic Stats","StSLib","SuperFastMode"],"gold_per_floor":[115,115,129,89,108,140,18,18,18,48,66,95,95,137,137,236,236,259,41,62,91,113,140,160,160,186,186,186,214,243,44,44,141,141,168,177,0,29,29,60,69,95,95,124,151,115,168,205,205,205],"floor_reached":51,"language":"KOR","playtime":2657,"items_purged":["Strike_G","Strike_G"],"score":1331,"play_id":"44ee5589-acc4-420b-986a-9d182bc8c464","local_time":"20210114131330","is_ascension_mode":true,"campfire_choices":[{"data":"Footwork","floor":8,"key":"SMITH"},{"floor":13,"key":"REST"},{"data":"Footwork","floor":15,"key":"SMITH"},{"floor":25,"key":"REST"},{"data":"Cloak And Dagger","floor":28,"key":"SMITH"},{"data":"After Image","floor":32,"key":"SMITH"},{"data":"Accuracy","floor":49,"key":"SMITH"}],"circlet_count":0,"master_deck":["AscendersBane","Strike_G","Strike_G","Defend_G","Defend_G","Defend_G","Defend_G","Survivor","Neutralize","Bouncing Flask","Footwork+1","Escape Plan","Dagger Spray","Deflect","After Image+1","Dagger Throw","Cloak And Dagger+1","Dagger Throw","Footwork+1","Storm of Steel","Accuracy","Reflex","Accuracy+1","After Image","Terror+1","Backflip","Blade Dance+1","Prepared+1","Blur","Deep Breath","Outmaneuver+1","Blade Dance+1","Calculated Gamble+1","Cloak And Dagger+1","Backflip","Blade Dance+1"],"relics":["Ring of the Snake","HornCleat","MealTicket","Bottled Flame","Mercury Hourglass","CeramicFish","WristBlade","Question Card","Juzu Bracelet","Busted Crown","Red Mask","FossilizedHelix","Shovel","Meat on the Bone","Frozen Egg 2","TungstenRod","Anchor"],"acts_visited":["Exordium","TheCity","TheBeyond"],"potions_floor_usage":[6,10,23,33,33,50,50,50],"damage_taken":[{"damage":0,"enemies":"2 Louse","floor":1,"turns":3},{"damage":0,"enemies":"Jaw Worm","floor":3,"turns":5},{"damage":0,"enemies":"Cultist","floor":5,"turns":3},{"damage":38,"enemies":"3 Sentries","floor":6,"turns":9},{"damage":15,"enemies":"Gremlin Nob","floor":10,"turns":5},{"damage":0,"enemies":"3 Louse","floor":11,"turns":4},{"damage":9,"enemies":"3 Sentries","floor":12,"turns":10},{"damage":0,"enemies":"Lagavulin","floor":14,"turns":9},{"damage":3,"enemies":"Slime Boss","floor":16,"turns":12},{"damage":11,"enemies":"Chosen","floor":18,"turns":7},{"damage":0,"enemies":"3 Byrds","floor":20,"turns":6},{"damage":14,"enemies":"Snecko","floor":21,"turns":5},{"damage":6,"enemies":"Centurion and Healer","floor":22,"turns":8},{"damage":22,"enemies":"Slavers","floor":23,"turns":7},{"damage":11,"enemies":"Snake Plant","floor":24,"turns":5},{"damage":14,"enemies":"Shelled Parasite and Fungi","floor":29,"turns":4},{"damage":2,"enemies":"Cultist and Chosen","floor":30,"turns":4},{"damage":30,"enemies":"Collector","floor":33,"turns":8},{"damage":19,"enemies":"3 Darklings","floor":35,"turns":8},{"damage":0,"enemies":"Orb Walker","floor":38,"turns":3},{"damage":0,"enemies":"Giant Head","floor":40,"turns":6},{"damage":0,"enemies":"Nemesis","floor":42,"turns":5},{"damage":7,"enemies":"4 Shapes","floor":44,"turns":7},{"damage":0,"enemies":"Jaw Worm Horde","floor":45,"turns":5},{"damage":0,"enemies":"2 Orb Walkers","floor":47,"turns":5},{"damage":3,"enemies":"Giant Head","floor":48,"turns":6},{"damage":17,"enemies":"Time Eater","floor":50,"turns":9}],"seed_played":"4742058871629617843","potions_obtained":[{"floor":1,"key":"SneckoOil"},{"floor":3,"key":"Energy Potion"},{"floor":4,"key":"Regen Potion"},{"floor":4,"key":"LiquidMemories"},{"floor":10,"key":"LiquidBronze"},{"floor":14,"key":"Regen Potion"},{"floor":18,"key":"Poison Potion"},{"floor":29,"key":"DuplicationPotion"},{"floor":40,"key":"Ancient Potion"},{"floor":42,"key":"Strength Potion"},{"floor":44,"key":"EntropicBrew"}],"is_trial":false,"path_per_floor":["M","?","M","?","M","E","$","R","T","E","M","E","R","E","R","B",null,"M","$","M","M","M","E","M","R","T","?","R","M","M","$","R","B",null,"M","?","?","M","?","E","?","E","T","M","M","$","?","E","R","B",null],"character_chosen":"THE_SILENT","items_purchased":["After Image","Dagger Throw","Accuracy","Reflex","CultistPotion","Backflip"],"campfire_rested":2,"item_purchase_floors":[7,7,19,19,31,46],"current_hp_per_floor":[63,63,63,63,63,38,38,38,38,23,23,14,35,35,35,32,61,50,65,65,51,45,23,12,33,33,33,33,19,17,32,32,2,53,34,34,34,34,34,34,34,34,34,39,39,54,54,51,51,46],"gold":205,"neow_bonus":"TRANSFORM_CARD","is_daily":false,"chose_seed":false,"campfire_upgraded":5,"win_rate":0.0,"timestamp":1610597610,"path_taken":["M","?","M","?","?","E","$","R","T","E","M","E","R","E","R","BOSS","M","$","M","M","M","E","M","R","T","?","R","M","M","$","R","BOSS","M","?","?","M","?","E","?","E","T","M","M","?","?","E","R","BOSS"],"items_purchased_type":["Card","Card","Card","Card","Potion","Card"],"build_version":"2020-12-22","purchased_purges":2,"victory":true,"max_hp_per_floor":[70,70,70,70,70,70,70,70,70,70,70,70,70,70,70,70,70,70,70,70,70,70,70,70,70,70,70,70,70,70,70,70,70,70,70,70,70,70,70,70,70,70,70,70,70,70,70,70,70,70],"relic_stats":{"Busted Crown":18,"Shovel":0,"counters":[27,165],"CeramicFish":162,"MealTicket":45,"Juzu Bracelet":1,"Question Card":13,"obtain_stats":[{"CeramicFish":14,"Juzu Bracelet":26,"Frozen Egg 2":43,"Question Card":23,"Mercury Hourglass":12,"Bottled Flame":10,"Anchor":48,"HornCleat":6,"Busted Crown":34,"Shovel":40,"WristBlade":17,"MealTicket":9,"Red Mask":37,"FossilizedHelix":39,"TungstenRod":47,"Ring of the Snake":0,"Meat on the Bone":42},{"CeramicFish":8,"Juzu Bracelet":15,"Frozen Egg 2":22,"Question Card":14,"Mercury Hourglass":7,"Bottled Flame":5,"Anchor":26,"HornCleat":4,"Busted Crown":18,"Shovel":21,"WristBlade":9,"MealTicket":4,"Red Mask":19,"FossilizedHelix":20,"TungstenRod":25,"Ring of the Snake":0,"Meat on the Bone":22},{"CeramicFish":48,"Juzu Bracelet":96,"Frozen Egg 2":133,"Question Card":92,"Mercury Hourglass":39,"Bottled Flame":25,"Anchor":156,"HornCleat":20,"Busted Crown":112,"Shovel":128,"WristBlade":60,"MealTicket":20,"Red Mask":120,"FossilizedHelix":122,"TungstenRod":150,"Ring of the Snake":0,"Meat on the Bone":133}],"TungstenRod":2,"Ring of the Snake":[54],"Mercury Hourglass":[518],"Meat on the Bone":24},"card_choices":[{"not_picked":["Flechettes","All Out Attack"],"picked":"Footwork","floor":1},{"not_picked":["Underhanded Strike","Deflect"],"picked":"Escape Plan","floor":3},{"not_picked":["Dagger Throw","Wraith Form v2"],"picked":"Dagger Spray","floor":5},{"not_picked":["Concentrate","Choke"],"picked":"Deflect","floor":6},{"not_picked":["Escape Plan","Flying Knee"],"picked":"Cloak And Dagger","floor":10},{"not_picked":["Endless Agony","Caltrops"],"picked":"Dagger Throw","floor":11},{"not_picked":["Reflex","Bouncing Flask"],"picked":"Footwork","floor":12},{"not_picked":["Malaise","Acrobatics"],"picked":"Storm of Steel","floor":14},{"not_picked":["Noxious Fumes","Poisoned Stab"],"picked":"PiercingWail","floor":18},{"not_picked":["Infinite Blades","Bane"],"picked":"Accuracy","floor":20},{"not_picked":["Dodge and Roll","Outmaneuver"],"picked":"After Image","floor":21},{"not_picked":["Blur+1","Dagger Throw"],"picked":"Terror+1","floor":22},{"not_picked":["A Thousand Cuts","PiercingWail","Quick Slash+1"],"picked":"SKIP","floor":23},{"not_picked":["Quick Slash","Prepared+1","Sucker Punch"],"picked":"Backflip","floor":24},{"not_picked":["Outmaneuver","Flying Knee","Poisoned Stab"],"picked":"Blade Dance+1","floor":29},{"not_picked":["Acrobatics+1","Slice+1","Footwork"],"picked":"Prepared+1","floor":30},{"not_picked":["Caltrops+1"],"picked":"Blur","floor":35},{"not_picked":["Jack Of All Trades"],"picked":"Deep Breath","floor":36},{"not_picked":["Masterful Stab"],"picked":"Outmaneuver+1","floor":38},{"not_picked":["Prepared","Dash"],"picked":"SKIP","floor":40},{"not_picked":["Dodge and Roll","Dagger Throw+1"],"picked":"SKIP","floor":42},{"not_picked":["Tactician+1"],"picked":"Calculated Gamble+1","floor":44},{"not_picked":["Sucker Punch+1"],"picked":"Cloak And Dagger+1","floor":45},{"not_picked":["Deadly Poison"],"picked":"Blade Dance+1","floor":48}],"player_experience":382679,"relics_obtained":[{"floor":6,"key":"HornCleat"},{"floor":9,"key":"MealTicket"},{"floor":10,"key":"Bottled Flame"},{"floor":12,"key":"Mercury Hourglass"},{"floor":14,"key":"CeramicFish"},{"floor":23,"key":"Question Card"},{"floor":26,"key":"Juzu Bracelet"},{"floor":40,"key":"Shovel"},{"floor":42,"key":"Meat on the Bone"},{"floor":43,"key":"Frozen Egg 2"},{"floor":47,"key":"TungstenRod"},{"floor":48,"key":"Anchor"}],"event_choices":[{"cards_removed":["Defend_G"],"damage_healed":0,"gold_gain":0,"player_choice":"Forget","damage_taken":0,"max_hp_gain":0,"max_hp_loss":0,"event_name":"Living Wall","floor":2,"gold_loss":0},{"damage_healed":0,"gold_gain":0,"player_choice":"Bought 3 Potions","damage_taken":0,"max_hp_gain":0,"max_hp_loss":0,"event_name":"The Woman in Blue","floor":4,"gold_loss":0},{"damage_healed":0,"gold_gain":0,"player_choice":"Ignored","damage_taken":0,"max_hp_gain":0,"max_hp_loss":0,"event_name":"Ghosts","floor":27,"gold_loss":0},{"damage_healed":0,"gold_gain":0,"player_choice":"Memory 1","damage_taken":0,"max_hp_gain":0,"max_hp_loss":0,"event_name":"SensoryStone","floor":36,"gold_loss":0},{"damage_healed":0,"gold_gain":0,"player_choice":"Paid","damage_taken":0,"relics_obtained":["Red Mask"],"max_hp_gain":0,"max_hp_loss":0,"event_name":"Tomb of Lord Red Mask","floor":37,"gold_loss":177},{"cards_removed":["PiercingWail"],"damage_healed":0,"gold_gain":0,"player_choice":"Gave Card","damage_taken":0,"relics_obtained":["FossilizedHelix"],"max_hp_gain":0,"max_hp_loss":0,"event_name":"WeMeetAgain","floor":39,"gold_loss":0},{"damage_healed":0,"gold_gain":0,"player_choice":"Copied","damage_taken":0,"max_hp_gain":0,"max_hp_loss":0,"event_name":"Duplicator","floor":41,"gold_loss":0,"cards_obtained":["Blade Dance"]},{"damage_healed":0,"gold_gain":0,"player_choice":"Fight","damage_taken":0,"max_hp_gain":0,"max_hp_loss":0,"event_name":"Mysterious Sphere","floor":47,"gold_loss":0}],"is_beta":false,"boss_relics":[{"not_picked":["Runic Pyramid","Tiny House"],"picked":"WristBlade"},{"not_picked":["Empty Cage","Velvet Choker"],"picked":"Busted Crown"}],"items_purged_floors":[19,31],"is_endless":false,"potions_floor_spawned":[1,3,10,14,18,20,29,30,40,42,44],"ascension_level":11}}