{"host":"d85gwtocd8go8gx0","time":1610614085,"event":{"mods":["BaseMod","Highlight Path","Minty Spire (QoL Compilation)","Permanent Neow","Quick Restart"],"gold_per_floor":[17,33,33,48,59,86,116,5,5,43,64,99,122,158,158,241,241,276,201,210,227,236,236,280,280,336,358,382,382,47,79,79,155,155,181,215,246,246,246],"floor_reached":38,"language":"ENG","playtime":1811,"items_purged":["Regret"],"score":1040,"play_id":"c8ae48d0-1b3d-4267-811f-44b29745ed47","local_time":"20210114004805","is_ascension_mode":true,"campfire_choices":[{"floor":15.0,"key":"REST"},{"floor":23.0,"key":"REST"},{"floor":25.0,"key":"REST"},{"floor":29.0,"key":"REST"},{"floor":32.0,"key":"REST"}],"circlet_count":0,"master_deck":["AscendersBane","Strike_R","Strike_R","Strike_R","Strike_R","Defend_R","Defend_R","Defend_R","Defend_R","Bash","Offering","Sword Boomerang","Heavy Blade","Second Wind","Sword Boomerang","Pummel","Flex","Twin Strike","Flex","Inflame","Heavy Blade","Inflame","Battle Trance","Warcry","Limit Break","Flex","Heavy Blade","Flex","Decay","Offering","Flex","Battle Trance","Mind Blast","Heavy Blade","Sword Boomerang","Demon Form","Pommel Strike+1","Sword Boomerang+1","Twin Strike+1","Twin Strike","Immolate"],"relics":["Burning Blood","Orichalcum","Shuriken","Ornamental Fan","CeramicFish","Prayer Wheel","Cursed Key","Kunai","Anchor","Membership Card","Ancient Tea Set","Snecko Eye"],"acts_visited":["Exordium","TheCity","TheBeyond"],"potions_floor_usage":[],"damage_taken":[{"damage":3.0,"enemies":"Small Slimes","floor":1.0,"turns":4.0},{"damage":6.0,"enemies":"Cultist","floor":2.0,"turns":2.0},{"damage":8.0,"enemies":"Jaw Worm","floor":4.0,"turns":3.0},{"damage":8.0,"enemies":"Exordium Wildlife","floor":5.0,"turns":2.0},{"damage":31.0,"enemies":"Lagavulin","floor":6.0,"turns":4.0},{"damage":22.0,"enemies":"Gremlin Nob","floor":10.0,"turns":4.0},{"damage":12.0,"enemies":"Large Slime","floor":11.0,"turns":3.0},{"damage":13.0,"enemies":"3 Sentries","floor":12.0,"turns":5.0},{"damage":16.0,"enemies":"3 Louse","floor":13.0,"turns":2.0},{"damage":10.0,"enemies":"Blue Slaver","floor":14.0,"turns":3.0},{"damage":6.0,"enemies":"Slime Boss","floor":16.0,"turns":5.0},{"damage":24.0,"enemies":"2 Thieves","floor":18.0,"turns":3.0},{"damage":22.0,"enemies":"3 Byrds","floor":21.0,"turns":4.0},{"damage":52.0,"enemies":"Slavers","floor":24.0,"turns":5.0},{"damage":17.0,"enemies":"Centurion and Healer","floor":27.0,"turns":4.0},{"damage":6.0,"enemies":"Snecko","floor":28.0,"turns":2.0},{"damage":21.0,"enemies":"Sentry and Sphere","floor":31.0,"turns":4.0},{"damage":38.0,"enemies":"Collector","floor":33.0,"turns":6.0},{"damage":10.0,"enemies":"Orb Walker","floor":35.0,"turns":2.0},{"damage":22.0,"enemies":"3 Darklings","floor":36.0,"turns":6.0},{"damage":34.0,"enemies":"4 Shapes","floor":37.0,"turns":6.0},{"damage":24,"enemies":"Writhing Mass","floor":38,"turns":1}],"seed_played":"6086814841419108211","potions_obtained":[{"floor":5.0,"key":"Strength Potion"},{"floor":6.0,"key":"FairyPotion"},{"floor":10.0,"key":"Energy Potion"},{"floor":13.0,"key":"Strength Potion"},{"floor":21.0,"key":"SpeedPotion"},{"floor":27.0,"key":"DistilledChaos"},{"floor":31.0,"key":"SpeedPotion"},{"floor":33.0,"key":"CultistPotion"},{"floor":37,"key":"Regen Potion"}],"is_trial":false,"path_per_floor":["M","M","?","M","M","E","?","$","T","E","M","E","M","M","R","B",null,"M","?","?","M","?","R","E","R","T","M","M","R","$","M","R","B",null,"M","M","M","M"],"character_chosen":"IRONCLAD","items_purchased":["Flex","Twin Strike","Membership Card","Mind Blast","Heavy Blade","Ancient Tea Set"],"campfire_rested":5,"item_purchase_floors":[8,8,30,30,30,30],"current_hp_per_floor":[71,71,60,58,56,31,31,31,31,15,9,28,18,14,36,36,65,47,47,47,31,31,53,7,29,29,18,18,40,40,25,47,15,60,56,40,12,0,0],"gold":246,"neow_bonus":"THREE_RARE_CARDS","is_daily":false,"chose_seed":false,"campfire_upgraded":0,"win_rate":0.0,"timestamp":1610614085,"path_taken":["M","M","?","?","M","E","?","$","T","E","M","E","M","M","R","BOSS","M","?","?","M","?","R","E","R","T","?","M","R","$","M","R","BOSS","M","M","?","?"],"items_purchased_type":["Card","Card","Relic","Card","Card","Relic"],"build_version":"2020-12-22","purchased_purges":1,"victory":false,"max_hp_per_floor":[75,75,75,75,75,75,75,75,75,75,75,75,75,75,75,75,75,75,75,75,75,75,75,75,75,75,75,75,75,75,75,75,75,75,75,75,75,75,75],"card_choices":[{"not_picked":["Impervious","Feed"],"picked":"Offering","floor":0.0},{"not_picked":["Armaments","Power Through"],"picked":"Sword Boomerang","floor":1.0},{"not_picked":["Blood for Blood","Bloodletting"],"picked":"Heavy Blade","floor":2.0},{"not_picked":["Clash","Intimidate"],"picked":"Second Wind","floor":4.0},{"not_picked":["Combust","Evolve"],"picked":"Sword Boomerang","floor":5.0},{"not_picked":["Feel No Pain","Dark Embrace"],"picked":"Pummel","floor":6.0},{"not_picked":["Heavy Blade","Rage"],"picked":"Flex","floor":10.0},{"not_picked":["Dropkick","Pommel Strike"],"picked":"Inflame","floor":11.0},{"not_picked":["Shrug It Off","Havoc"],"picked":"Heavy Blade","floor":12.0},{"not_picked":["Flex","Iron Wave"],"picked":"Inflame","floor":13.0},{"not_picked":["Perfected Strike","Rupture","Infernal Blade"],"picked":"SKIP","floor":13.0},{"not_picked":["Rupture","Shockwave"],"picked":"Battle Trance","floor":14.0},{"not_picked":["Carnage","Reckless Charge"],"picked":"Warcry","floor":14.0},{"not_picked":["Brutality","Berserk"],"picked":"Limit Break","floor":16.0},{"not_picked":["Iron Wave","Rage"],"picked":"Flex","floor":18.0},{"not_picked":["Armaments+1","Whirlwind"],"picked":"Heavy Blade","floor":18.0},{"not_picked":["Clash","Clothesline+1","Body Slam"],"picked":"SKIP","floor":21.0},{"not_picked":["Pommel Strike","Headbutt+1","Disarm"],"picked":"SKIP","floor":21.0},{"not_picked":["Carnage","Disarm"],"picked":"Offering","floor":24.0},{"not_picked":["Uppercut","Shockwave"],"picked":"Flex","floor":27.0},{"not_picked":["Headbutt","Entrench","Ghostly Armor"],"picked":"SKIP","floor":27.0},{"not_picked":["Feel No Pain","Shockwave"],"picked":"Battle Trance","floor":28.0},{"not_picked":["True Grit","Iron Wave","Thunderclap"],"picked":"SKIP","floor":28.0},{"not_picked":["Anger","Disarm+1"],"picked":"Sword Boomerang","floor":31.0},{"not_picked":["Wild Strike","Havoc"],"picked":"Demon Form","floor":31.0},{"not_picked":["Power Through+1","Cleave"],"picked":"Pommel Strike+1","floor":35.0},{"not_picked":["Intimidate+1","Perfected Strike","Clothesline"],"picked":"SKIP","floor":35.0},{"not_picked":["Havoc","Heavy Blade"],"picked":"Sword Boomerang+1","floor":36.0},{"not_picked":["Dual Wield","Clothesline"],"picked":"Twin Strike+1","floor":36.0},{"not_picked":["Sever Soul","Perfected Strike"],"picked":"Twin Strike","floor":37},{"not_picked":["Rupture","Shrug It Off"],"picked":"Immolate","floor":37}],"player_experience":7631,"relics_obtained":[{"floor":6.0,"key":"Orichalcum"},{"floor":9.0,"key":"Ornamental Fan"},{"floor":10.0,"key":"CeramicFish"},{"floor":12.0,"key":"Prayer Wheel"},{"floor":24.0,"key":"Kunai"},{"floor":26.0,"key":"Anchor"}],"event_choices":[{"damage_healed":0.0,"max_hp_gain":0.0,"max_hp_loss":0.0,"gold_gain":0.0,"event_name":"Wheel of Change","player_choice":"Damaged","floor":3.0,"gold_loss":0.0,"damage_taken":11.0},{"damage_healed":0.0,"max_hp_gain":0.0,"max_hp_loss":0.0,"gold_gain":30.0,"event_name":"Dead Adventurer","player_choice":"Searched \u00272\u0027 times","floor":7.0,"gold_loss":0.0,"damage_taken":0.0,"relics_obtained":["Shuriken"]},{"cards_removed":["Strike_R"],"damage_healed":0.0,"max_hp_gain":0.0,"max_hp_loss":0.0,"gold_gain":0.0,"event_name":"Beggar","player_choice":"Gave Gold","floor":19.0,"gold_loss":75.0,"damage_taken":0.0},{"damage_healed":0.0,"max_hp_gain":0.0,"max_hp_loss":0.0,"gold_gain":0.0,"event_name":"The Library","player_choice":"Read","floor":20.0,"gold_loss":0.0,"damage_taken":0.0,"cards_obtained":["Flex"]},{"damage_healed":0.0,"max_hp_gain":0.0,"max_hp_loss":0.0,"gold_gain":0.0,"event_name":"Forgotten Altar","player_choice":"Smashed Altar","floor":22.0,"gold_loss":0.0,"damage_taken":0.0,"cards_obtained":["Decay"]}],"is_beta":false,"boss_relics":[{"not_picked":["Black Star","Velvet Choker"],"picked":"Cursed Key"},{"not_picked":["SacredBark","Philosopher\u0027s Stone"],"picked":"Snecko Eye"}],"items_purged_floors":[30],"is_endless":false,"potions_floor_spawned":[5,6,10,11,13,16,21,27,31,33,37],"killed_by":"Writhing Mass","ascension_level":20}}