{"host":"y6zg4wwu39otf01a","time":1610585447,"event":{"mods":["Act Like it!","Aspiration","BaseMod","Better Altar","Better Match","Better Note","Better Sensory Stone","Better Skull","Better Third Choice","Challenge The Spire","Colored Map","Colored Powertips","Conspire","GifTheSpireLib","Glutton Mod","Halation","Hermit","Highlight Path","Hubris","Infinite Spire","Mimic Mod","Minty Spire (QoL Compilation)","Quick Restart","Random Character Button","Rare Cards Sparkle","Replay The Spire","Retaliation","Shade Mod","Spicy Shops","StSLib","Stuff the Spire","The Blue Laboratory","The Jungle","TheArtist","thorton","vexMod"],"gold_per_floor":[118,132,132,150,75,102,35,47,79,79,79,79,79,79],"floor_reached":13,"playtime":746,"items_purged":[],"score":83,"play_id":"19fdeada-5299-4f26-9803-53640a792f10","local_time":"20210113195047","is_ascension_mode":false,"campfire_choices":[{"data":"Eruption","floor":10,"key":"SMITH"}],"circlet_count":0,"master_deck":["Strike_P","Strike_P","Strike_P","Strike_P","Defend_P","Defend_P","Defend_P","Defend_P","Eruption+1","Vigilance","Crow Ritual","BowlingBash","FlurryOfBlows","Replay:ManipulateFuture","MentalFortress","Panache","Devotion","Weave","JustLucky","StuffTheSpire:Innocence","hubris:NaturalOne"],"relics":["PureWater","infinitespire:ShieldingShard","hubris:Icosahedron"],"acts_visited":["Exordium"],"potions_floor_usage":[6,6,6],"damage_taken":[{"damage":12.0,"enemies":"2 Louse","floor":1.0,"turns":3.0},{"damage":0.0,"enemies":"Cultist","floor":2.0,"turns":2.0},{"damage":0,"enemies":"Small Slimes","floor":4,"turns":4},{"damage":8,"enemies":"Lagavulin","floor":6,"turns":6},{"damage":3,"enemies":"Exordium Thugs","floor":8,"turns":4},{"damage":0,"enemies":"3 Louse","floor":9,"turns":4},{"damage":0,"enemies":"Gremlin Nob","floor":13,"turns":2}],"seed_played":"7665611111227933405","potions_obtained":[{"floor":1.0,"key":"blueLaboratory:MidnightOil"},{"floor":2.0,"key":"blueLaboratory:BottledTrinity"},{"floor":3.0,"key":"LiquidBronze"}],"is_trial":false,"path_per_floor":["M","M","?","M","?","E","$","M","MIM","R","?","?","E"],"character_chosen":"WATCHER","items_purchased":["JustLucky"],"campfire_rested":0,"item_purchase_floors":[7],"current_hp_per_floor":[53,53,53,53,53,45,45,42,42,42,42,35,35,35],"gold":79,"neow_bonus":"RANDOM_COLORLESS_2","is_daily":false,"chose_seed":false,"campfire_upgraded":1,"win_rate":0.0,"timestamp":1610585447,"path_taken":["M","M","?","?","?","E","$","M","MIM","R","?","?","E"],"items_purchased_type":["Card"],"build_version":"2020-12-22","purchased_purges":0,"victory":false,"max_hp_per_floor":[65,65,65,65,65,65,65,65,65,65,65,65,65,65],"card_choices":[{"not_picked":["Poisoned Strike","Midas Touch"],"picked":"Crow Ritual","floor":0.0},{"not_picked":["FollowUp","LikeWater"],"picked":"BowlingBash","floor":1.0},{"not_picked":["ClearTheMind","Consecrate"],"picked":"FlurryOfBlows","floor":2.0},{"not_picked":["Wallop","Wireheading"],"picked":"Replay:ManipulateFuture","floor":4},{"not_picked":["Nirvana","SandsOfTime"],"picked":"MentalFortress","floor":5},{"not_picked":["Magnetism","Secret Weapon"],"picked":"Panache","floor":5},{"not_picked":["Alpha","LessonLearned"],"picked":"Devotion","floor":5},{"not_picked":["LikeWater","Adaptation"],"picked":"Weave","floor":6},{"not_picked":["EmptyFist","Replay:ManipulateFuture","LessonLearned"],"picked":"SKIP","floor":8}],"player_experience":707959,"relics_obtained":[{"floor":6,"key":"infinitespire:ShieldingShard"}],"event_choices":[{"damage_healed":0.0,"max_hp_gain":0.0,"max_hp_loss":0.0,"gold_gain":0.0,"event_name":"Lab","player_choice":"Got Potions","floor":3.0,"gold_loss":0.0,"damage_taken":0.0},{"damage_healed":0,"gold_gain":0,"player_choice":"1","damage_taken":0,"max_hp_gain":0,"max_hp_loss":0,"event_name":"betterMatch:BetterMatch","floor":5,"gold_loss":0,"cards_obtained":["betterMatch:UncommonCard","betterMatch:ColorlessRareCard","betterMatch:RareCard"]}],"is_beta":false,"boss_relics":[],"items_purged_floors":[],"is_endless":false,"potions_floor_spawned":[1,2,4],"killed_by":"Gremlin Nob","ascension_level":0}}