{"host":"8d3fefv2347kqkpz","time":1610649717,"event":{"mods":["100% Spire Juice","BaseMod","Better Vampires","Colored Map","Downfall","Minty Spire (QoL Compilation)","Quick Restart","Replay The Spire","StSLib","The Gatherer","Waifu the Spire"],"gold_per_floor":[112,219,238,43,56,56,56,56,56,66,66,66,83,93,93,189,189,204,219,233,12,27,27,41,41,41,56,155,155,155,155,155,155,155,252,302,312,325,3,15,28,28,28,28],"floor_reached":43,"language":"ZHS","playtime":2632,"items_purged":["Strike_G","Flying Knee"],"score":674,"play_id":"4fc7e607-77c0-402b-98a1-66561f67e080","local_time":"20210115024157","is_ascension_mode":false,"campfire_choices":[{"floor":6.0,"key":"REST"},{"data":"Crippling Poison","floor":8.0,"key":"SMITH"},{"data":"Noxious Fumes","floor":12,"key":"SMITH"},{"data":"Pain","floor":15,"key":"PURGE"},{"floor":23,"key":"REST"},{"floor":29,"key":"REST"},{"floor":34,"key":"REST"}],"circlet_count":0,"master_deck":["Defend_G","Defend_G","Defend_G","Defend_G","Defend_G","Survivor","Neutralize","Deadly Poison","Noxious Fumes+1","Poisoned Stab","Crippling Poison+1","Adrenaline+1","Dodge and Roll+1","Toxin Wave","Footwork","Blur","Catalyst","Envenom","Slimebound:Tackle+1","Slimebound:Tackle+1","Slimebound:Tackle+1","Envenom","Outmaneuver+1","Bane","Noxious Fumes","Backstab"],"relics":["Snake Skull","WarpedTongs","Gremlin Horn","SacredBark","Pet Ghost","Nloth\u0027s Gift","Tiny House","TwistedFunnel"],"acts_visited":["Exordium","TheCity","TheBeyond"],"potions_floor_usage":[16,19,22,25,35,35,37,37,43],"damage_taken":[{"damage":2.0,"enemies":"2 Louse","floor":1.0,"turns":3.0},{"damage":0.0,"enemies":"Small Slimes","floor":3.0,"turns":3.0},{"damage":8.0,"enemies":"Jaw Worm","floor":5.0,"turns":4.0},{"damage":4.0,"enemies":"Large Slime","floor":10.0,"turns":6.0},{"damage":2,"enemies":"Red Slaver","floor":13,"turns":4},{"damage":12,"enemies":"Exordium Thugs","floor":14,"turns":4},{"damage":16,"enemies":"Slime Boss","floor":16,"turns":9},{"damage":7,"enemies":"Spheric Guardian","floor":18,"turns":4},{"damage":9,"enemies":"2 Thieves","floor":19,"turns":4},{"damage":20,"enemies":"Centurion and Healer","floor":20,"turns":7},{"damage":16,"enemies":"Shelled Parasite and Fungi","floor":22,"turns":7},{"damage":8,"enemies":"Snake Plant","floor":24,"turns":5},{"damage":0,"enemies":"Snecko","floor":25,"turns":1},{"damage":18,"enemies":"3 Cultists","floor":27,"turns":4},{"damage":32,"enemies":"Pondfish","floor":35,"turns":11},{"damage":0,"enemies":"Orb Walker","floor":37,"turns":5},{"damage":29,"enemies":"3 Darklings","floor":38,"turns":6},{"damage":22,"enemies":"Jaw Worm Horde","floor":40,"turns":3},{"damage":13,"enemies":"Writhing Mass","floor":41,"turns":5},{"damage":22,"enemies":"Sphere and 2 Shapes","floor":43,"turns":5}],"seed_played":"-719173793211409459","potions_obtained":[{"floor":3.0,"key":"SpeedPotion"},{"floor":5.0,"key":"LifebloodPotion"},{"floor":16,"key":"SteroidPotion"},{"floor":20,"key":"Block Potion"},{"floor":22,"key":"Elixir"},{"floor":24,"key":"SmokeBomb"},{"floor":35,"key":"Explosive Potion"},{"floor":36,"key":"Block Potion"},{"floor":37,"key":"SteroidPotion"},{"floor":40,"key":"Reflective Coating"},{"floor":42,"key":"Ancient Potion"},{"floor":42,"key":"Adrenaline Potion"}],"is_trial":false,"path_per_floor":["M","?","M","$","M","R","?","R","T","M","$","R","M","M","R_BF","B",null,"M","M","M","$","M","R","M","M","T","M","?","R","PTL","PTL","?","?","R","B",null,"M","M","$","M","M","?","M"],"character_chosen":"THE_SILENT","items_purchased":["Poisoned Stab","Snake Skull","Toxin Wave","Footwork","TwistedFunnel","Noxious Fumes"],"campfire_rested":4,"item_purchase_floors":[4,4,21,21,39,39],"current_hp_per_floor":[75,45,45,45,37,60,60,60,60,56,56,56,54,42,42,26,77,70,61,41,41,25,48,40,40,40,22,22,45,45,45,45,45,68,36,82,82,53,53,31,18,18,0,0],"gold":28,"neow_bonus":"TEN_PERCENT_HP_BONUS","is_daily":false,"chose_seed":false,"campfire_upgraded":2,"win_rate":0.0,"timestamp":1610649717,"path_taken":["M","?","M","?","M","R","?","R","T","M","$","R","M","?","R_BF","BOSS","M","M","M","$","M","R","M","M","T","M","?","R","PTL","PTL","?","?","R","BOSS","M","M","$","?","M","?","?"],"items_purchased_type":["Card","Relic","Card","Card","Relic","Card"],"build_version":"2020-12-22","purchased_purges":2,"victory":false,"max_hp_per_floor":[77,77,77,77,77,77,77,77,77,77,77,77,77,77,77,77,77,77,77,77,77,77,77,77,77,77,77,77,77,77,77,77,77,77,77,82,82,82,82,82,82,82,82,82],"card_choices":[{"not_picked":["Acrobatics","Outmaneuver"],"picked":"Deadly Poison","floor":1.0},{"not_picked":["Cloak And Dagger","Blade Dance"],"picked":"Flying Knee","floor":2.0},{"not_picked":["Reflex","Flying Knee"],"picked":"Noxious Fumes","floor":3.0},{"not_picked":["Sucker Punch","Outmaneuver"],"picked":"Crippling Poison","floor":5.0},{"not_picked":["Hidden Blade","Cloak And Dagger","Choke"],"picked":"SKIP","floor":10.0},{"not_picked":["Calculated Gamble","Blade Dance","ReplayTheSpireMod:Scrap Shanks"],"picked":"SKIP","floor":13},{"not_picked":["Heel Hook","ReplayTheSpireMod:The Works","Finisher"],"picked":"SKIP","floor":14},{"not_picked":["Die Die Die","After Image"],"picked":"Adrenaline","floor":16},{"not_picked":["Sneak Up","Quick Slash","Backflip"],"picked":"SKIP","floor":18},{"not_picked":["Prepared","Quick Slash+1"],"picked":"Dodge and Roll+1","floor":19},{"not_picked":["Infinite Blades","Slice+1","Outmaneuver"],"picked":"SKIP","floor":20},{"not_picked":["Heel Hook","Flechettes"],"picked":"Blur","floor":22},{"not_picked":["Poisoned Stab","Sneak Up+1"],"picked":"Catalyst","floor":24},{"not_picked":["Dagger Spray","Acrobatics+1"],"picked":"Envenom","floor":27},{"not_picked":["ReplayTheSpireMod:Necrosis","Corpse Explosion"],"picked":"Envenom","floor":35},{"not_picked":["Well Laid Plans","Caltrops"],"picked":"Outmaneuver+1","floor":36},{"not_picked":["Cloak And Dagger","Dagger Throw"],"picked":"Bane","floor":37},{"not_picked":["Riddle With Holes","Predator","Cloak And Dagger+1"],"picked":"SKIP","floor":38},{"not_picked":["Tactician+1","ReplayTheSpireMod:Exploit Weakness+1"],"picked":"Backstab","floor":40},{"not_picked":["Deadly Poison","ReplayTheSpireMod:From All Sides","Quick Slash"],"picked":"SKIP","floor":41}],"player_experience":50599,"relics_obtained":[{"floor":9.0,"key":"Gremlin Horn"},{"floor":26,"key":"Pet Ghost"}],"event_choices":[{"damage_healed":0.0,"max_hp_gain":0.0,"max_hp_loss":0.0,"gold_gain":0.0,"event_name":"Accursed Blacksmith","player_choice":"Rummage","floor":7.0,"gold_loss":0.0,"damage_taken":0.0,"relics_obtained":["WarpedTongs"],"cards_obtained":["Pain"]},{"damage_healed":0,"gold_gain":99,"player_choice":"Stole From Cult","damage_taken":0,"max_hp_gain":0,"max_hp_loss":0,"event_name":"Nest","floor":28,"gold_loss":0},{"damage_healed":0,"gold_gain":0,"player_choice":"Traded Relic","damage_taken":0,"relics_obtained":["Nloth\u0027s Gift"],"max_hp_gain":0,"max_hp_loss":0,"event_name":"N\u0027loth","floor":33,"relics_lost":["Ring of the Snake"],"gold_loss":0},{"damage_healed":0,"gold_gain":0,"player_choice":"Got Potions","damage_taken":0,"max_hp_gain":0,"max_hp_loss":0,"event_name":"Lab","floor":42,"gold_loss":0}],"is_beta":false,"boss_relics":[{"not_picked":["Replay:Drink Me","Snecko Scales"],"picked":"SacredBark"},{"not_picked":["Astrolabe","Replay:Grab Bag"],"picked":"Tiny House"}],"items_purged_floors":[21,39],"is_endless":false,"potions_floor_spawned":[3,5,16,20,22,24,35,37,40],"killed_by":"Sphere and 2 Shapes","ascension_level":0}}