{"host":"h5acbxt0wmjo1kpm","time":1610608739,"event":{"mods":["2.2 Compatiblity","Act Like it!","AlwaysNeverKeys","Aspiration","Bard","Bartender","BaseMod","Better Third Choice","Colored Map","Elementarium","Gensokyo","GifTheSpireLib","Hallownest","Marisa????????","Menagerie","Minty Spire (QoL Compilation)","Permanent Neow","Potionbrewer","Relic Filter","Replay The Spire","Robot Space Explorer","RumiaBox-????????","Shade Mod","Spicy Shops","StSLib","Strawberry Spire","The Blackbeard","The Dragon Tamer","The Gatherer","The Hayseed","The Problem Sleuth","The Servant 0.9.4","Wandering Minibosses","vexMod"],"gold_per_floor":[116,116,202,219,219,297,297,199,199,209,209,221,146,180,180,180,180],"floor_reached":16,"language":"ENG","playtime":685,"items_purged":["Strike_R"],"score":195,"play_id":"cc1a4e47-112d-466d-a330-3f3cfd69e1b3","local_time":"20210113231859","is_ascension_mode":true,"campfire_choices":[{"data":"Apotheosis","floor":7.0,"key":"SMITH"},{"data":"strawberrySpire:Hellbender","floor":11,"key":"SMITH"}],"circlet_count":0,"master_deck":["AscendersBane","Strike_R","Strike_R","Strike_R+1","Strike_R","Bash","Apotheosis+1","strawberrySpire:DraftPunk","Hallownest:skillLeafShield","Hallownest:skillLeafShield","Hallownest:skillLeafShield","Hallownest:skillLeafShield","Hallownest:skillLeafShield","strawberrySpire:PumpUp","Wild Strike","strawberrySpire:Incursion","Demon Form","Metallicize","strawberrySpire:Hellbender+1","Thunderclap"],"relics":["Burning Blood","Hallownest:DreamNailRelic","Tiny House","GodSword4","Art of War"],"acts_visited":["Hallownest:Greenpath"],"potions_floor_usage":[14,16],"damage_taken":[{"damage":6.0,"enemies":"Hallownest:monsterHuskGuard","floor":1.0,"turns":5.0},{"damage":0.0,"enemies":"Hallownest:monsterHuskWarrior","floor":4.0,"turns":2.0},{"damage":17.0,"enemies":"Hallownest:eliteCrystalGuardian","floor":6.0,"turns":5.0},{"damage":1.0,"enemies":"Hallownest:2_MossCreeps","floor":10.0,"turns":4.0},{"damage":3,"enemies":"Hallownest:monsterMossCharger","floor":12,"turns":3},{"damage":16,"enemies":"Hallownest:eliteVengeflyKing","floor":14,"turns":7},{"damage":52,"enemies":"Hallownest:BossHornet","floor":16,"turns":6}],"seed_played":"1371385947153239700","potions_obtained":[{"floor":1.0,"key":"potionbrewer:ToxicPotion"}],"is_trial":false,"path_per_floor":["M","?","?","M","?","E","R","$","T","M","R","M","$","E","R","B"],"character_chosen":"IRONCLAD","items_purchased":["strawberrySpire:Hellbender"],"campfire_rested":0,"item_purchase_floors":[8],"current_hp_per_floor":[68,68,51,57,57,51,51,51,51,56,56,59,59,49,49,0,0],"gold":180,"neow_bonus":"RANDOM_COLORLESS_2","is_daily":false,"chose_seed":false,"campfire_upgraded":2,"win_rate":0.0,"timestamp":1610608739,"path_taken":["M","?","?","M","?","E","R","$","T","M","R","M","$","E","R","BOSS"],"items_purchased_type":["Card"],"build_version":"2020-12-22","purchased_purges":1,"victory":false,"max_hp_per_floor":[68,68,68,68,68,73,73,73,73,73,73,73,73,73,73,73,73],"card_choices":[{"not_picked":["Poisoned Strike","vexMod:StairwayStrike"],"picked":"Apotheosis","floor":0.0},{"not_picked":["strawberrySpire:FireDrill","Bloodletting"],"picked":"strawberrySpire:DraftPunk","floor":1.0},{"not_picked":["Run Through","Fire Breathing"],"picked":"strawberrySpire:PumpUp","floor":3.0},{"not_picked":["Bloodletting","Clash"],"picked":"Wild Strike","floor":3.0},{"not_picked":["Armaments","strawberrySpire:Spite"],"picked":"strawberrySpire:Incursion","floor":3.0},{"not_picked":["Flex","Combust"],"picked":"Demon Form","floor":4.0},{"not_picked":["Armaments","Seeing Red"],"picked":"Metallicize","floor":6.0},{"not_picked":["Run Through","strawberrySpire:PumpUp"],"picked":"Thunderclap","floor":10.0},{"not_picked":["Second Wind","Iron Wave","Flex"],"picked":"SKIP","floor":12},{"not_picked":["Replay:Undeath\u0027s Touch","Clash","Havoc"],"picked":"SKIP","floor":14}],"player_experience":2194848,"relics_obtained":[{"floor":6.0,"key":"Tiny House"},{"floor":9.0,"key":"GodSword4"},{"floor":14,"key":"Art of War"}],"event_choices":[],"is_beta":false,"boss_relics":[],"items_purged_floors":[13],"is_endless":false,"potions_floor_spawned":[1,12],"killed_by":"Hallownest:BossHornet","ascension_level":14}}