{"host":"t3am9egsh7oyry6t","time":1610582463,"event":{"mods":["AchievementEnabler","BaseMod","Colored Powertips","Googly Eyes","Minty Spire (QoL Compilation)","Relic Stats","StSLib","Synergy Search"],"gold_per_floor":[114,127,143,143,163,196,196,196],"floor_reached":7,"language":"ENG","playtime":313,"items_purged":[],"score":90,"play_id":"93ae91b7-e00f-42dc-9361-66ec559557b6","local_time":"20210113160103","is_ascension_mode":true,"campfire_choices":[],"circlet_count":0,"master_deck":["AscendersBane","Strike_R","Strike_R","Strike_R","Strike_R","Strike_R","Defend_R","Defend_R","Defend_R","Defend_R","Bash","Corruption","Twin Strike","Whirlwind","Thunderclap","Feel No Pain","Pommel Strike"],"relics":["Burning Blood","WingedGreaves","Blue Candle"],"acts_visited":["Exordium"],"potions_floor_usage":[7],"damage_taken":[{"damage":2,"enemies":"2 Louse","floor":1,"turns":4},{"damage":0,"enemies":"Small Slimes","floor":2,"turns":3},{"damage":6,"enemies":"Cultist","floor":3,"turns":3},{"damage":22,"enemies":"Exordium Thugs","floor":5,"turns":5},{"damage":36,"enemies":"3 Sentries","floor":6,"turns":9},{"damage":20,"enemies":"Gremlin Nob","floor":7,"turns":3}],"seed_played":"7563146611527299690","potions_obtained":[{"floor":6,"key":"LiquidBronze"}],"is_trial":false,"path_per_floor":["M","M","M","?","M","E","E"],"character_chosen":"IRONCLAD","items_purchased":[],"campfire_rested":0,"item_purchase_floors":[],"current_hp_per_floor":[68,68,68,65,49,19,0,0],"gold":196,"neow_bonus":"THREE_RARE_CARDS","is_daily":false,"chose_seed":false,"campfire_upgraded":0,"win_rate":0.0,"timestamp":1610582463,"path_taken":["M","M","M","?","M","E","E"],"items_purchased_type":[],"build_version":"2020-12-22","purchased_purges":0,"victory":false,"max_hp_per_floor":[68,68,68,68,68,68,68,68],"relic_stats":{"counters":[6,27],"Blue Candle":[0],"obtain_stats":[{"Blue Candle":6,"WingedGreaves":4,"Burning Blood":0},{"Blue Candle":5,"WingedGreaves":3,"Burning Blood":0},{"Blue Candle":24,"WingedGreaves":10,"Burning Blood":0}],"Burning Blood":20},"card_choices":[{"not_picked":["Exhume","Reaper"],"picked":"Corruption","floor":0},{"not_picked":["Headbutt","Searing Blow"],"picked":"Twin Strike","floor":1},{"not_picked":["Twin Strike","Carnage"],"picked":"Whirlwind","floor":2},{"not_picked":["Clothesline","Heavy Blade"],"picked":"Thunderclap","floor":3},{"not_picked":["Infernal Blade","Bloodletting"],"picked":"Feel No Pain","floor":5},{"not_picked":["Anger","Warcry"],"picked":"Pommel Strike","floor":6}],"player_experience":497175,"relics_obtained":[{"floor":6,"key":"Blue Candle"}],"event_choices":[{"damage_healed":0,"gold_gain":0,"player_choice":"Success","damage_taken":3,"relics_obtained":["WingedGreaves"],"max_hp_gain":0,"max_hp_loss":0,"event_name":"Scrap Ooze","floor":4,"gold_loss":0}],"is_beta":false,"boss_relics":[],"items_purged_floors":[],"is_endless":false,"potions_floor_spawned":[6],"killed_by":"Gremlin Nob","ascension_level":14}}