{"host":"wonp23fsqqcu31ie","time":1610603118,"event":{"mods":["2.2 Compatiblity","AchievementEnabler","Aspiration","BaseMod","Bestiary","Better Altar","Better Match","Better Sensory Stone","Better Skull","Better Third Choice","BetterRewards","Block Reminder","Colored Map","Colored Powertips","Conspire","Curses Come First","DeckTracker","Displayed Cursed Tome","Downfall","Energized Spire","Evolution","Hermit","Highlight Path","Hubris","Infinite Spire","Marisa????????","Minty Spire (QoL Compilation)","Permanent Neow","Prisma Mod","Quick Restart","Rare Cards Sparkle","Relic Stats","Replay The Spire","Robot Space Explorer","Shade Mod","Shop Mod","StSLib","SuperFastMode","The Animator","The Bug Knight","The Construct","The Cursed","The Disciple","The Dragon Tamer","The Gatherer","The Hierophant","The Marked","The Mystic","The Necromancer","The Poker Player","The Runesmith","The Saiyan","The Servant 0.9.4","TheBandit"],"gold_per_floor":[118,118,118,21,33,64,79,91,118,118,118,27,27,202,202,202,202],"floor_reached":16,"language":"ENG","playtime":1966,"items_purged":[],"score":98,"play_id":"48933bc4-b840-4929-9831-09dfc01839ea","local_time":"20210114164518","is_ascension_mode":false,"campfire_choices":[{"data":"mysticmod:MirrorEntity","floor":11,"key":"SMITH"},{"floor":13,"key":"REST"},{"floor":15,"key":"RECALL"}],"circlet_count":0,"master_deck":["mysticmod:Strike_Mystic","mysticmod:Strike_Mystic","mysticmod:Strike_Mystic","mysticmod:Strike_Mystic+1","mysticmod:Defend_Mystic","mysticmod:Defend_Mystic","mysticmod:Defend_Mystic","mysticmod:Defend_Mystic","mysticmod:ArcaneDodge+1","mysticmod:ShockingGrasp","mysticmod:Disengage","mysticmod:Sideswipe","mysticmod:RapidCaster","mysticmod:HeavyStrike","mysticmod:MirrorEntity+1","mysticmod:FiveFootStep","mysticmod:FloatingDisk","expansioncontent:DefensiveMode","Doubt"],"relics":["mysticmod:SpellBook","EVO:Axolotl","Tiny Chest","Akabeko","Replay:Rubber Ducky","aspiration:FetidBarrel"],"acts_visited":["Exordium"],"potions_floor_usage":[6,16],"damage_taken":[{"damage":1,"enemies":"Small Slimes","floor":1,"turns":3},{"damage":0,"enemies":"Jaw Worm","floor":5,"turns":5},{"damage":17,"enemies":"3 Sentries","floor":6,"turns":11},{"damage":3,"enemies":"Cultist","floor":7,"turns":5},{"damage":14,"enemies":"Large Slime","floor":8,"turns":7},{"damage":59,"enemies":"Slime Boss","floor":16,"turns":10}],"seed_played":"3145078642456540046","potions_obtained":[{"floor":5,"key":"SpeedPotion"},{"floor":8,"key":"hexamod:EctoCoolerPotion"}],"is_trial":false,"path_per_floor":["M","?","?","$","M","E","M","M","T","T","R","$","R","?","R","B"],"character_chosen":"MYSTIC_CLASS","items_purchased":["mysticmod:Sideswipe","mysticmod:RapidCaster","expansioncontent:DefensiveMode"],"campfire_rested":1,"item_purchase_floors":[4,4,12],"current_hp_per_floor":[76,61,61,61,61,44,41,27,27,27,27,27,50,50,50,0,0],"gold":202,"neow_bonus":"RANDOM_COMMON_RELIC","is_daily":false,"chose_seed":false,"campfire_upgraded":1,"win_rate":0.0,"timestamp":1610603118,"path_taken":["M","?","?","$","M","E","M","?","T","?","R","?","R","?","R","BOSS"],"items_purchased_type":["Card","Card","Card"],"build_version":"2020-12-22","purchased_purges":0,"victory":false,"max_hp_per_floor":[77,77,77,77,77,77,77,77,77,77,77,77,77,77,77,77,77],"relic_stats":{"counters":[6,41],"Tiny Chest":1,"obtain_stats":[{"aspiration:FetidBarrel":10,"mysticmod:SpellBook":0,"Tiny Chest":0,"EVO:Axolotl":0,"Akabeko":6,"Replay:Rubber Ducky":9},{"aspiration:FetidBarrel":5,"mysticmod:SpellBook":0,"Tiny Chest":0,"EVO:Axolotl":0,"Akabeko":3,"Replay:Rubber Ducky":5},{"aspiration:FetidBarrel":31,"mysticmod:SpellBook":0,"Tiny Chest":0,"EVO:Axolotl":0,"Akabeko":19,"Replay:Rubber Ducky":31}]},"card_choices":[{"not_picked":["mysticmod:Fly","mysticmod:PreparedCaster"],"picked":"mysticmod:Disengage","floor":1},{"not_picked":["mysticmod:MirrorStrike","mysticmod:ComponentsPouch"],"picked":"mysticmod:HeavyStrike","floor":5},{"not_picked":["mysticmod:Alacrity","mysticmod:CorrosiveTouch"],"picked":"mysticmod:MirrorEntity","floor":6},{"not_picked":["mysticmod:Daze","mysticmod:EbbAndFlow"],"picked":"mysticmod:FiveFootStep","floor":7},{"not_picked":["mysticmod:ComponentsPouch","mysticmod:Shield"],"picked":"mysticmod:FloatingDisk","floor":8}],"player_experience":516704,"relics_obtained":[{"floor":6,"key":"Akabeko"},{"floor":9,"key":"Replay:Rubber Ducky"},{"floor":10,"key":"aspiration:FetidBarrel"}],"event_choices":[{"damage_healed":76,"gold_gain":0,"player_choice":"Upgrade","damage_taken":15,"max_hp_gain":0,"max_hp_loss":77,"event_name":"betterThird:BetterShining","floor":2,"gold_loss":0,"cards_upgraded":["mysticmod:Strike_Mystic","mysticmod:ArcaneDodge"]},{"damage_healed":0,"gold_gain":0,"player_choice":"Ignored","damage_taken":0,"max_hp_gain":0,"max_hp_loss":0,"event_name":"NoteForYourself","floor":3,"gold_loss":0},{"damage_healed":0,"gold_gain":175,"player_choice":"AGREE","damage_taken":27,"max_hp_gain":0,"max_hp_loss":0,"event_name":"betterThird:BetterSerpent","floor":14,"gold_loss":0}],"is_beta":false,"boss_relics":[],"items_purged_floors":[],"is_endless":false,"potions_floor_spawned":[5,8],"killed_by":"Slime Boss","ascension_level":0}}