{"host":"3jhxjeq8h3mqaq9s","time":1610596506,"event":{"mods":["BaseMod","Bestiary","Colored Map","Highlight Path","Minty Spire (QoL Compilation)","Rare Cards Sparkle","Relic Stats","StSLib","everything is the same but u backflip on backflip","slay the spire mod where everything is the same but ironclad has a cowboy hat"],"gold_per_floor":[109,129,143,154,164,197,197,45,45,57,57,91,91,106,106,204,204,224,234,251,176,176,176,210,210,283,610,610,620,37,55,55,158,158,168,78,6,24,42,72,72,92,92,92,112,143,143,163,163,163,163,163,38,63,63],"floor_reached":56,"language":"ENG","playtime":3836,"items_purged":["Strike_B","Strike_B","Defend_B"],"score":1526,"play_id":"d61b7986-0adf-43ae-8670-4f3f6e081da7","local_time":"20210113225506","is_ascension_mode":true,"campfire_choices":[{"floor":7.0,"key":"REST"},{"floor":11.0,"key":"REST"},{"data":"Static Discharge","floor":15.0,"key":"SMITH"},{"data":"Coolheaded","floor":23.0,"key":"SMITH"},{"data":"Zap","floor":25.0,"key":"SMITH"},{"floor":28.0,"key":"RECALL"},{"data":"Go for the Eyes","floor":32.0,"key":"SMITH"},{"floor":41.0,"key":"REST"},{"data":"Consume","floor":44.0,"key":"SMITH"},{"data":"Leap","floor":47.0,"key":"SMITH"},{"data":"Ball Lightning","floor":49.0,"key":"SMITH"},{"data":"Conserve Battery","floor":52.0,"key":"SMITH"}],"circlet_count":0,"master_deck":["Defend_B","Defend_B","Zap+1","Dualcast","Ball Lightning+1","Glacier","Go for the Eyes+1","Static Discharge+1","Leap+1","Coolheaded+1","Seek","Genetic Algorithm+1","Compile Driver+1","Conserve Battery+1","Loop+1","Cold Snap+1","Echo Form+1","Ball Lightning+1","Consume+1","Glacier+1","Cold Snap+1","Leap+1","Electrodynamics+1"],"relics":["Cracked Core","DataDisk","Bag of Marbles","Singing Bowl","Meat on the Bone","Sozu","Symbiotic Virus","Pear","Old Coin","Runic Capacitor","Frozen Egg 2","Inserter","Juzu Bracelet","Anchor","Happy Flower"],"acts_visited":["Exordium","TheCity","TheBeyond","TheEnding"],"potions_floor_usage":[55,55],"damage_taken":[{"damage":1.0,"enemies":"Cultist","floor":1.0,"turns":4.0},{"damage":7.0,"enemies":"Jaw Worm","floor":2.0,"turns":3.0},{"damage":0.0,"enemies":"2 Louse","floor":3.0,"turns":2.0},{"damage":6.0,"enemies":"Looter","floor":4.0,"turns":3.0},{"damage":21.0,"enemies":"Exordium Thugs","floor":5.0,"turns":4.0},{"damage":26.0,"enemies":"Gremlin Nob","floor":6.0,"turns":5.0},{"damage":5.0,"enemies":"Red Slaver","floor":10.0,"turns":3.0},{"damage":6.0,"enemies":"3 Sentries","floor":12.0,"turns":7.0},{"damage":11.0,"enemies":"Looter","floor":14.0,"turns":3.0},{"damage":12.0,"enemies":"The Guardian","floor":16.0,"turns":9.0},{"damage":0.0,"enemies":"Chosen","floor":18.0,"turns":5.0},{"damage":1.0,"enemies":"Shell Parasite","floor":19.0,"turns":6.0},{"damage":3.0,"enemies":"Snecko","floor":20.0,"turns":8.0},{"damage":25.0,"enemies":"Gremlin Leader","floor":24.0,"turns":8.0},{"damage":15.0,"enemies":"Slavers","floor":27.0,"turns":8.0},{"damage":0.0,"enemies":"Centurion and Healer","floor":29.0,"turns":11.0},{"damage":0.0,"enemies":"Chosen and Byrds","floor":31.0,"turns":6.0},{"damage":12.0,"enemies":"Automaton","floor":33.0,"turns":11.0},{"damage":7.0,"enemies":"Orb Walker","floor":35.0,"turns":3.0},{"damage":6.0,"enemies":"3 Shapes","floor":38.0,"turns":5.0},{"damage":36.0,"enemies":"Sphere and 2 Shapes","floor":39.0,"turns":4.0},{"damage":23.0,"enemies":"Nemesis","floor":40.0,"turns":7.0},{"damage":0.0,"enemies":"Writhing Mass","floor":42.0,"turns":5.0},{"damage":37.0,"enemies":"Jaw Worm Horde","floor":45.0,"turns":3.0},{"damage":0.0,"enemies":"Giant Head","floor":46.0,"turns":10.0},{"damage":0.0,"enemies":"4 Shapes","floor":48.0,"turns":3.0},{"damage":22.0,"enemies":"Awakened One","floor":50.0,"turns":12.0},{"damage":19.0,"enemies":"Shield and Spear","floor":54.0,"turns":9.0},{"damage":48,"enemies":"The Heart","floor":55,"turns":11}],"seed_played":"-3369946611999775289","potions_obtained":[{"floor":1.0,"key":"ColorlessPotion"},{"floor":4.0,"key":"Ancient Potion"},{"floor":12.0,"key":"FocusPotion"}],"is_trial":false,"path_per_floor":["M","M","M","M","M","E","R","$","T","M","R","E","?","M","R","B",null,"M","M","M","?","?","R","E","R","T","E","R","M","$","M","R","B",null,"M","?","$","M","M","E","R","M","T","R","M","E","R","M","R","B",null,"R","$","E","B",null],"character_chosen":"DEFECT","items_purchased":["LiquidMemories","Runic Capacitor","Frozen Egg 2","Loop+1","Consume"],"campfire_rested":3,"item_purchase_floors":[8,30,30,30,37],"current_hp_per_floor":[74,67,67,61,40,14,36,36,36,33,56,50,50,41,41,41,70,70,71,68,68,68,68,45,45,55,54,54,56,56,56,56,56,87,80,80,80,74,50,39,68,68,68,68,45,59,59,61,61,51,90,90,90,73,37],"gold":63,"neow_bonus":"RANDOM_COMMON_RELIC","is_daily":false,"chose_seed":false,"campfire_upgraded":8,"win_rate":0.0,"timestamp":1610596506,"path_taken":["M","M","M","M","M","E","R","?","T","?","R","E","?","M","R","BOSS","M","?","M","?","?","R","E","R","T","E","R","M","$","M","R","BOSS","M","?","?","M","M","E","R","M","T","R","M","E","R","M","R","BOSS","R","$","E","BOSS"],"items_purchased_type":["Potion","Relic","Relic","Card","Card"],"build_version":"2020-12-22","purchased_purges":3,"victory":true,"max_hp_per_floor":[75,75,75,75,75,75,75,75,75,77,77,77,77,79,79,79,79,79,81,81,81,81,81,83,83,93,95,95,97,97,97,97,97,97,97,97,97,97,97,97,97,97,97,97,99,101,101,103,103,103,103,103,103,105,105],"relic_stats":{"Sozu":7,"Inserter":[36],"Singing Bowl":20,"Happy Flower":[3],"counters":[29,177],"Juzu Bracelet":0,"obtain_stats":[{"Pear":26,"Inserter":34,"Singing Bowl":9,"Happy Flower":54,"Runic Capacitor":30,"Juzu Bracelet":40,"Frozen Egg 2":30,"Old Coin":27,"Sozu":17,"DataDisk":0,"Anchor":46,"Bag of Marbles":6,"Cracked Core":0,"Symbiotic Virus":24,"Meat on the Bone":12},{"Pear":14,"Inserter":18,"Singing Bowl":6,"Happy Flower":28,"Runic Capacitor":16,"Juzu Bracelet":22,"Frozen Egg 2":16,"Old Coin":15,"Sozu":10,"DataDisk":0,"Anchor":25,"Bag of Marbles":6,"Cracked Core":0,"Symbiotic Virus":14,"Meat on the Bone":8},{"Pear":70,"Inserter":105,"Singing Bowl":21,"Happy Flower":166,"Runic Capacitor":89,"Juzu Bracelet":124,"Frozen Egg 2":89,"Old Coin":78,"Sozu":43,"DataDisk":0,"Anchor":142,"Bag of Marbles":21,"Cracked Core":0,"Symbiotic Virus":70,"Meat on the Bone":31}],"Meat on the Bone":108},"card_choices":[{"not_picked":["Rip and Tear","Streamline"],"picked":"Ball Lightning","floor":1.0},{"not_picked":["Redo","Ball Lightning"],"picked":"Glacier","floor":2.0},{"not_picked":["Streamline","Rip and Tear"],"picked":"Go for the Eyes","floor":3.0},{"not_picked":["Steam","Coolheaded"],"picked":"Static Discharge","floor":4.0},{"not_picked":["Turbo","Hello World","Coolheaded"],"picked":"SKIP","floor":5.0},{"not_picked":["Hyperbeam","Consume"],"picked":"Leap","floor":6.0},{"not_picked":["Aggregate","Gash","Static Discharge"],"picked":"Singing Bowl","floor":10.0},{"not_picked":["Rebound","Heatsinks"],"picked":"Coolheaded","floor":12.0},{"not_picked":["Rip and Tear","Tempest","Fusion"],"picked":"Singing Bowl","floor":14.0},{"not_picked":["Machine Learning","Reboot"],"picked":"Seek","floor":16.0},{"not_picked":["Barrage","Darkness+1"],"picked":"Genetic Algorithm","floor":18.0},{"not_picked":["Aggregate","Stack","Go for the Eyes"],"picked":"Singing Bowl","floor":19.0},{"not_picked":["Static Discharge","Ball Lightning"],"picked":"Compile Driver+1","floor":20.0},{"not_picked":["Streamline","Turbo","Genetic Algorithm+1"],"picked":"Singing Bowl","floor":24.0},{"not_picked":["Skim","Heatsinks","Consume"],"picked":"Singing Bowl","floor":27.0},{"not_picked":["Redo+1","Streamline","Stack"],"picked":"Singing Bowl","floor":29.0},{"not_picked":["Rebound+1","Melter"],"picked":"Cold Snap+1","floor":31.0},{"not_picked":["Core Surge","Machine Learning+1"],"picked":"Echo Form+1","floor":33.0},{"not_picked":["Barrage+1","Cold Snap+1"],"picked":"Ball Lightning+1","floor":35.0},{"not_picked":["Barrage","Steam Power+1"],"picked":"Glacier+1","floor":38.0},{"not_picked":["Stack","Coolheaded"],"picked":"Cold Snap+1","floor":39.0},{"not_picked":["Cold Snap+1","Beam Cell+1"],"picked":"Leap+1","floor":40.0},{"not_picked":["Streamline","Rebound+1"],"picked":"Electrodynamics+1","floor":42.0},{"not_picked":["Undo","Consume","Steam+1"],"picked":"Singing Bowl","floor":45.0},{"not_picked":["Steam+1","Gash","Leap+1"],"picked":"Singing Bowl","floor":46.0},{"not_picked":["Aggregate+1","Cold Snap","Hologram+1"],"picked":"Singing Bowl","floor":48.0},{"not_picked":["Self Repair+1","Coolheaded","Redo"],"picked":"Singing Bowl","floor":54.0}],"player_experience":2454110,"relics_obtained":[{"floor":6.0,"key":"Bag of Marbles"},{"floor":9.0,"key":"Singing Bowl"},{"floor":12.0,"key":"Meat on the Bone"},{"floor":24.0,"key":"Symbiotic Virus"},{"floor":26.0,"key":"Pear"},{"floor":27.0,"key":"Old Coin"},{"floor":40.0,"key":"Juzu Bracelet"},{"floor":46.0,"key":"Anchor"},{"floor":54.0,"key":"Happy Flower"}],"event_choices":[{"cards_removed":["Strike_B"],"damage_healed":0.0,"max_hp_gain":0.0,"max_hp_loss":0.0,"gold_gain":0.0,"event_name":"Purifier","player_choice":"Purged","floor":13.0,"gold_loss":0.0,"damage_taken":0.0},{"cards_removed":["Strike_B"],"damage_healed":0.0,"max_hp_gain":0.0,"max_hp_loss":0.0,"gold_gain":0.0,"event_name":"Beggar","player_choice":"Gave Gold","floor":21.0,"gold_loss":75.0,"damage_taken":0.0},{"damage_healed":0.0,"max_hp_gain":0.0,"max_hp_loss":0.0,"gold_gain":0.0,"event_name":"The Library","player_choice":"Read","floor":22.0,"gold_loss":0.0,"damage_taken":0.0,"cards_obtained":["Conserve Battery"]},{"cards_removed":["Defend_B"],"damage_healed":0.0,"max_hp_gain":0.0,"max_hp_loss":0.0,"gold_gain":0.0,"event_name":"Designer","player_choice":"Upgrade and Remove","floor":36.0,"gold_loss":90.0,"damage_taken":0.0,"cards_upgraded":["Genetic Algorithm"]}],"is_beta":false,"boss_relics":[{"not_picked":["Runic Pyramid","Velvet Choker"],"picked":"Sozu"},{"not_picked":["Fusion Hammer","Calling Bell"],"picked":"Inserter"}],"items_purged_floors":[8,30,53],"is_endless":false,"potions_floor_spawned":[1,4,10,12,16,18,19,27,29,35,39,45],"ascension_level":5}}