{"host":"52m1o8iwwagurbjs","time":1610636854,"event":{"mods":["AchievementEnabler","BaseMod","Bestiary","Colored Powertips","GifTheSpireLib","Minty Spire (QoL Compilation)","Quick Restart","RNG Fix","Relic Stats","StSLib"],"gold_per_floor":[111,130,27,27,46,79,79,112,139,161,161,161,161,161],"floor_reached":13,"language":"ENG","playtime":264,"items_purged":[],"score":153,"play_id":"b1e92e49-be1e-4294-b2a4-aed5ea02a608","local_time":"20210114100734","is_ascension_mode":true,"campfire_choices":[{"data":"Heavy Blade","floor":7.0,"key":"SMITH"},{"data":"Feed","floor":12.0,"key":"SMITH"}],"circlet_count":0,"master_deck":["AscendersBane","Strike_R","Strike_R","Strike_R","Strike_R","Strike_R","Defend_R","Defend_R","Defend_R","Defend_R","Bash+1","Iron Wave","Heavy Blade+1","Pommel Strike","Shrug It Off","Dual Wield","Cleave","Feed+1"],"relics":["Burning Blood","NeowsBlessing","Singing Bowl","Paper Frog","CeramicFish"],"acts_visited":["Exordium"],"potions_floor_usage":[],"damage_taken":[{"damage":0.0,"enemies":"Small Slimes","floor":1.0,"turns":1.0},{"damage":0.0,"enemies":"Cultist","floor":2.0,"turns":1.0},{"damage":0.0,"enemies":"Jaw Worm","floor":5.0,"turns":1.0},{"damage":27.0,"enemies":"3 Sentries","floor":6.0,"turns":9.0},{"damage":44.0,"enemies":"Gremlin Nob","floor":8.0,"turns":5.0},{"damage":16.0,"enemies":"Blue Slaver","floor":10.0,"turns":4.0},{"damage":0,"enemies":"3 Sentries","floor":13,"turns":1}],"seed_played":"-5139406116973551813","potions_obtained":[{"floor":1.0,"key":"DuplicationPotion"},{"floor":5.0,"key":"Regen Potion"},{"floor":8.0,"key":"FairyPotion"}],"is_trial":false,"path_per_floor":["M","M","$","?","M","E","R","E","T","M","?","R","E"],"character_chosen":"IRONCLAD","items_purchased":["Pommel Strike","Shrug It Off"],"campfire_rested":0,"item_purchase_floors":[3,3],"current_hp_per_floor":[78,80,80,80,80,59,59,30,30,20,46,46,46,46],"gold":161,"neow_bonus":"THREE_ENEMY_KILL","is_daily":false,"chose_seed":false,"campfire_upgraded":2,"win_rate":0.0,"timestamp":1610636854,"path_taken":["M","M","$","?","M","E","R","E","T","M","?","R","E"],"items_purchased_type":["Card","Card"],"build_version":"2020-12-22","purchased_purges":0,"victory":false,"max_hp_per_floor":[80,80,80,80,80,80,80,80,80,80,80,80,80,80],"relic_stats":{"Singing Bowl":0,"counters":[7,21],"CeramicFish":9,"obtain_stats":[{"NeowsBlessing":0,"Singing Bowl":6,"CeramicFish":9,"Burning Blood":0,"Paper Frog":8},{"NeowsBlessing":0,"Singing Bowl":4,"CeramicFish":5,"Burning Blood":0,"Paper Frog":5},{"NeowsBlessing":0,"Singing Bowl":12,"CeramicFish":17,"Burning Blood":0,"Paper Frog":17}],"Burning Blood":26},"card_choices":[{"not_picked":["Sentinel","Dark Embrace"],"picked":"Iron Wave","floor":1.0},{"not_picked":["Second Wind","Warcry"],"picked":"Heavy Blade","floor":2.0},{"not_picked":["Warcry","Second Wind","Evolve"],"picked":"SKIP","floor":5.0},{"not_picked":["Iron Wave","Armaments"],"picked":"Dual Wield","floor":6.0},{"not_picked":["Shrug It Off","Warcry"],"picked":"Cleave","floor":8.0},{"not_picked":["Dual Wield","Thunderclap"],"picked":"Feed","floor":10.0}],"player_experience":1117134,"relics_obtained":[{"floor":6.0,"key":"Singing Bowl"},{"floor":8.0,"key":"Paper Frog"},{"floor":9.0,"key":"CeramicFish"}],"event_choices":[{"damage_healed":0.0,"max_hp_gain":0.0,"max_hp_loss":0.0,"gold_gain":0.0,"event_name":"Living Wall","player_choice":"Grow","floor":4.0,"gold_loss":0.0,"damage_taken":0.0,"cards_upgraded":["Bash"]},{"damage_healed":26.0,"max_hp_gain":0.0,"max_hp_loss":0.0,"gold_gain":0.0,"event_name":"Big Fish","player_choice":"Banana","floor":11.0,"gold_loss":0.0,"damage_taken":0.0}],"is_beta":false,"boss_relics":[],"items_purged_floors":[],"is_endless":false,"potions_floor_spawned":[1,5,8],"killed_by":"3 Sentries","ascension_level":13}}