{"host":"4cz9gr89nglr7k8k","time":1610661642,"event":{"mods":["BaseMod","Minty Spire (QoL Compilation)","Relic Stats","Slay-I"],"gold_per_floor":[19,19,34,53,67,92,92,92,117,117,144,63,63,94,94,172,172,186,186,186,83,93,93,93,103,128,128,160,71,87,99,99,99,99],"floor_reached":33,"language":"DEU","playtime":887,"items_purged":["Decay"],"score":571,"play_id":"d17b5443-bd8e-44f9-840c-d101d5f9ba71","local_time":"20210114230042","is_ascension_mode":true,"campfire_choices":[{"floor":8,"key":"REST"},{"data":"Rampage","floor":10,"key":"SMITH"},{"data":"Spot Weakness","floor":13,"key":"SMITH"},{"floor":15,"key":"REST"},{"data":"Berserk","floor":23,"key":"SMITH"},{"floor":27,"key":"REST"},{"floor":32,"key":"REST"}],"circlet_count":0,"master_deck":["AscendersBane","Strike_R+1","Strike_R+1","Strike_R+1","Strike_R+1","Strike_R+1","Defend_R+1","Defend_R+1","Defend_R+1","Defend_R+1","Bash","Twin Strike","Rampage+1","Thunderclap","Shrug It Off","Reckless Charge","Twin Strike","Spot Weakness+1","Uppercut","Berserk+1","Flex","Flex","Flex","Whirlwind","Parasite","Armaments","Dramatic Entrance","Anger","Anger"],"relics":["Burning Blood","Centennial Puzzle","Whetstone","Strawberry","Cursed Key","MealTicket","Boot"],"acts_visited":["Exordium","TheCity"],"potions_floor_usage":[6,16,28,31,33],"damage_taken":[{"damage":19,"enemies":"Jaw Worm","floor":1,"turns":3},{"damage":6,"enemies":"Cultist","floor":3,"turns":3},{"damage":5,"enemies":"Small Slimes","floor":4,"turns":3},{"damage":17,"enemies":"3 Louse","floor":5,"turns":3},{"damage":34,"enemies":"Gremlin Nob","floor":6,"turns":4},{"damage":27,"enemies":"The Mushroom Lair","floor":11,"turns":4},{"damage":40,"enemies":"Lagavulin","floor":14,"turns":4},{"damage":37,"enemies":"Slime Boss","floor":16,"turns":9},{"damage":22,"enemies":"Spheric Guardian","floor":18,"turns":4},{"damage":2,"enemies":"Chosen","floor":22,"turns":3},{"damage":24,"enemies":"Snake Plant","floor":25,"turns":2},{"damage":29,"enemies":"Slavers","floor":28,"turns":4},{"damage":55,"enemies":"Cultist and Chosen","floor":30,"turns":7},{"damage":5,"enemies":"Chosen and Byrds","floor":31,"turns":4},{"damage":104,"enemies":"Automaton","floor":33,"turns":6}],"seed_played":"-1513505460281464774","potions_obtained":[{"floor":2,"key":"CultistPotion"},{"floor":2,"key":"Ancient Potion"},{"floor":3,"key":"LiquidMemories"},{"floor":14,"key":"BloodPotion"},{"floor":25,"key":"LiquidMemories"},{"floor":31,"key":"Dexterity Potion"}],"is_trial":false,"path_per_floor":["M","?","M","M","M","E","?","R","T","R","?","$","R","E","R","B",null,"M","?","?","$","M","R","?","M","T","R","E","$","M","M","R","B"],"character_chosen":"IRONCLAD","items_purchased":["Spot Weakness","Flex","Dramatic Entrance"],"campfire_rested":4,"item_purchase_floors":[12,21,29],"current_hp_per_floor":[69,69,69,70,59,31,60,86,86,86,65,65,65,38,66,35,81,65,65,65,65,69,69,63,45,45,73,50,65,16,36,64,0,0],"gold":99,"neow_bonus":"TWENTY_PERCENT_HP_BONUS","is_daily":false,"chose_seed":false,"campfire_upgraded":3,"win_rate":0.0,"timestamp":1610661642,"path_taken":["M","?","M","M","?","E","?","R","T","R","?","$","R","E","R","BOSS","M","?","?","?","M","R","?","M","T","R","E","$","?","M","R","BOSS"],"items_purchased_type":["Card","Card","Card"],"build_version":"2020-12-22","purchased_purges":1,"victory":false,"max_hp_per_floor":[89,89,89,89,89,89,89,89,89,89,89,89,89,96,96,96,96,96,96,96,96,96,96,96,96,96,96,96,96,96,96,96,96,96],"relic_stats":{"Centennial Puzzle":[30],"counters":[15,63],"MealTicket":15,"Whetstone":["Strike_R","Strike_R"],"Cursed Key":1,"Boot":[20],"obtain_stats":[{"Centennial Puzzle":6,"Strawberry":14,"MealTicket":26,"Whetstone":9,"Cursed Key":17,"Boot":28,"Burning Blood":0},{"Centennial Puzzle":5,"Strawberry":7,"MealTicket":11,"Whetstone":5,"Cursed Key":8,"Boot":12,"Burning Blood":0},{"Centennial Puzzle":16,"Strawberry":24,"MealTicket":42,"Whetstone":16,"Cursed Key":33,"Boot":46,"Burning Blood":0}],"Burning Blood":84},"card_choices":[{"not_picked":["Pommel Strike","Heavy Blade"],"picked":"Twin Strike","floor":1},{"not_picked":["Perfected Strike","Headbutt"],"picked":"Rampage","floor":3},{"not_picked":["Twin Strike","Juggernaut"],"picked":"Thunderclap","floor":4},{"not_picked":["Dropkick","True Grit"],"picked":"Shrug It Off","floor":5},{"not_picked":["Combust","Dual Wield"],"picked":"Reckless Charge","floor":6},{"not_picked":["Burning Pact","Rupture"],"picked":"Twin Strike","floor":11},{"not_picked":["Power Through","Twin Strike"],"picked":"Uppercut","floor":14},{"not_picked":["Corruption","Barricade"],"picked":"Berserk","floor":16},{"not_picked":["True Grit+1","Rage"],"picked":"Flex","floor":18},{"not_picked":["Dual Wield","Rupture+1"],"picked":"Flex","floor":22},{"not_picked":["Rampage","Intimidate"],"picked":"Whirlwind","floor":25},{"not_picked":["Seeing Red","Body Slam"],"picked":"Armaments","floor":28},{"not_picked":["Shrug It Off","Disarm+1"],"picked":"Anger","floor":30},{"not_picked":["Uppercut","Second Wind"],"picked":"Anger","floor":31}],"player_experience":1496075,"relics_obtained":[{"floor":6,"key":"Centennial Puzzle"},{"floor":9,"key":"Whetstone"},{"floor":14,"key":"Strawberry"},{"floor":26,"key":"MealTicket"},{"floor":28,"key":"Boot"}],"event_choices":[{"damage_healed":0,"gold_gain":0,"player_choice":"Got Potions","damage_taken":0,"max_hp_gain":0,"max_hp_loss":0,"event_name":"Lab","floor":2,"gold_loss":0},{"damage_healed":29,"gold_gain":0,"player_choice":"Banana","damage_taken":0,"max_hp_gain":0,"max_hp_loss":0,"event_name":"Big Fish","floor":7,"gold_loss":0},{"damage_healed":0,"gold_gain":0,"player_choice":"Fought Mushrooms","damage_taken":0,"max_hp_gain":0,"max_hp_loss":0,"event_name":"Mushrooms","floor":11,"gold_loss":0},{"damage_healed":0,"gold_gain":0,"player_choice":"Simplicity","damage_taken":0,"max_hp_gain":0,"max_hp_loss":0,"event_name":"Back to Basics","floor":19,"gold_loss":0,"cards_upgraded":["Strike_R","Strike_R","Strike_R","Defend_R","Defend_R","Defend_R","Defend_R"]},{"damage_healed":0,"gold_gain":0,"player_choice":"Smashed Altar","damage_taken":0,"max_hp_gain":0,"max_hp_loss":0,"event_name":"Forgotten Altar","floor":20,"gold_loss":0,"cards_obtained":["Decay"]},{"damage_healed":0,"gold_gain":0,"player_choice":"","damage_taken":6,"max_hp_gain":0,"max_hp_loss":0,"event_name":"Knowing Skull","floor":24,"potions_obtained":[],"gold_loss":0,"cards_obtained":[]}],"is_beta":false,"boss_relics":[{"not_picked":["Busted Crown","Pandora\u0027s Box"],"picked":"Cursed Key"}],"items_purged_floors":[21],"is_endless":false,"potions_floor_spawned":[3,4,14,25,31],"killed_by":"Automaton","ascension_level":20}}