{"host":"jl3raagrljzztomj","time":1610592089,"event":{"mods":["Aspiration","BaseMod","BetterRewards","Colored Map","Colored Powertips","Custom Start","Hermit","Highlight Path","Minty Spire (QoL Compilation)","Permanent Neow","StSLib","SuperFastMode","The Runesmith"],"gold_per_floor":[115,129,142,152,77,112,112,287,287,298,44,63,80,99,99,197,197,209,209,209,222,248,248,283,283,309,309,56,81,81,81,81,81,81],"floor_reached":33,"language":"ENG","playtime":990,"items_purged":["Strike_B","Doubt"],"score":285,"play_id":"7801f808-5dd1-4da5-b818-556c6ec0bc62","local_time":"20210113204129","is_ascension_mode":false,"campfire_choices":[{"data":"Hologram","floor":7,"key":"SMITH"},{"floor":15,"key":"REST"},{"floor":23,"key":"REST"},{"floor":25,"key":"REST"},{"data":"Hologram","floor":30,"key":"SMITH"},{"floor":32,"key":"REST"}],"circlet_count":0,"master_deck":["Strike_B+1","Strike_B+1","Strike_B+1","Defend_B+1","Defend_B+1","Defend_B+1","Defend_B+1","Zap+1","Dualcast","Gash","Hologram+1","Self Repair","Seek","Machine Learning","Chill","Hologram+1","Shame"],"relics":["Cracked Core","aspiration:DSix","DataDisk","Kunai","Sozu","Red Mask","Juzu Bracelet","Oddly Smooth Stone","Blood Vial","Nunchaku","Regal Pillow","White Beast Statue"],"acts_visited":["Exordium","TheCity"],"potions_floor_usage":[6,16,16,16,18],"damage_taken":[{"damage":0,"enemies":"Cultist","floor":1,"turns":3},{"damage":0,"enemies":"Small Slimes","floor":2,"turns":2},{"damage":6,"enemies":"Jaw Worm","floor":3,"turns":3},{"damage":2,"enemies":"2 Fungi Beasts","floor":4,"turns":3},{"damage":24,"enemies":"Gremlin Nob","floor":6,"turns":4},{"damage":0,"enemies":"Looter","floor":10,"turns":2},{"damage":4,"enemies":"Blue Slaver","floor":12,"turns":3},{"damage":16,"enemies":"Exordium Wildlife","floor":13,"turns":4},{"damage":5,"enemies":"Looter","floor":14,"turns":4},{"damage":44,"enemies":"The Guardian","floor":16,"turns":14},{"damage":17,"enemies":"3 Byrds","floor":18,"turns":6},{"damage":1,"enemies":"Chosen","floor":21,"turns":5},{"damage":47,"enemies":"Masked Bandits","floor":22,"turns":6},{"damage":36,"enemies":"Slavers","floor":24,"turns":7},{"damage":8,"enemies":"Book of Stabbing","floor":29,"turns":6},{"damage":83,"enemies":"Collector","floor":33,"turns":7}],"seed_played":"8240054740559552896","potions_obtained":[{"floor":2,"key":"EssenceOfSteel"},{"floor":4,"key":"DuplicationPotion"},{"floor":10,"key":"Swift Potion"},{"floor":13,"key":"FearPotion"},{"floor":16,"key":"Block Potion"}],"is_trial":false,"path_per_floor":["M","M","M","M","$","E","R","?","T","M","$","M","M","M","R","B",null,"M","?","?","M","?","R","E","R","T","?","$","E","R","?","R","B"],"character_chosen":"DEFECT","items_purchased":["Kunai","Nunchaku"],"campfire_rested":4,"item_purchase_floors":[11,28],"current_hp_per_floor":[75,75,69,67,67,43,43,43,43,43,43,39,23,25,47,10,75,65,65,65,71,31,53,24,46,46,38,38,39,39,39,75,0,0],"gold":81,"neow_bonus":"UPGRADE_CARD","is_daily":false,"chose_seed":false,"campfire_upgraded":2,"win_rate":0.0,"timestamp":1610592089,"path_taken":["M","M","?","?","?","E","R","?","T","M","$","M","M","M","R","BOSS","M","?","?","M","?","R","E","R","T","?","?","E","R","?","R","BOSS"],"items_purchased_type":["Relic","Relic"],"build_version":"2020-12-22","purchased_purges":2,"victory":false,"max_hp_per_floor":[75,75,75,75,75,75,75,75,75,75,75,75,75,75,75,75,75,75,75,75,75,75,75,75,75,75,75,75,75,75,75,75,75,75],"card_choices":[{"not_picked":["Turbo","Consume"],"picked":"Gash","floor":1},{"not_picked":["Rip and Tear","Conserve Battery"],"picked":"Hologram","floor":2},{"not_picked":["Tempest","Double Energy","Reinforced Body"],"picked":"SKIP","floor":3},{"not_picked":["Barrage","Reinforced Body","Sweeping Beam"],"picked":"SKIP","floor":4},{"not_picked":["Leap","Rip and Tear","Reinforced Body"],"picked":"SKIP","floor":6},{"not_picked":["Go for the Eyes","Conserve Battery","Streamline"],"picked":"SKIP","floor":10},{"not_picked":["Leap","Ball Lightning","Beam Cell"],"picked":"SKIP","floor":12},{"not_picked":["Turbo","Loop"],"picked":"Self Repair","floor":13},{"not_picked":["Sweeping Beam","Streamline","Coolheaded"],"picked":"SKIP","floor":14},{"not_picked":["Biased Cognition","Rainbow"],"picked":"Seek","floor":16},{"not_picked":["Cold Snap","Streamline","Conserve Battery+1"],"picked":"SKIP","floor":18},{"not_picked":["Coolheaded","Beam Cell"],"picked":"Machine Learning","floor":21},{"not_picked":["Skim","Lockon+1"],"picked":"Chill","floor":24},{"not_picked":["Redo","Barrage+1"],"picked":"Hologram","floor":29}],"player_experience":941888,"relics_obtained":[{"floor":6,"key":"aspiration:DSix"},{"floor":9,"key":"DataDisk"},{"floor":22,"key":"Red Mask"},{"floor":24,"key":"Juzu Bracelet"},{"floor":26,"key":"Oddly Smooth Stone"},{"floor":27,"key":"Blood Vial"},{"floor":29,"key":"Regal Pillow"}],"event_choices":[{"damage_healed":0,"gold_gain":175,"player_choice":"AGREE","damage_taken":0,"max_hp_gain":0,"max_hp_loss":0,"event_name":"Liars Game","floor":8,"gold_loss":0,"cards_obtained":["Doubt"]},{"damage_healed":0,"gold_gain":0,"player_choice":"Simplicity","damage_taken":0,"max_hp_gain":0,"max_hp_loss":0,"event_name":"Back to Basics","floor":19,"gold_loss":0,"cards_upgraded":["Strike_B","Strike_B","Strike_B","Defend_B","Defend_B","Defend_B","Defend_B"]},{"damage_healed":0,"gold_gain":0,"player_choice":"Ignored","damage_taken":0,"max_hp_gain":0,"max_hp_loss":0,"event_name":"Vampires","floor":20,"gold_loss":0},{"damage_healed":0,"gold_gain":0,"player_choice":"Fought Bandits","damage_taken":0,"max_hp_gain":0,"max_hp_loss":0,"event_name":"Masked Bandits","floor":22,"gold_loss":0},{"damage_healed":0,"gold_gain":0,"player_choice":"Stole Relic","damage_taken":0,"relics_obtained":["White Beast Statue"],"max_hp_gain":0,"max_hp_loss":0,"event_name":"Addict","floor":31,"gold_loss":0,"cards_obtained":["Shame"]}],"is_beta":false,"boss_relics":[{"not_picked":["Fusion Hammer","FrozenCore"],"picked":"Sozu"}],"items_purged_floors":[5,28],"is_endless":false,"potions_floor_spawned":[2,4,10,13,16,21,22],"killed_by":"Collector","ascension_level":0}}