{"host":"4rvakrj1idbgia3f","time":1610619537,"event":{"mods":["BaseMod","Colored Map","Colored Powertips","DeckTracker","Highlight Path","Minty Spire (QoL Compilation)","Random Character Button","StSLib"],"gold_per_floor":[109,128,128,140,66,92,92,126,126,139,12,46,46,59,59,138,188,201,211,230,230,230,230,230,230,230,14,14,14,14],"floor_reached":29,"language":"JPN","playtime":1078,"items_purged":["Strike_P"],"score":682,"play_id":"933ddd65-7677-434e-8119-a4b48993c598","local_time":"20210114191857","is_ascension_mode":true,"campfire_choices":[{"data":"Ragnarok","floor":7.0,"key":"SMITH"},{"data":"LikeWater","floor":13,"key":"SMITH"},{"data":"BowlingBash","floor":15,"key":"SMITH"},{"floor":23,"key":"REST"},{"floor":25,"key":"REST"},{"data":"LikeWater","floor":28,"key":"SMITH"}],"circlet_count":0,"master_deck":["AscendersBane","Strike_P","Strike_P","Strike_P","Defend_P","Defend_P","Defend_P","Eruption+1","Vigilance+1","ClearTheMind","FlurryOfBlows","Ragnarok+1","CarveReality","EmptyFist","LikeWater+1","BowlingBash+1","FearNoEvil","Blasphemy","Swivel","EmptyMind","ReachHeaven","WreathOfFlame","RitualDagger","EmptyBody","Tantrum","LikeWater+1"],"relics":["PureWater","Gremlin Horn","Letter Opener","Dream Catcher","Matryoshka","Bird Faced Urn","Tiny House","Enchiridion","Centennial Puzzle","Ginger","Membership Card"],"acts_visited":["Exordium","TheCity"],"potions_floor_usage":[14,18,20,29],"damage_taken":[{"damage":0.0,"enemies":"Jaw Worm","floor":1.0,"turns":6.0},{"damage":0.0,"enemies":"Cultist","floor":2.0,"turns":3.0},{"damage":16.0,"enemies":"Small Slimes","floor":4.0,"turns":4.0},{"damage":7.0,"enemies":"3 Sentries","floor":6.0,"turns":7.0},{"damage":0.0,"enemies":"Gremlin Nob","floor":8.0,"turns":2.0},{"damage":16,"enemies":"Exordium Thugs","floor":10,"turns":2},{"damage":0,"enemies":"Lagavulin","floor":12,"turns":3},{"damage":0,"enemies":"2 Fungi Beasts","floor":14,"turns":1},{"damage":0,"enemies":"Slime Boss","floor":16,"turns":5},{"damage":16,"enemies":"Shell Parasite","floor":18,"turns":5},{"damage":0,"enemies":"Spheric Guardian","floor":19,"turns":1},{"damage":25,"enemies":"Chosen and Byrds","floor":20,"turns":6},{"damage":0,"enemies":"Snake Plant","floor":29,"turns":1}],"seed_played":"-2436588906129774484","potions_obtained":[{"floor":1.0,"key":"SkillPotion"},{"floor":10,"key":"DistilledChaos"},{"floor":12,"key":"BottledMiracle"},{"floor":16,"key":"SmokeBomb"},{"floor":17,"key":"Strength Potion"},{"floor":18,"key":"Fruit Juice"},{"floor":19,"key":"Block Potion"}],"is_trial":false,"path_per_floor":["M","M","?","M","?","E","R","E","T","M","$","E","R","M","R","B",null,"M","M","M","?","?","R","?","R","T","$","R","M"],"character_chosen":"WATCHER","items_purchased":["BowlingBash","Membership Card","LikeWater"],"campfire_rested":2,"item_purchase_floors":[11,27,27],"current_hp_per_floor":[61,61,61,45,45,38,38,38,38,22,22,22,22,22,22,24,62,53,53,30,24,3,26,4,28,28,28,28,30,30],"gold":14,"neow_bonus":"UPGRADE_CARD","is_daily":false,"chose_seed":false,"campfire_upgraded":4,"win_rate":0.0,"timestamp":1610619537,"path_taken":["M","M","?","?","?","E","R","E","T","M","?","E","R","M","R","BOSS","M","M","M","?","?","R","?","R","T","$","R","M"],"items_purchased_type":["Card","Relic","Card"],"build_version":"2020-12-22","purchased_purges":1,"victory":false,"max_hp_per_floor":[68,68,68,68,68,68,68,68,68,68,68,68,68,68,68,68,73,78,78,78,78,78,78,83,83,83,83,83,83,83],"card_choices":[{"not_picked":["Swivel","Protect"],"picked":"ClearTheMind","floor":1.0},{"not_picked":["Nirvana","Crescendo"],"picked":"FlurryOfBlows","floor":2.0},{"not_picked":["ThirdEye","ClearTheMind"],"picked":"Ragnarok","floor":4.0},{"not_picked":["ThirdEye","Worship"],"picked":"CarveReality","floor":6.0},{"not_picked":["BattleHymn","Indignation"],"picked":"EmptyFist","floor":8.0},{"not_picked":["Prostrate","Study"],"picked":"LikeWater","floor":10},{"not_picked":["Consecrate","MasterReality"],"picked":"FearNoEvil","floor":12},{"not_picked":["Evaluate","BowlingBash","ClearTheMind"],"picked":"SKIP","floor":14},{"not_picked":["Establishment","Brilliance"],"picked":"Blasphemy","floor":16},{"not_picked":["Pray","BattleHymn"],"picked":"Swivel","floor":17},{"not_picked":["EmptyFist","BowlingBash"],"picked":"EmptyMind","floor":18},{"not_picked":["Wireheading","Prostrate"],"picked":"ReachHeaven","floor":19},{"not_picked":["Sanctity+1","WheelKick"],"picked":"WreathOfFlame","floor":20},{"not_picked":["Wireheading","EmptyMind+1"],"picked":"EmptyBody","floor":23},{"not_picked":["Protect","ThirdEye"],"picked":"Tantrum","floor":25}],"player_experience":2026196,"relics_obtained":[{"floor":6.0,"key":"Letter Opener"},{"floor":8.0,"key":"Dream Catcher"},{"floor":9.0,"key":"Matryoshka"},{"floor":12,"key":"Bird Faced Urn"},{"floor":22,"key":"Enchiridion"},{"floor":26,"key":"Centennial Puzzle"},{"floor":26,"key":"Ginger"}],"event_choices":[{"cards_removed":["Defend_P"],"damage_healed":0.0,"max_hp_gain":0.0,"max_hp_loss":0.0,"gold_gain":0.0,"event_name":"Bonfire Elementals","player_choice":"Offered Basic","floor":3.0,"gold_loss":0.0,"damage_taken":0.0},{"damage_healed":0.0,"max_hp_gain":0.0,"max_hp_loss":0.0,"gold_gain":0.0,"event_name":"WeMeetAgain","player_choice":"Paid Gold","floor":5.0,"gold_loss":74.0,"damage_taken":0.0,"relics_obtained":["Gremlin Horn"]},{"damage_healed":0,"gold_gain":0,"player_choice":"Joined the Cult","damage_taken":6,"max_hp_gain":0,"max_hp_loss":0,"event_name":"Nest","floor":21,"gold_loss":0,"cards_obtained":["RitualDagger"]},{"damage_healed":0,"gold_gain":0,"player_choice":"Obtained Book","damage_taken":21,"max_hp_gain":0,"max_hp_loss":0,"event_name":"Cursed Tome","floor":22,"gold_loss":0},{"damage_healed":0,"gold_gain":0,"player_choice":"Shed Blood","damage_taken":27,"max_hp_gain":5,"max_hp_loss":0,"event_name":"Forgotten Altar","floor":24,"gold_loss":0}],"is_beta":false,"boss_relics":[{"not_picked":["Busted Crown","Velvet Choker"],"picked":"Tiny House"}],"items_purged_floors":[11],"is_endless":false,"potions_floor_spawned":[1,10,12,16,18,19],"killed_by":"Snake Plant","ascension_level":20}}