{"host":"sxnl403xm2xmiyj1","time":1610620163,"event":{"mods":["AchievementEnabler","BaseMod","Colored Map","Keyboard Shortcuts","Minty Spire (QoL Compilation)","Quick Restart","StSLib","SuperFastMode"],"gold_per_floor":[111,8,18,18,32,32,32,32,32,66,86,100,100,100,100,178,178,197,197,216,37,37,37,37,37,37],"floor_reached":25,"language":"KOR","playtime":468,"items_purged":["Normality"],"score":486,"play_id":"62047025-836b-4839-87fe-f8e21b104f02","local_time":"20210114192923","is_ascension_mode":true,"campfire_choices":[{"floor":6.0,"key":"REST"},{"floor":8.0,"key":"REST"},{"data":"Zap","floor":13.0,"key":"SMITH"},{"data":"Barrage","floor":15.0,"key":"SMITH"},{"floor":23.0,"key":"REST"}],"circlet_count":0,"master_deck":["AscendersBane","Strike_B+1","Defend_B","Defend_B","Defend_B","Zap+1","Dualcast","Thunder Strike+1","Rebound","Beam Cell","Ball Lightning","Seek","Compile Driver","Barrage+1","Tempest+1","Creative AI","Heatsinks+1","Self Repair+1","Fusion","Lockon","Loop","Bandage Up","Capacitor","Aggregate"],"relics":["Cracked Core","Orichalcum","Nunchaku","Bottled Lightning","Astrolabe"],"acts_visited":["Exordium","TheCity"],"potions_floor_usage":[],"damage_taken":[{"damage":12.0,"enemies":"Jaw Worm","floor":1.0,"turns":3.0},{"damage":3.0,"enemies":"2 Louse","floor":3.0,"turns":3.0},{"damage":11.0,"enemies":"Small Slimes","floor":5.0,"turns":3.0},{"damage":13.0,"enemies":"3 Sentries","floor":10.0,"turns":5.0},{"damage":1.0,"enemies":"2 Fungi Beasts","floor":11.0,"turns":2.0},{"damage":0.0,"enemies":"3 Louse","floor":12.0,"turns":2.0},{"damage":0.0,"enemies":"Slime Boss","floor":16.0,"turns":6.0},{"damage":32.0,"enemies":"Chosen","floor":18.0,"turns":5.0},{"damage":33.0,"enemies":"Shell Parasite","floor":20.0,"turns":4.0},{"damage":23,"enemies":"Slavers","floor":25,"turns":2}],"seed_played":"754589511488327906","potions_obtained":[{"floor":3.0,"key":"Fire Potion"},{"floor":11.0,"key":"Ancient Potion"},{"floor":16.0,"key":"Fire Potion"},{"floor":18.0,"key":"Fire Potion"},{"floor":20.0,"key":"Dexterity Potion"}],"is_trial":false,"path_per_floor":["M","$","M","?","M","R","?","R","T","E","M","M","R","?","R","B",null,"M","?","M","$","?","R","?","E"],"character_chosen":"DEFECT","items_purchased":["Beam Cell","Loop","Bandage Up"],"campfire_rested":3,"item_purchase_floors":[2,21,21],"current_hp_per_floor":[52,52,49,23,12,33,12,33,33,20,19,19,19,19,19,19,58,36,36,13,13,13,34,34,11,11],"gold":37,"neow_bonus":"THREE_RARE_CARDS","is_daily":false,"chose_seed":false,"campfire_upgraded":2,"win_rate":0.0,"timestamp":1610620163,"path_taken":["M","$","M","?","M","R","?","R","T","E","M","M","R","?","R","BOSS","M","?","M","$","?","R","?","E"],"items_purchased_type":["Card","Card","Card"],"build_version":"2020-12-22","purchased_purges":1,"victory":false,"max_hp_per_floor":[71,71,71,71,71,71,71,71,71,71,71,71,71,71,71,71,71,71,71,71,71,71,71,71,71,71],"card_choices":[{"not_picked":["Biased Cognition","Machine Learning"],"picked":"Thunder Strike","floor":0.0},{"not_picked":["Gash","Steam Power"],"picked":"Rebound","floor":1.0},{"not_picked":["Chaos","Reinforced Body"],"picked":"Ball Lightning","floor":3.0},{"not_picked":["Chaos","Turbo"],"picked":"Seek","floor":5.0},{"not_picked":["Cold Snap","Turbo"],"picked":"Compile Driver","floor":10.0},{"not_picked":["BootSequence","Leap"],"picked":"Barrage","floor":11.0},{"not_picked":["Leap","Go for the Eyes"],"picked":"Tempest","floor":12.0},{"not_picked":["Hyperbeam","Amplify"],"picked":"Creative AI","floor":16.0},{"not_picked":["Sunder+1","Steam Power"],"picked":"Fusion","floor":18.0},{"not_picked":["Undo","Turbo"],"picked":"Lockon","floor":20.0}],"player_experience":167257,"relics_obtained":[{"floor":9.0,"key":"Nunchaku"},{"floor":10.0,"key":"Bottled Lightning"}],"event_choices":[{"damage_healed":0.0,"max_hp_gain":0.0,"max_hp_loss":0.0,"gold_gain":0.0,"event_name":"Scrap Ooze","player_choice":"Success","floor":4.0,"gold_loss":0.0,"damage_taken":26.0,"relics_obtained":["Orichalcum"]},{"damage_healed":0.0,"max_hp_gain":0.0,"max_hp_loss":0.0,"gold_gain":0.0,"event_name":"Shining Light","player_choice":"Entered Light","floor":7.0,"gold_loss":0.0,"damage_taken":21.0,"cards_upgraded":["Thunder Strike","Strike_B"]},{"damage_healed":0.0,"max_hp_gain":0.0,"max_hp_loss":0.0,"gold_gain":0.0,"event_name":"Living Wall","player_choice":"Grow","floor":14.0,"gold_loss":0.0,"damage_taken":0.0,"cards_upgraded":["Tempest"]},{"damage_healed":0.0,"max_hp_gain":0.0,"max_hp_loss":0.0,"gold_gain":0.0,"event_name":"Cursed Tome","player_choice":"Ignored","floor":19.0,"gold_loss":0.0,"damage_taken":0.0},{"damage_healed":0.0,"max_hp_gain":0.0,"max_hp_loss":0.0,"gold_gain":0.0,"cards_transformed":["Darkness","Defend_B"],"event_name":"Drug Dealer","player_choice":"Became Test Subject","floor":22.0,"gold_loss":0.0,"damage_taken":0.0,"cards_obtained":["Capacitor","Aggregate"]},{"damage_healed":0.0,"max_hp_gain":0.0,"max_hp_loss":0.0,"gold_gain":0.0,"event_name":"The Mausoleum","player_choice":"Ignored","floor":24.0,"gold_loss":0.0,"damage_taken":0.0}],"is_beta":false,"boss_relics":[{"not_picked":["Fusion Hammer","Coffee Dripper"],"picked":"Astrolabe"}],"items_purged_floors":[2],"is_endless":false,"potions_floor_spawned":[3,11,16,18,20],"killed_by":"Slavers","ascension_level":19}}