{"host":"Rowan","time":1610599695,"event":{"mods":["BaseMod","Minty Spire (QoL Compilation)"],"gold_per_floor":[116,116,116,127,127,157,172,204,204,204,169,202,46,62,62,167,167,187,174,89,89,89,89,89,89],"floor_reached":24,"language":"ENG","playtime":1010,"items_purged":["Strike_G"],"score":287,"play_id":"b1e49476-f36d-4405-a88f-aeb74cdeca8d","local_time":"20210113204815","is_ascension_mode":false,"campfire_choices":[{"floor":10,"key":"RECALL"},{"data":"Footwork","floor":15,"key":"SMITH"},{"data":"Envenom","floor":23,"key":"SMITH"}],"circlet_count":0,"master_deck":["Strike_G","Strike_G","Defend_G","Defend_G","Defend_G","Defend_G+1","Defend_G","Survivor","Neutralize+1","Outmaneuver+1","Dagger Throw","After Image","Cloak And Dagger","Dagger Spray","Slice","Footwork+1","Poisoned Stab","Envenom+1","Backflip+1","Sucker Punch","Well Laid Plans+1","Footwork+1"],"relics":["Ring of the Snake","NeowsBlessing","Shuriken","Du-Vu Doll","Bag of Marbles","Empty Cage","Frozen Egg 2"],"acts_visited":["Exordium","TheCity"],"potions_floor_usage":[8,16],"damage_taken":[{"damage":0,"enemies":"Jaw Worm","floor":1,"turns":1},{"damage":0,"enemies":"Small Slimes","floor":4,"turns":1},{"damage":0,"enemies":"Gremlin Nob","floor":6,"turns":1},{"damage":0,"enemies":"2 Louse","floor":7,"turns":3},{"damage":17,"enemies":"Lagavulin","floor":8,"turns":7},{"damage":13,"enemies":"3 Sentries","floor":12,"turns":9},{"damage":0,"enemies":"2 Fungi Beasts","floor":14,"turns":3},{"damage":0,"enemies":"Slime Boss","floor":16,"turns":9},{"damage":9,"enemies":"Spheric Guardian","floor":18,"turns":7},{"damage":16,"enemies":"2 Thieves","floor":19,"turns":4},{"damage":55,"enemies":"Gremlin Leader","floor":24,"turns":7}],"seed_played":"5544605099307152103","potions_obtained":[{"floor":1,"key":"LiquidBronze"},{"floor":6,"key":"SmokeBomb"},{"floor":8,"key":"SpeedPotion"},{"floor":14,"key":"Energy Potion"}],"is_trial":false,"path_per_floor":["M","?","?","M","?","E","M","E","T","R","?","E","$","M","R","B",null,"M","M","?","?","?","R","E"],"character_chosen":"THE_SILENT","items_purchased":["Footwork"],"campfire_rested":0,"item_purchase_floors":[13],"current_hp_per_floor":[70,70,56,56,61,61,61,44,44,44,62,49,49,49,49,49,75,66,50,50,50,50,50,0,0],"gold":89,"neow_bonus":"THREE_ENEMY_KILL","is_daily":false,"chose_seed":false,"campfire_upgraded":2,"win_rate":0.0,"timestamp":1610599695,"path_taken":["M","?","?","M","?","E","M","E","T","R","?","E","$","M","R","BOSS","M","M","?","?","?","R","E"],"items_purchased_type":["Card"],"build_version":"2020-12-18","purchased_purges":1,"victory":false,"max_hp_per_floor":[70,70,70,70,75,75,75,75,75,75,75,75,75,75,75,75,75,75,75,75,75,75,75,75,75],"card_choices":[{"not_picked":["Slice","Choke"],"picked":"Outmaneuver","floor":1},{"not_picked":["Acrobatics","Dagger Spray"],"picked":"Dagger Throw","floor":4},{"not_picked":["Escape Plan","Endless Agony"],"picked":"After Image","floor":6},{"not_picked":["Heel Hook","Blade Dance"],"picked":"Cloak And Dagger","floor":7},{"not_picked":["Prepared","Flechettes"],"picked":"Dagger Spray","floor":8},{"not_picked":["Prepared","Predator"],"picked":"Slice","floor":12},{"not_picked":["Prepared","Concentrate"],"picked":"Poisoned Stab","floor":14},{"not_picked":["Storm of Steel","Burst"],"picked":"Envenom","floor":16},{"not_picked":["Heel Hook","Deflect"],"picked":"Backflip+1","floor":18},{"not_picked":["Underhanded Strike","Outmaneuver"],"picked":"Sucker Punch","floor":19}],"player_experience":360671,"relics_obtained":[{"floor":6,"key":"Shuriken"},{"floor":8,"key":"Du-Vu Doll"},{"floor":12,"key":"Bag of Marbles"}],"event_choices":[{"damage_healed":0,"gold_gain":0,"player_choice":"Grow","damage_taken":0,"max_hp_gain":0,"max_hp_loss":0,"event_name":"Living Wall","floor":2,"gold_loss":0,"cards_upgraded":["Outmaneuver"]},{"damage_healed":0,"gold_gain":0,"player_choice":"Entered Light","damage_taken":14,"max_hp_gain":0,"max_hp_loss":0,"event_name":"Shining Light","floor":3,"gold_loss":0,"cards_upgraded":["Neutralize","Defend_G"]},{"damage_healed":0,"gold_gain":0,"player_choice":"Donut","damage_taken":0,"max_hp_gain":5,"max_hp_loss":0,"event_name":"Big Fish","floor":5,"gold_loss":0},{"damage_healed":18,"gold_gain":0,"player_choice":"Healed","damage_taken":0,"max_hp_gain":0,"max_hp_loss":0,"event_name":"The Cleric","floor":11,"gold_loss":35},{"damage_healed":0,"gold_gain":0,"player_choice":"Obtained Relic","damage_taken":0,"relics_obtained":["Frozen Egg 2"],"max_hp_gain":0,"max_hp_loss":0,"event_name":"Addict","floor":20,"gold_loss":85},{"damage_healed":0,"gold_gain":0,"player_choice":"Read","damage_taken":0,"max_hp_gain":0,"max_hp_loss":0,"event_name":"The Library","floor":21,"gold_loss":0,"cards_obtained":["Well Laid Plans"]},{"damage_healed":0,"gold_gain":0,"player_choice":"Copied","damage_taken":0,"max_hp_gain":0,"max_hp_loss":0,"event_name":"Duplicator","floor":22,"gold_loss":0,"cards_obtained":["Footwork"]}],"is_beta":true,"boss_relics":[{"not_picked":["Philosopher\u0027s Stone","Ectoplasm"],"picked":"Empty Cage"}],"items_purged_floors":[13],"is_endless":false,"potions_floor_spawned":[1,6,8,14],"killed_by":"Gremlin Leader","ascension_level":0}}