{"host":"jggt5i9rbuoqvque","time":1610587137,"event":{"mods":["BaseMod","Colored Map","Minty Spire (QoL Compilation)","StSLib"],"gold_per_floor":[115,125,125,144,69,69,86,86,86,86,86],"floor_reached":10,"language":"KOR","playtime":253,"items_purged":["Regret"],"score":73,"play_id":"9309c700-c298-4186-bc79-01a230fac78b","local_time":"20210114101857","is_ascension_mode":true,"campfire_choices":[{"data":"Acrobatics","floor":6.0,"key":"SMITH"},{"data":"Cloak And Dagger","floor":8,"key":"SMITH"}],"circlet_count":0,"master_deck":["Strike_G","Strike_G","Strike_G","Strike_G","Strike_G","Defend_G","Defend_G","Defend_G","Defend_G","Defend_G","Survivor","Neutralize","Cloak And Dagger+1","Acrobatics+1"],"relics":["Black Star","Turnip","Shovel"],"acts_visited":["Exordium"],"potions_floor_usage":[10],"damage_taken":[{"damage":1.0,"enemies":"2 Louse","floor":1.0,"turns":3.0},{"damage":3.0,"enemies":"Small Slimes","floor":2.0,"turns":4.0},{"damage":12.0,"enemies":"Jaw Worm","floor":4.0,"turns":4.0},{"damage":0,"enemies":"Exordium Wildlife","floor":7,"turns":6},{"damage":68,"enemies":"Lagavulin","floor":10,"turns":9}],"seed_played":"-2137138300400357071","potions_obtained":[{"floor":1.0,"key":"Swift Potion"},{"floor":2.0,"key":"DuplicationPotion"}],"is_trial":false,"path_per_floor":["M","M","?","M","$","R","M","R","T","E"],"character_chosen":"THE_SILENT","items_purchased":[],"campfire_rested":0,"item_purchase_floors":[],"current_hp_per_floor":[69,66,66,54,54,54,54,54,54,0,0],"gold":86,"neow_bonus":"BOSS_RELIC","is_daily":false,"chose_seed":false,"campfire_upgraded":2,"win_rate":0.0,"timestamp":1610587137,"path_taken":["M","M","?","M","$","R","M","R","T","E"],"items_purchased_type":[],"build_version":"2020-12-22","purchased_purges":1,"victory":false,"max_hp_per_floor":[70,70,70,70,70,70,70,70,70,70,70],"card_choices":[{"not_picked":["Dash","Slice"],"picked":"Cloak And Dagger","floor":1.0},{"not_picked":["Blade Dance","Dagger Spray"],"picked":"Acrobatics","floor":2.0},{"not_picked":["Choke","Flying Knee","Deflect"],"picked":"SKIP","floor":4.0},{"not_picked":["Skewer","Crippling Poison","Acrobatics"],"picked":"SKIP","floor":7}],"player_experience":336257,"relics_obtained":[{"floor":9,"key":"Shovel"}],"event_choices":[{"damage_healed":0.0,"max_hp_gain":0.0,"max_hp_loss":0.0,"gold_gain":0.0,"event_name":"Big Fish","player_choice":"Box","floor":3.0,"gold_loss":0.0,"damage_taken":0.0,"relics_obtained":["Turnip"],"cards_obtained":["Regret"]}],"is_beta":false,"boss_relics":[],"items_purged_floors":[5],"is_endless":false,"potions_floor_spawned":[1,2],"killed_by":"Lagavulin","ascension_level":5}}