{"host":"21h5e52imz35vo8g","time":1610613328,"event":{"mods":["AchievementEnabler","BaseMod","Colored Map","Colored Powertips","Googly Eyes","Minty Spire (QoL Compilation)","Quick Restart","Rare Cards Sparkle","StSLib"],"gold_per_floor":[115,40,40,40,40,71,71,104,177,177,187,207,62,75,75,170,170,180,55,68,85,85,85,95,95,95],"floor_reached":25,"language":"ZHS","playtime":927,"items_purged":["Dualcast","Strike_B","Strike_B"],"score":299,"play_id":"f926d5e2-8b7c-4edb-9504-c42888cac8af","local_time":"20210114163528","is_ascension_mode":true,"campfire_choices":[{"data":"Recycle","floor":7,"key":"SMITH"},{"data":"Skim","floor":15,"key":"SMITH"},{"data":"Gash","floor":23,"key":"SMITH"}],"circlet_count":0,"master_deck":["Strike_B","Strike_B","Defend_B","Defend_B","Defend_B","Defend_B","Gash+1","Recycle+1","Self Repair+1","Echo Form+1","Gash","Skim+1","All For One","Heatsinks+1","Gash","Gash"],"relics":["Cracked Core","NeowsBlessing","CultistMask","Vajra","Juzu Bracelet","Frozen Egg 2","SlaversCollar"],"acts_visited":["Exordium","TheCity"],"potions_floor_usage":[14,16,16,20,20,24,25],"damage_taken":[{"damage":0,"enemies":"Small Slimes","floor":1,"turns":1},{"damage":0,"enemies":"Gremlin Nob","floor":6,"turns":1},{"damage":0,"enemies":"3 Sentries","floor":8,"turns":1},{"damage":7,"enemies":"2 Louse","floor":11,"turns":2},{"damage":6,"enemies":"Cultist","floor":12,"turns":3},{"damage":18,"enemies":"Lots of Slimes","floor":14,"turns":3},{"damage":46,"enemies":"Hexaghost","floor":16,"turns":9},{"damage":17,"enemies":"Shell Parasite","floor":18,"turns":4},{"damage":5,"enemies":"3 Byrds","floor":20,"turns":4},{"damage":47,"enemies":"Centurion and Healer","floor":21,"turns":5},{"damage":10,"enemies":"Chosen and Byrds","floor":24,"turns":3},{"damage":31,"enemies":"Slavers","floor":25,"turns":3}],"seed_played":"-6728275205454218203","potions_obtained":[{"floor":11,"key":"PotionOfCapacity"},{"floor":12,"key":"AttackPotion"},{"floor":14,"key":"EntropicBrew"},{"floor":21,"key":"SkillPotion"},{"floor":24,"key":"AttackPotion"}],"is_trial":false,"path_per_floor":["M","$","?","?","?","E","R","E","T","?","M","M","$","M","R","B",null,"M","$","M","M","?","R","M","E"],"character_chosen":"DEFECT","items_purchased":["Gash"],"campfire_rested":0,"item_purchase_floors":[13],"current_hp_per_floor":[75,75,75,75,75,75,75,75,75,75,68,72,72,64,64,38,75,68,68,73,46,46,46,56,25,25],"gold":95,"neow_bonus":"THREE_ENEMY_KILL","is_daily":false,"chose_seed":false,"campfire_upgraded":3,"win_rate":0.0,"timestamp":1610613328,"path_taken":["M","$","?","?","?","E","R","E","T","?","M","M","$","M","R","BOSS","M","?","M","M","?","R","M","E"],"items_purchased_type":["Card"],"build_version":"2020-12-22","purchased_purges":3,"victory":false,"max_hp_per_floor":[75,75,75,75,75,75,75,75,75,75,75,75,75,75,75,75,75,75,75,75,75,75,75,75,75,75],"card_choices":[{"not_picked":["Redo","Loop"],"picked":"Gash","floor":1},{"not_picked":["Aggregate","Double Energy"],"picked":"Recycle","floor":6},{"not_picked":["Stack","Leap","Aggregate"],"picked":"SKIP","floor":8},{"not_picked":["Darkness","Redo"],"picked":"Self Repair+1","floor":11},{"not_picked":["Sweeping Beam","Compile Driver"],"picked":"Echo Form+1","floor":12},{"not_picked":["Auto Shields","FTL"],"picked":"Skim","floor":14},{"not_picked":["Thunder Strike","Buffer+1"],"picked":"All For One","floor":16},{"not_picked":["Compile Driver","Barrage"],"picked":"Heatsinks+1","floor":18},{"not_picked":["Leap","Auto Shields+1"],"picked":"Gash","floor":20},{"not_picked":["Auto Shields","Cold Snap"],"picked":"Gash","floor":21},{"not_picked":["Barrage","Go for the Eyes","Cold Snap"],"picked":"SKIP","floor":24}],"player_experience":329509,"relics_obtained":[{"floor":6,"key":"Vajra"},{"floor":8,"key":"Juzu Bracelet"},{"floor":9,"key":"Frozen Egg 2"}],"event_choices":[{"cards_removed":["Zap"],"damage_healed":0,"gold_gain":0,"player_choice":"Forget","damage_taken":0,"max_hp_gain":0,"max_hp_loss":0,"event_name":"Living Wall","floor":3,"gold_loss":0},{"damage_healed":0,"gold_gain":0,"player_choice":"Leave","damage_taken":0,"max_hp_gain":0,"max_hp_loss":0,"event_name":"The Cleric","floor":4,"gold_loss":0},{"damage_healed":0,"gold_gain":0,"player_choice":"Trade","damage_taken":0,"relics_obtained":["CultistMask"],"max_hp_gain":0,"max_hp_loss":0,"event_name":"FaceTrader","floor":5,"gold_loss":0},{"damage_healed":0,"gold_gain":0,"player_choice":"Full Heal","damage_taken":0,"max_hp_gain":0,"max_hp_loss":0,"event_name":"Wheel of Change","floor":10,"gold_loss":0},{"damage_healed":0,"gold_gain":0,"player_choice":"Ignored","damage_taken":0,"max_hp_gain":0,"max_hp_loss":0,"event_name":"Ghosts","floor":22,"gold_loss":0}],"is_beta":false,"boss_relics":[{"not_picked":["Snecko Eye","Sozu"],"picked":"SlaversCollar"}],"items_purged_floors":[2,13,19],"is_endless":false,"potions_floor_spawned":[11,12,14,16,21,24],"killed_by":"Slavers","ascension_level":1}}