{"host":"52jmisti11ysmja4","time":1610655333,"event":{"mods":["Aspiration","BaseMod","Better Third Choice","Minty Spire (QoL Compilation)","Remove Card Discount Mod","StSLib","The Bladedancer"],"gold_per_floor":[116,126,37,48,67,100,114,141,141,63,63,97,116,132,132,230,230,245,245,264,264,264,262,297,329,329,729,729,759,759,771,771,871,871,871],"floor_reached":34,"language":"ENG","playtime":4410,"items_purged":["blademaster:Defend","blademaster:Defend","blademaster:Defend","blademaster:Defend","blademaster:Strike","blademaster:Strike","blademaster:Strike","blademaster:Strike","Shame"],"score":696,"play_id":"2978d8f0-8f64-4885-be02-41593fde89c7","local_time":"20210114121533","is_ascension_mode":true,"campfire_choices":[{"data":"blademaster:EyeOfTheTornado","floor":11,"key":"SMITH"},{"data":"blademaster:EyeOfTheTornado","floor":15,"key":"SMITH"},{"data":"blademaster:BladeMastery","floor":30,"key":"SMITH"},{"data":"blademaster:CombatPrep","floor":32,"key":"SMITH"}],"circlet_count":0,"master_deck":["AscendersBane","blademaster:RagingBlow","blademaster:HighVoltage","blademaster:Gust","blademaster:CombatPrep+1","blademaster:EyeOfTheTornado+1","blademaster:Havoc","blademaster:AirSlash","blademaster:ChargingUp+1","blademaster:EyeOfTheTornado+1","blademaster:Blockade","blademaster:Flurry","blademaster:Slice","blademaster:Frontflip","blademaster:AirSlash","blademaster:EnchantedCuirass","blademaster:EnchantedCuirass","blademaster:BladeMastery+1","blademaster:CombatPrep+1","blademaster:Stability+1","blademaster:Stability+1","blademaster:AwakeningStrike+1","blademaster:StanceMastery+1"],"relics":["blademaster:DancersAmulet","Anchor","Gremlin Horn","War Paint","Bronze Scales","Boot","aspiration:RitualDagger","Oddly Smooth Stone","Juzu Bracelet","Happy Flower","Red Mask","Shuriken","Old Coin","Pantograph","Frozen Egg 2"],"acts_visited":["Exordium","TheCity"],"potions_floor_usage":[7,8,8,14],"damage_taken":[{"damage":0,"enemies":"2 Louse","floor":1,"turns":3},{"damage":3,"enemies":"Jaw Worm","floor":2,"turns":4},{"damage":0,"enemies":"Small Slimes","floor":4,"turns":3},{"damage":0,"enemies":"Looter","floor":5,"turns":2},{"damage":11,"enemies":"Lagavulin","floor":6,"turns":4},{"damage":0,"enemies":"Large Slime","floor":7,"turns":2},{"damage":2,"enemies":"Gremlin Nob","floor":8,"turns":3},{"damage":0,"enemies":"Lagavulin","floor":12,"turns":4},{"damage":3,"enemies":"Blue Slaver","floor":13,"turns":3},{"damage":0,"enemies":"Looter","floor":14,"turns":2},{"damage":9,"enemies":"Hexaghost","floor":16,"turns":5},{"damage":9,"enemies":"Chosen","floor":18,"turns":3},{"damage":6,"enemies":"3 Byrds","floor":20,"turns":3},{"damage":50,"enemies":"Book of Stabbing","floor":24,"turns":6},{"damage":34,"enemies":"Masked Bandits","floor":25,"turns":3},{"damage":9,"enemies":"Colosseum Slavers","floor":27,"turns":3},{"damage":20,"enemies":"Colosseum Nobs","floor":27,"turns":3},{"damage":29,"enemies":"Gremlin Leader","floor":29,"turns":4},{"damage":8,"enemies":"Shelled Parasite and Fungi","floor":31,"turns":3},{"damage":33,"enemies":"Champ","floor":33,"turns":6}],"seed_played":"6159317085915883222","potions_obtained":[{"floor":4,"key":"ColorlessPotion"},{"floor":5,"key":"ColorlessPotion"},{"floor":7,"key":"Weak Potion"},{"floor":13,"key":"Fire Potion"},{"floor":14,"key":"Ancient Potion"},{"floor":16,"key":"SmokeBomb"},{"floor":18,"key":"LiquidBronze"},{"floor":24,"key":"LiquidMemories"}],"is_trial":false,"path_per_floor":["M","M","$","M","M","E","M","E","T","$","R","E","M","M","R","B",null,"M","$","M","?","?","$","E","?","T","?","?","E","R","M","R","B",null],"character_chosen":"THE_BLADEMASTER","items_purchased":["blademaster:EyeOfTheTornado","blademaster:Flurry","blademaster:Slice"],"campfire_rested":0,"item_purchase_floors":[3,10,10],"current_hp_per_floor":[68,65,65,65,65,54,54,52,52,52,52,52,49,49,49,58,71,62,62,62,62,62,62,23,73,73,67,75,66,66,75,75,75,75,75],"gold":871,"neow_bonus":"RANDOM_COMMON_RELIC","is_daily":false,"chose_seed":false,"campfire_upgraded":4,"win_rate":0.0,"timestamp":1610655333,"path_taken":["M","M","$","M","M","E","M","E","T","$","R","E","M","M","R","BOSS","M","$","M","?","?","$","E","?","T","?","?","E","R","M","R","BOSS"],"items_purchased_type":["Card","Card","Card"],"build_version":"2020-12-22","purchased_purges":9,"victory":false,"max_hp_per_floor":[75,75,75,75,75,75,75,75,75,75,75,75,75,75,75,75,75,75,75,75,75,75,75,75,75,75,75,75,75,75,75,75,75,75,75],"card_choices":[{"not_picked":["blademaster:ParryingStrike","blademaster:TraverseCut"],"picked":"blademaster:Gust","floor":1},{"not_picked":["blademaster:AwakeningDefend","blademaster:Sunder"],"picked":"blademaster:CombatPrep","floor":2},{"not_picked":["blademaster:ParryingStrike","blademaster:AirSlash"],"picked":"blademaster:Havoc","floor":4},{"not_picked":["blademaster:BladeCross","blademaster:Overcharge"],"picked":"blademaster:AirSlash","floor":5},{"not_picked":["blademaster:BladeMastery","blademaster:Momentum"],"picked":"blademaster:ChargingUp","floor":6},{"not_picked":["blademaster:IcyWind","blademaster:DragonStrike"],"picked":"blademaster:EyeOfTheTornado","floor":7},{"not_picked":["blademaster:IcyWind","blademaster:CloudOfSteel"],"picked":"blademaster:Blockade","floor":8},{"not_picked":["blademaster:Quickstep","blademaster:Rupture"],"picked":"blademaster:Frontflip","floor":12},{"not_picked":["blademaster:BloodyBlow","blademaster:BladeCross"],"picked":"blademaster:AirSlash","floor":13},{"not_picked":["blademaster:BloodyBlow","blademaster:Meditate"],"picked":"blademaster:EnchantedCuirass","floor":14},{"not_picked":["blademaster:UnrelentingWind","blademaster:BladeDance"],"picked":"blademaster:EnchantedCuirass","floor":16},{"not_picked":["blademaster:AwakeningStrike","blademaster:OneTrickPony+1"],"picked":"blademaster:BladeMastery","floor":18},{"not_picked":["blademaster:Gust","blademaster:EyeOfTheTornado"],"picked":"blademaster:CombatPrep","floor":20},{"not_picked":["blademaster:AncestralHealing","blademaster:DragonStrike","blademaster:Reversal"],"picked":"SKIP","floor":24},{"not_picked":["blademaster:AwakeningStrike","blademaster:Thrust"],"picked":"blademaster:Stability+1","floor":25},{"not_picked":["blademaster:DancingEdge","blademaster:ChargingUp"],"picked":"blademaster:Stability+1","floor":29},{"not_picked":["blademaster:SlyStabs","blademaster:Sunder"],"picked":"blademaster:AwakeningStrike+1","floor":31},{"not_picked":["blademaster:CloudOfSteel","blademaster:FlockOfBlades+1"],"picked":"blademaster:StanceMastery+1","floor":33}],"player_experience":569945,"relics_obtained":[{"floor":6,"key":"Gremlin Horn"},{"floor":6,"key":"blademaster:FuryEveryTurnPerk"},{"floor":8,"key":"War Paint"},{"floor":8,"key":"blademaster:WindChargePerk"},{"floor":9,"key":"Bronze Scales"},{"floor":12,"key":"Boot"},{"floor":12,"key":"blademaster:StrongPerk"},{"floor":24,"key":"Happy Flower"},{"floor":24,"key":"blademaster:ComboEveryTurnPerk"},{"floor":25,"key":"Red Mask"},{"floor":26,"key":"Shuriken"},{"floor":27,"key":"Old Coin"},{"floor":27,"key":"blademaster:LightningChargePerk"},{"floor":27,"key":"Pantograph"},{"floor":29,"key":"Frozen Egg 2"},{"floor":29,"key":"blademaster:FinisherDrawCardPerk"}],"event_choices":[{"damage_healed":0,"gold_gain":0,"player_choice":"Opened","damage_taken":0,"relics_obtained":["Oddly Smooth Stone"],"max_hp_gain":0,"max_hp_loss":0,"event_name":"The Mausoleum","floor":21,"gold_loss":0},{"damage_healed":0,"gold_gain":0,"player_choice":"Stole Relic","damage_taken":0,"relics_obtained":["Juzu Bracelet"],"max_hp_gain":0,"max_hp_loss":0,"event_name":"Addict","floor":22,"gold_loss":0,"cards_obtained":["Shame"]},{"damage_healed":0,"gold_gain":0,"player_choice":"Fought Bandits","damage_taken":0,"max_hp_gain":0,"max_hp_loss":0,"event_name":"Masked Bandits","floor":25,"gold_loss":0},{"damage_healed":0,"gold_gain":0,"player_choice":"Fight","damage_taken":0,"max_hp_gain":0,"max_hp_loss":0,"event_name":"Colosseum","floor":27,"gold_loss":0},{"damage_healed":0,"gold_gain":0,"player_choice":"Fought Nobs","damage_taken":0,"max_hp_gain":0,"max_hp_loss":0,"event_name":"Colosseum","floor":27,"gold_loss":0}],"is_beta":false,"boss_relics":[{"not_picked":["aspiration:DefectSkillbook","aspiration:SilentSkillbook"],"picked":"aspiration:RitualDagger"}],"items_purged_floors":[3,3,3,3,3,3,10,10,23],"is_endless":false,"potions_floor_spawned":[4,5,7,13,14,16,18,24,27,29,33],"ascension_level":12}}