{"host":"3oowddqpmj34xmzc","time":1610633002,"event":{"mods":["2.2 Compatiblity","Act Like it!","Arknights The Spire","Aspiration","BaseMod","Better Third Choice","CapriCore","Conspire","Gensokyo","Gold Saver","Gremlin Mod","GungeonMod","Hermit","Koishi","Marisa£®ÏF”Í°°ƒß¿Ì…≥£©","Minty Spire (QoL Compilation)","Pale of the Ancients","Reimu£®≤©¿ˆ¡È√Œ£©","Relic Stats","Remilia£®¿Ÿ√◊¿Ú—«£©","Replay The Spire","Robot Space Explorer","Spicy Shops","StSLib","The Construct","The Gatherer","The Immortal","The Marked","The Poker Player","The Servant 0.9.4","The Vixen","WarShipGirlsR/’ΩΩ¢…Ÿ≈ÆR mod","Yakumo Yukari mod","Youmu£®ªÍ∆«—˝√Œ£©","Yuyuko","[GremlinLeader]The Maniac"],"gold_per_floor":[366,366,386,40,40,66,15,30,30,44,44,60,13,25,25,128,128,148,158,24,24,39,39,64,64,137,137,151,176,17,17,17,115,115,126,180,6,56,71,71,91,110,110,110,137,137,137,0,0,27,27,27],"floor_reached":53,"language":"ZHS","playtime":2872,"items_purged":["Shame","Spreading Infection","Regret"],"score":1035,"play_id":"319071ee-0817-4624-a6e9-e0ae2a16e8ce","local_time":"20210114220322","is_ascension_mode":true,"campfire_choices":[{"floor":11.0,"key":"REST"},{"floor":15.0,"key":"REST"},{"floor":23.0,"key":"REST"},{"floor":25.0,"key":"REST"},{"data":"BestPractice","floor":27.0,"key":"SMITH"},{"data":"Apotheosis","floor":32.0,"key":"SMITH"},{"data":"Panache","floor":40.0,"key":"SMITH"},{"data":"Luminosity","floor":46.0,"key":"SMITH"},{"data":"FloweringNight","floor":49.0,"key":"SMITH"},{"floor":51.0,"key":"REST"}],"circlet_count":0,"master_deck":["conspire:GhostlyStrike","conspire:GhostlyStrike","conspire:GhostlyStrike","conspire:GhostlyDefend","conspire:GhostlyDefend+1","conspire:GhostlyDefend","KidneyShot","Exchange","Starlight","Ricochet","Panache+1","Sunlight","Potential+1","Potential+1","Rearm","Potential+1","FloweringNight+1","FastForward","StarChef","KillingDoll","BestPractice+1","Luminosity+1","Replay:Bootleg Shield Generator","Decay","BottledTime","Defy","Apotheosis+1","FastForward","Defy+1","Reset+1","BottledTime+1","InstantArmor","SilverBlades","Panache+1","Potential+1"],"relics":["Uniform","Lee\u0027s Waffle","DemoMod:LamentConfigurum","Replay:Accelerometer","Simple Rune","Cursed Key","Membership Card","DemoMod:ChaffGrenade","conspire:BottledYoYo","Molten Egg 2","Meat on the Bone","SlaversCollar","FossilizedHelix","Snack Pack","Gambling Chip","ScarletDevilRocket","DollysMirror","Replay:Bottled Eggs"],"acts_visited":["Exordium","TheCity","TheBeyond"],"potions_floor_usage":[52],"damage_taken":[{"damage":2.0,"enemies":"conspire:RoseBush","floor":1.0,"turns":4.0},{"damage":6.0,"enemies":"2 Louse","floor":3.0,"turns":3.0},{"damage":70.0,"enemies":"Lagavulin","floor":6.0,"turns":9.0},{"damage":0.0,"enemies":"Cultist","floor":8.0,"turns":2.0},{"damage":0.0,"enemies":"3 Louse","floor":10.0,"turns":1.0},{"damage":2.0,"enemies":"Exordium Thugs","floor":12.0,"turns":3.0},{"damage":0.0,"enemies":"Looter","floor":14.0,"turns":2.0},{"damage":0.0,"enemies":"Slime Boss","floor":16.0,"turns":4.0},{"damage":0.0,"enemies":"conspire:FuzzyDice","floor":18.0,"turns":5.0},{"damage":0.0,"enemies":"3 Byrds","floor":19.0,"turns":3.0},{"damage":37.0,"enemies":"Shelled Parasite and Fungi","floor":22.0,"turns":4.0},{"damage":10.0,"enemies":"conspire:Head Lice","floor":24.0,"turns":4.0},{"damage":35.0,"enemies":"3 Cultists","floor":28.0,"turns":4.0},{"damage":16.0,"enemies":"Replay:Snechameleon","floor":29.0,"turns":4.0},{"damage":6.0,"enemies":"conspire:MysteriousRune","floor":33.0,"turns":6.0},{"damage":12.0,"enemies":"3 Shapes","floor":35.0,"turns":4.0},{"damage":39.0,"enemies":"2 Orb Walkers","floor":36.0,"turns":4.0},{"damage":0.0,"enemies":"Mind Bloom Boss Battle","floor":38.0,"turns":6.0},{"damage":8.0,"enemies":"3 Darklings","floor":39.0,"turns":3.0},{"damage":0.0,"enemies":"Transient","floor":41.0,"turns":5.0},{"damage":0.0,"enemies":"Spire Growth","floor":42.0,"turns":3.0},{"damage":0.0,"enemies":"Reptomancer","floor":50.0,"turns":3.0},{"damage":15,"enemies":"Awakened One","floor":52,"turns":8}],"seed_played":"-1928300732432699194","potions_obtained":[{"floor":10.0,"key":"Reflective Coating"},{"floor":12.0,"key":"Fire Potion"},{"floor":14.0,"key":"FairyPotion"},{"floor":16.0,"key":"Adrenaline Potion"},{"floor":18.0,"key":"BlessingOfTheForge"},{"floor":28.0,"key":"Toxic Potion"},{"floor":29.0,"key":"Strength Potion"},{"floor":35.0,"key":"Adrenaline Potion"},{"floor":38.0,"key":"Swift Potion"},{"floor":39.0,"key":"Reflective Coating"}],"is_trial":false,"path_per_floor":["M","?","M","$","?","E","$","M","T","M","R","M","$","M","R","B",null,"M","M","$","?","M","R","E","R","T","R","M","E","$","T","R","B",null,"M","?","$","?","M","R","M","M","PTL","PTL","T","R","?","$","R","E","R","B",null],"character_chosen":"THE_SERVANT","items_purchased":["Panache","Lee\u0027s Waffle","Potential","FastForward","Membership Card","Luminosity","Apotheosis","Regen Potion","Snack Pack","SilverBlades","DollysMirror"],"campfire_rested":5,"item_purchase_floors":[4,4,7,13,20,20,30,30,37,48,48],"current_hp_per_floor":[45,45,39,72,72,2,2,2,2,2,23,21,21,21,42,42,65,65,65,65,53,16,37,27,48,48,48,13,21,21,21,21,42,65,53,26,26,46,40,40,52,58,58,58,58,58,58,58,58,60,72,65],"gold":27,"neow_bonus":"TWO_FIFTY_GOLD","is_daily":false,"chose_seed":false,"campfire_upgraded":5,"win_rate":0.0,"timestamp":1610633002,"path_taken":["M","?","M","$","?","E","$","?","T","M","R","M","$","M","R","BOSS","M","M","$","?","M","R","E","R","T","R","M","E","$","?","R","BOSS","M","?","$","?","M","R","M","?","PTL","PTL","T","R","?","$","R","E","R","BOSS"],"items_purchased_type":["Card","Relic","Card","Card","Relic","Card","Card","Potion","Relic","Card","Relic"],"build_version":"2020-12-22","purchased_purges":3,"victory":true,"max_hp_per_floor":[65,65,65,72,72,72,72,72,72,72,72,72,72,72,72,72,72,72,72,72,72,72,72,72,72,72,72,72,72,72,72,72,72,72,72,72,72,72,72,72,72,72,72,72,72,72,72,72,72,72,72,72],"relic_stats":{"Lee\u0027s Waffle":33,"counters":[23,94],"Gambling Chip":[6],"Cursed Key":3,"obtain_stats":[{"Replay:Accelerometer":6,"Lee\u0027s Waffle":4,"ScarletDevilRocket":45,"DemoMod:ChaffGrenade":24,"DemoMod:GlassGuonStoneRelic":8,"Uniform":0,"Cursed Key":17,"SlaversCollar":34,"DollysMirror":48,"Gambling Chip":38,"DemoMod:LamentConfigurum":5,"Simple Rune":9,"Molten Egg 2":29,"conspire:BottledYoYo":26,"Snack Pack":37,"Membership Card":20,"Replay:Bottled Eggs":50,"FossilizedHelix":36,"Meat on the Bone":31},{"Replay:Accelerometer":3,"Lee\u0027s Waffle":2,"ScarletDevilRocket":21,"DemoMod:ChaffGrenade":12,"DemoMod:GlassGuonStoneRelic":4,"Uniform":0,"Cursed Key":8,"SlaversCollar":15,"DollysMirror":21,"Gambling Chip":18,"DemoMod:LamentConfigurum":2,"Simple Rune":4,"Molten Egg 2":14,"conspire:BottledYoYo":12,"Snack Pack":17,"Membership Card":10,"Replay:Bottled Eggs":22,"FossilizedHelix":17,"Meat on the Bone":14},{"Replay:Accelerometer":16,"Lee\u0027s Waffle":7,"ScarletDevilRocket":83,"DemoMod:ChaffGrenade":44,"DemoMod:GlassGuonStoneRelic":18,"Uniform":0,"Cursed Key":28,"SlaversCollar":58,"DollysMirror":83,"Gambling Chip":72,"DemoMod:LamentConfigurum":7,"Simple Rune":18,"Molten Egg 2":52,"conspire:BottledYoYo":44,"Snack Pack":66,"Membership Card":36,"Replay:Bottled Eggs":86,"FossilizedHelix":66,"Meat on the Bone":52}],"Meat on the Bone":36},"card_choices":[{"not_picked":["Potential","Revamp"],"picked":"Starlight","floor":1.0},{"not_picked":["Starlight","Snipe"],"picked":"Ricochet","floor":3.0},{"not_picked":["Rewind","Moonlight"],"picked":"Sunlight","floor":6.0},{"not_picked":["Deadline","BottledTime"],"picked":"Rearm","floor":8.0},{"not_picked":["BottledTime","Gouge"],"picked":"Potential","floor":10.0},{"not_picked":["ReturningBlade","Defy"],"picked":"FloweringNight","floor":12.0},{"not_picked":["ShatteredReality","Ricochet"],"picked":"StarChef","floor":14.0},{"not_picked":["ForgedInTime","Duplication"],"picked":"KillingDoll","floor":16.0},{"not_picked":["Ricochet","Rearm+1"],"picked":"BestPractice","floor":18.0},{"not_picked":["Alleviate","TimeWarp","Sabotage"],"picked":"SKIP","floor":19.0},{"not_picked":["Shuttle","Potential","Starlight"],"picked":"SKIP","floor":22.0},{"not_picked":["Rearm","TheWorld","Sunlight"],"picked":"SKIP","floor":24.0},{"not_picked":["Ricochet+1","Unruled"],"picked":"BottledTime","floor":28.0},{"not_picked":["InstantArmor","FastForward"],"picked":"Defy","floor":29.0},{"not_picked":["Starlight+1","Rewind+1"],"picked":"FastForward","floor":35.0},{"not_picked":["Alleviate+1","Spin+1"],"picked":"Defy+1","floor":36.0},{"not_picked":["Moonlight+1","Foresight"],"picked":"Reset+1","floor":39.0},{"not_picked":["DancingSilver","Rewind+1"],"picked":"BottledTime+1","floor":41.0},{"not_picked":["Read+1","Comet+1"],"picked":"InstantArmor","floor":42.0},{"not_picked":["FastForward+1","WasteNot+1","Potential+1"],"picked":"SKIP","floor":50.0},{"not_picked":["FastForward+1","WasteNot+1"],"picked":"Potential+1","floor":50.0}],"player_experience":220201,"relics_obtained":[{"floor":6.0,"key":"Replay:Accelerometer"},{"floor":9.0,"key":"Simple Rune"},{"floor":24.0,"key":"DemoMod:ChaffGrenade"},{"floor":26.0,"key":"conspire:BottledYoYo"},{"floor":29.0,"key":"Molten Egg 2"},{"floor":31.0,"key":"Meat on the Bone"},{"floor":36.0,"key":"FossilizedHelix"},{"floor":38.0,"key":"Gambling Chip"},{"floor":45.0,"key":"ScarletDevilRocket"},{"floor":50.0,"key":"Replay:Bottled Eggs"}],"event_choices":[{"damage_healed":0.0,"max_hp_gain":0.0,"max_hp_loss":0.0,"gold_gain":0.0,"event_name":"conspire:LoneGhost","player_choice":"Agree","floor":2.0,"gold_loss":0.0,"damage_taken":0.0},{"cards_removed":["conspire:GhostlyStrike"],"damage_healed":0.0,"max_hp_gain":0.0,"max_hp_loss":0.0,"gold_gain":0.0,"event_name":"WeMeetAgain","player_choice":"Gave Card","floor":5.0,"gold_loss":0.0,"damage_taken":0.0,"relics_obtained":["DemoMod:LamentConfigurum"]},{"damage_healed":0.0,"max_hp_gain":0.0,"max_hp_loss":0.0,"gold_gain":0.0,"event_name":"Knowing Skull","player_choice":"CARD ","floor":21.0,"potions_obtained":[],"gold_loss":0.0,"damage_taken":12.0,"cards_obtained":["Replay:Bootleg Shield Generator"]},{"damage_healed":0.0,"max_hp_gain":0.0,"max_hp_loss":0.0,"gold_gain":0.0,"event_name":"Mysterious Sphere","player_choice":"Fight","floor":36.0,"gold_loss":0.0,"damage_taken":0.0},{"damage_healed":0.0,"max_hp_gain":0.0,"max_hp_loss":0.0,"gold_gain":0.0,"event_name":"MindBloom","player_choice":"Fight","floor":38.0,"gold_loss":0.0,"damage_taken":0.0},{"cards_removed":["conspire:GhostlyDefend"],"damage_healed":0.0,"max_hp_gain":0.0,"max_hp_loss":0.0,"gold_gain":0.0,"event_name":"Falling","player_choice":"Removed Skill","floor":47.0,"gold_loss":0.0,"damage_taken":0.0}],"is_beta":false,"boss_relics":[{"not_picked":["Empty Cage","SacredBark"],"picked":"Cursed Key"},{"not_picked":["Replay:Grab Bag","Tiny House"],"picked":"SlaversCollar"}],"items_purged_floors":[20,37,48],"is_endless":false,"potions_floor_spawned":[10,12,14,16,18,22,28,29,35,38,39],"ascension_level":5}}