{"host":"foq4mrde4mssg7vt","time":1610633684,"event":{"mods":["AchievementEnabler","BaseMod","Colored Map","Colored Powertips","Highlight Path","Minty Spire (QoL Compilation)","Relic Stats","everything is the same but u backflip on backflip"],"gold_per_floor":[119,134,134,58,71,89,89,119,201,216,70,104,104,120,120,197,197,209,209,209,223,242,242,258,258,258,258,258],"floor_reached":27,"language":"ENG","playtime":943,"items_purged":[],"score":428,"play_id":"bedbe9d8-e43e-4d32-8f84-60b706a383a9","local_time":"20210114221444","is_ascension_mode":true,"campfire_choices":[{"data":"Bash","floor":7.0,"key":"SMITH"},{"floor":13.0,"key":"REST"},{"data":"Uppercut","floor":15.0,"key":"SMITH"},{"data":"Shockwave","floor":23.0,"key":"SMITH"},{"data":"Feel No Pain","floor":25.0,"key":"SMITH"}],"circlet_count":0,"master_deck":["AscendersBane","Strike_R+1","Strike_R+1","Strike_R","Defend_R","Defend_R","Defend_R","Defend_R","Bash+1","Headbutt","Inflame","Sword Boomerang","Shrug It Off","Feel No Pain+1","Demon Form","Combust","Rupture","Anger","Uppercut+1","Corruption","Shrug It Off","Ghostly","Ghostly","Ghostly","Pommel Strike","Shockwave+1"],"relics":["Burning Blood","Whetstone","Thread and Needle","Regal Pillow","Cursed Key"],"acts_visited":["Exordium","TheCity"],"potions_floor_usage":[],"damage_taken":[{"damage":6.0,"enemies":"Jaw Worm","floor":1.0,"turns":5.0},{"damage":0.0,"enemies":"Cultist","floor":2.0,"turns":3.0},{"damage":1.0,"enemies":"2 Louse","floor":5.0,"turns":3.0},{"damage":13.0,"enemies":"2 Fungi Beasts","floor":6.0,"turns":5.0},{"damage":35.0,"enemies":"Lagavulin","floor":8.0,"turns":6.0},{"damage":8.0,"enemies":"Large Slime","floor":10.0,"turns":8.0},{"damage":25.0,"enemies":"Gremlin Nob","floor":12.0,"turns":4.0},{"damage":0.0,"enemies":"Looter","floor":14.0,"turns":2.0},{"damage":31.0,"enemies":"Slime Boss","floor":16.0,"turns":6.0},{"damage":31.0,"enemies":"Shell Parasite","floor":18.0,"turns":5.0},{"damage":19.0,"enemies":"3 Byrds","floor":21.0,"turns":4.0},{"damage":23.0,"enemies":"3 Cultists","floor":22.0,"turns":6.0},{"damage":3.0,"enemies":"Chosen and Byrds","floor":24.0,"turns":7.0},{"damage":13,"enemies":"Slavers","floor":27,"turns":4}],"seed_played":"2519759327155334829","potions_obtained":[{"floor":1.0,"key":"SmokeBomb"},{"floor":2.0,"key":"SmokeBomb"},{"floor":5.0,"key":"CultistPotion"}],"is_trial":false,"path_per_floor":["M","M","?","$","M","M","R","E","T","M","$","E","R","M","R","B",null,"M","?","?","M","M","R","M","R","T","E"],"character_chosen":"IRONCLAD","items_purchased":["Sword Boomerang","Shrug It Off","Rupture","Anger"],"campfire_rested":1,"item_purchase_floors":[4,4,11,11],"current_hp_per_floor":[68,74,74,74,75,68,68,39,39,37,37,18,55,61,61,36,65,40,37,37,24,7,7,10,10,10,0,0],"gold":258,"neow_bonus":"RANDOM_COMMON_RELIC","is_daily":false,"chose_seed":false,"campfire_upgraded":4,"win_rate":0.0,"timestamp":1610633684,"path_taken":["M","M","?","$","M","M","R","E","T","?","$","E","R","?","R","BOSS","M","?","?","?","M","R","M","R","T","E"],"items_purchased_type":["Card","Card","Card","Card"],"build_version":"2020-12-22","purchased_purges":0,"victory":false,"max_hp_per_floor":[75,75,75,75,75,75,75,75,75,75,75,75,75,75,75,75,75,75,37,37,37,37,37,37,37,37,37,37],"relic_stats":{"Regal Pillow":15,"counters":[14,68],"Whetstone":["Strike_R","Strike_R"],"Cursed Key":0,"obtain_stats":[{"Regal Pillow":12,"Thread and Needle":8,"Whetstone":0,"Cursed Key":17,"Burning Blood":0},{"Regal Pillow":7,"Thread and Needle":5,"Whetstone":0,"Cursed Key":9,"Burning Blood":0},{"Regal Pillow":34,"Thread and Needle":22,"Whetstone":0,"Cursed Key":42,"Burning Blood":0}],"Burning Blood":74},"card_choices":[{"not_picked":["Intimidate","Pommel Strike"],"picked":"Headbutt","floor":1.0},{"not_picked":["Flex","Perfected Strike"],"picked":"Inflame","floor":2.0},{"not_picked":["Thunderclap","Ghostly Armor"],"picked":"Feel No Pain","floor":5.0},{"not_picked":["Dropkick","Body Slam","Flex"],"picked":"SKIP","floor":6.0},{"not_picked":["Headbutt","Wild Strike"],"picked":"Demon Form","floor":8.0},{"not_picked":["Headbutt","Uppercut"],"picked":"Combust","floor":10.0},{"not_picked":["Sword Boomerang","Anger"],"picked":"Uppercut","floor":12.0},{"not_picked":["Twin Strike","Heavy Blade","Havoc"],"picked":"SKIP","floor":14.0},{"not_picked":["Barricade","Double Tap"],"picked":"Corruption","floor":16.0},{"not_picked":["Clash","Hemokinesis"],"picked":"Shrug It Off","floor":18.0},{"not_picked":["Havoc","Sword Boomerang"],"picked":"Pommel Strike","floor":21.0},{"not_picked":["Headbutt","Iron Wave+1"],"picked":"Shockwave","floor":22.0},{"not_picked":["Body Slam","Perfected Strike","Shockwave"],"picked":"SKIP","floor":24.0}],"player_experience":460590,"relics_obtained":[{"floor":8.0,"key":"Thread and Needle"},{"floor":12.0,"key":"Regal Pillow"}],"event_choices":[{"cards_removed":["Strike_R"],"damage_healed":0.0,"max_hp_gain":0.0,"max_hp_loss":0.0,"gold_gain":0.0,"event_name":"Purifier","player_choice":"Purged","floor":3.0,"gold_loss":0.0,"damage_taken":0.0},{"damage_healed":0.0,"max_hp_gain":0.0,"max_hp_loss":38.0,"gold_gain":0.0,"event_name":"Ghosts","player_choice":"Became a Ghost","floor":19.0,"gold_loss":0.0,"damage_taken":0.0,"cards_obtained":["Ghostly","Ghostly","Ghostly"]},{"cards_removed":["Strike_R"],"damage_healed":0.0,"max_hp_gain":0.0,"max_hp_loss":0.0,"gold_gain":0.0,"event_name":"Bonfire Elementals","player_choice":"Offered Basic","floor":20.0,"gold_loss":0.0,"damage_taken":0.0}],"is_beta":false,"boss_relics":[{"not_picked":["Black Blood","Empty Cage"],"picked":"Cursed Key"}],"items_purged_floors":[],"is_endless":false,"potions_floor_spawned":[1,2,5,12,18],"killed_by":"Slavers","ascension_level":18}}