{"host":"r53pw7z744tg3fxg","time":1610647983,"event":{"mods":["AchievementEnabler","BaseMod","Colored Map","Colored Powertips","Highlight Path","Minty Spire (QoL Compilation)","Quick Restart","Transform Curses"],"gold_per_floor":[111,127,138,154,229,229,260,260,260,260,338,338,367,387,387,461,461,461,461,169,169,169,169,169,169,169,169,169,169],"floor_reached":28,"language":"ENG","playtime":1029,"items_purged":[],"score":439,"play_id":"62dcb84e-cfa8-43be-9bba-71a2549d71c8","local_time":"20210114111303","is_ascension_mode":true,"campfire_choices":[{"floor":6,"key":"REST"},{"floor":8,"key":"REST"},{"floor":10,"key":"REST"},{"data":"Eruption","floor":15,"key":"SMITH"},{"floor":24,"key":"REST"}],"circlet_count":0,"master_deck":["AscendersBane","Strike_P","Strike_P","Strike_P","Strike_P","Defend_P","Defend_P","Defend_P+1","Defend_P+1","Eruption+1","Vigilance","Prostrate","Brilliance","DeceiveReality","Worship","BattleHymn","Judgement","CarveReality","SandsOfTime","FollowUp","Decay"],"relics":["PureWater","Lantern","War Paint","Bottled Lightning","Ornamental Fan","Ectoplasm","TungstenRod","Letter Opener","Girya","Kunai"],"acts_visited":["Exordium","TheCity"],"potions_floor_usage":[16,16,23],"damage_taken":[{"damage":0,"enemies":"2 Louse","floor":1,"turns":2},{"damage":7,"enemies":"Jaw Worm","floor":2,"turns":4},{"damage":2,"enemies":"Small Slimes","floor":3,"turns":2},{"damage":3,"enemies":"Blue Slaver","floor":4,"turns":6},{"damage":36,"enemies":"Gremlin Nob","floor":7,"turns":5},{"damage":8,"enemies":"3 Sentries","floor":13,"turns":10},{"damage":0,"enemies":"Large Slime","floor":14,"turns":3},{"damage":36,"enemies":"Hexaghost","floor":16,"turns":8},{"damage":0,"enemies":"3 Byrds","floor":18,"turns":5},{"damage":11,"enemies":"Spheric Guardian","floor":21,"turns":4},{"damage":8,"enemies":"Snecko","floor":22,"turns":5},{"damage":36,"enemies":"Book of Stabbing","floor":23,"turns":7},{"damage":25,"enemies":"Slavers","floor":25,"turns":5},{"damage":15,"enemies":"Book of Stabbing","floor":28,"turns":2}],"seed_played":"5069193846941197425","potions_obtained":[{"floor":1,"key":"Explosive Potion"},{"floor":3,"key":"LiquidBronze"},{"floor":13,"key":"DuplicationPotion"},{"floor":22,"key":"Dexterity Potion"}],"is_trial":false,"path_per_floor":["M","M","M","M","?","R","E","R","T","R","?","?","E","M","R","B",null,"M","?","$","M","M","E","R","E","T","?","E"],"character_chosen":"WATCHER","items_purchased":["TungstenRod"],"campfire_rested":4,"item_purchase_floors":[20],"current_hp_per_floor":[65,58,56,53,42,63,27,48,48,69,69,69,61,61,61,25,60,60,60,60,49,41,5,26,1,1,1,0,0],"gold":169,"neow_bonus":"RANDOM_COMMON_RELIC","is_daily":false,"chose_seed":false,"campfire_upgraded":1,"win_rate":0.0,"timestamp":1610647983,"path_taken":["M","M","M","M","?","R","E","R","T","R","?","?","E","M","R","BOSS","M","?","$","M","M","E","R","E","T","?","E"],"items_purchased_type":["Relic"],"build_version":"2020-12-22","purchased_purges":0,"victory":false,"max_hp_per_floor":[72,72,72,72,72,72,72,72,72,72,72,72,72,72,72,72,72,72,72,72,72,72,72,72,72,72,72,72,72],"card_choices":[{"not_picked":["Vengeance","ClearTheMind"],"picked":"Prostrate","floor":1},{"not_picked":["EmptyFist","Vengeance","JustLucky"],"picked":"SKIP","floor":2},{"not_picked":["Scrawl","JustLucky","FlyingSleeves"],"picked":"SKIP","floor":3},{"not_picked":["PathToVictory","Consecrate"],"picked":"Brilliance","floor":4},{"not_picked":["Collect","CutThroughFate"],"picked":"DeceiveReality","floor":7},{"not_picked":["FlyingSleeves","Consecrate"],"picked":"Worship","floor":13},{"not_picked":["Nirvana","Protect"],"picked":"BattleHymn","floor":14},{"not_picked":["Vault","Wish"],"picked":"Judgement","floor":16},{"not_picked":["FlurryOfBlows","TalkToTheHand"],"picked":"CarveReality","floor":18},{"not_picked":["ClearTheMind","ThirdEye"],"picked":"SandsOfTime","floor":21},{"not_picked":["Adaptation","Crescendo"],"picked":"FollowUp","floor":22},{"not_picked":["Scrawl","FollowUp","MentalFortress"],"picked":"SKIP","floor":23},{"not_picked":["LikeWater","Vault","CrushJoints"],"picked":"SKIP","floor":25}],"player_experience":1253481,"relics_obtained":[{"floor":7,"key":"War Paint"},{"floor":9,"key":"Bottled Lightning"},{"floor":13,"key":"Ornamental Fan"},{"floor":23,"key":"Letter Opener"},{"floor":25,"key":"Girya"},{"floor":26,"key":"Kunai"}],"event_choices":[{"damage_healed":0,"gold_gain":75,"player_choice":"Gather Gold","damage_taken":11,"max_hp_gain":0,"max_hp_loss":0,"event_name":"World of Goop","floor":5,"gold_loss":0},{"damage_healed":0,"gold_gain":78,"player_choice":"Gained Gold","damage_taken":0,"max_hp_gain":0,"max_hp_loss":0,"event_name":"Golden Wing","floor":11,"gold_loss":0},{"damage_healed":0,"gold_gain":0,"player_choice":"Leave","damage_taken":0,"max_hp_gain":0,"max_hp_loss":0,"event_name":"The Cleric","floor":12,"gold_loss":0},{"damage_healed":0,"gold_gain":0,"player_choice":"Ignored","damage_taken":0,"max_hp_gain":0,"max_hp_loss":0,"event_name":"Beggar","floor":19,"gold_loss":0},{"damage_healed":0,"gold_gain":0,"player_choice":"Smashed Altar","damage_taken":0,"max_hp_gain":0,"max_hp_loss":0,"event_name":"Forgotten Altar","floor":27,"gold_loss":0,"cards_obtained":["Decay"]}],"is_beta":false,"boss_relics":[{"not_picked":["Velvet Choker","Empty Cage"],"picked":"Ectoplasm"}],"items_purged_floors":[],"is_endless":false,"potions_floor_spawned":[1,3,13,22],"killed_by":"Book of Stabbing","ascension_level":13}}