{"host":"whyfdmrq1ty0e9zp","time":1610623890,"event":{"mods":["Act Like it!","BaseMod","Colored Map","Colored Powertips","Conspire","Gensokyo","LagranYue(¿≠∏Ò¿ °§‘¬)","Marisa£®ÏF”Í°°ƒß¿Ì…≥£©","Minty Spire (QoL Compilation)","MostiFishMod","Prisma Mod","Quick Restart","Relic Stats","Remilia£®¿Ÿ√◊¿Ú—«£©","Replay The Spire","StSLib","TestMod","The Servant 0.9.4","Youmu£®ªÍ∆«—˝√Œ£©","vexMod","°æ“≈ŒÔø®≈∆°øREMEMod"],"gold_per_floor":[110,110,38,113,131,165,175,207,285,285,301,35,35,54,54,152,152,164,164,174,194,22,22,47,47,47,47,79,95,126,137,137,241,241,252,57,67,87,101,130,182,216,240,240,300,300,329,30,30,30],"floor_reached":51,"language":"ZHS","playtime":3205,"items_purged":["Strike_P","Strike_P"],"score":1488,"play_id":"623715fd-040e-4bf4-8dc1-6dcc4434cdf9","local_time":"20210114193130","is_ascension_mode":true,"campfire_choices":[{"data":"MostiFishMod:Disappear","floor":10.0,"key":"SMITH"},{"data":"Eruption","floor":13.0,"key":"SMITH"},{"data":"Strike_P","floor":15.0,"key":"PURGE"},{"data":"MostiFishMod:FlowState","floor":23.0,"key":"SMITH"},{"data":"CutThroughFate","floor":27.0,"key":"SMITH"},{"data":"FollowUp","floor":32.0,"key":"SMITH"},{"data":"MostiFishMod:KamiSmash","floor":44.0,"key":"SMITH"},{"data":"Meditate","floor":46.0,"key":"SMITH"},{"floor":49.0,"key":"REST"}],"circlet_count":0,"master_deck":["Defend_P+1","Defend_P+1","Defend_P","Defend_P+1","Eruption+1","Vigilance+1","PrismaMod:ChloeCarnivalDefend+1","BattleHymn+1","ThirdEye+1","Replay:ManipulateFuture+1","MostiFishMod:Disappear+1","Establishment+1","JustLucky+1","LessonLearned","JustLucky+1","CutThroughFate+1","MostiFishMod:StarOceanP+1","FlurryOfBlows+1","MostiFishMod:FlowState+1","Replay:DivineShield","SandsOfTime+1","FlyingSleeves","ThirdEye","FollowUp+1","MostiFishMod:KamiSmash+1","Vengeance","WindmillStrike+1","Replay:BluntJabs","Halt+1","Meditate+1","Replay:Hum+1","MostiFishMod:Speedup+1","Weave+1"],"relics":["PureWater","testmod-TestBox","DaveBox","REME_ComplimentaryCards","MetatronsCube","testmod-BlackFramedGlasses","LagranYue:RandomDrawCardRelic","NeowsBlessing","SynthV:TestCard","conspire:DecoderRing","testmod-Maize","Anchor","TeardropLocket","conspire:RunicOctahedron","vexMod:RedPlottingStone","vexMod:Dragonfruit","Art of War","Replay:Baseball","HaiYi:Twilight","Vajra","vexMod:ConsolationPrize","Iron Hammer","Smiling Mask","Golden Egg","Dodecahedron","testmod-IndustrialRevolution"],"acts_visited":["Exordium","TheCity","TheBeyond"],"potions_floor_usage":[],"damage_taken":[{"damage":0.0,"enemies":"Cultist","floor":1.0,"turns":1.0},{"damage":0.0,"enemies":"Small Slimes","floor":5.0,"turns":1.0},{"damage":0.0,"enemies":"Gremlin Nob","floor":6.0,"turns":1.0},{"damage":0.0,"enemies":"Jaw Worm","floor":7.0,"turns":3.0},{"damage":0.0,"enemies":"3 Sentries","floor":8.0,"turns":5.0},{"damage":0.0,"enemies":"Red Slaver","floor":11.0,"turns":3.0},{"damage":0.0,"enemies":"Exordium Wildlife","floor":14.0,"turns":3.0},{"damage":0.0,"enemies":"Fading Forest","floor":16.0,"turns":11.0},{"damage":5.0,"enemies":"Chosen","floor":18.0,"turns":4.0},{"damage":10.0,"enemies":"conspire:FuzzyDice","floor":20.0,"turns":4.0},{"damage":13.0,"enemies":"Snake Plant","floor":21.0,"turns":4.0},{"damage":12.0,"enemies":"Book of Stabbing","floor":24.0,"turns":5.0},{"damage":2.0,"enemies":"Replay:Snechameleon","floor":28.0,"turns":5.0},{"damage":0.0,"enemies":"Centurion and Healer","floor":29.0,"turns":4.0},{"damage":0.0,"enemies":"conspire:Head Lice","floor":30.0,"turns":3.0},{"damage":0.0,"enemies":"conspire:HollyBat","floor":31.0,"turns":4.0},{"damage":0.0,"enemies":"Automaton","floor":33.0,"turns":4.0},{"damage":0.0,"enemies":"3 Darklings","floor":35.0,"turns":2.0},{"damage":6.0,"enemies":"3 Shapes","floor":37.0,"turns":2.0},{"damage":0.0,"enemies":"3 Darklings","floor":38.0,"turns":3.0},{"damage":0.0,"enemies":"Sphere and 2 Shapes","floor":39.0,"turns":2.0},{"damage":0.0,"enemies":"Reptomancer","floor":40.0,"turns":3.0},{"damage":0.0,"enemies":"Giant Head","floor":42.0,"turns":5.0},{"damage":28.0,"enemies":"Nemesis","floor":45.0,"turns":5.0},{"damage":11.0,"enemies":"Jaw Worm Horde","floor":47.0,"turns":3.0},{"damage":0,"enemies":"conspire:OrnateMirror","floor":50,"turns":5}],"seed_played":"2231586619841514707","potions_obtained":[{"floor":1.0,"key":"Elixir"},{"floor":7.0,"key":"SpeedPotion"},{"floor":8.0,"key":"SteroidPotion"},{"floor":30.0,"key":"AttackPotion"},{"floor":37.0,"key":"Weak Potion"}],"is_trial":false,"path_per_floor":["M","T","$","?","M","E","M","E","T","R","M","$","R","M","R_BF","B",null,"M","?","M","M","$","R","E","?","T","R","E","M","E","M","R","B",null,"M","$","M","M","M","E","?","E","T","R","E","R","M","$","R","B",null],"character_chosen":"WATCHER","items_purchased":["BattleHymn","LessonLearned","JustLucky","MostiFishMod:FlowState","WindmillStrike","Vajra","Dodecahedron","testmod-IndustrialRevolution"],"campfire_rested":1,"item_purchase_floors":[3,12,12,22,36,36,48,48],"current_hp_per_floor":[72,72,72,65,66,67,70,72,72,72,72,72,72,72,72,72,72,70,70,64,55,55,55,48,48,53,53,56,60,63,67,67,71,76,77,77,71,74,76,77,47,52,52,52,29,29,21,21,44,49],"gold":30,"neow_bonus":"THREE_ENEMY_KILL","is_daily":false,"chose_seed":false,"campfire_upgraded":7,"win_rate":0.0,"timestamp":1610623890,"path_taken":["M","?","$","?","M","E","M","E","T","R","?","?","R","M","R_BF","BOSS","M","?","M","?","$","R","E","?","T","R","E","M","E","M","R","BOSS","M","$","M","M","?","E","?","E","T","R","E","R","?","$","R","BOSS"],"items_purchased_type":["Card","Card","Card","Card","Card","Relic","Relic","Relic"],"build_version":"2020-12-22","purchased_purges":2,"victory":true,"max_hp_per_floor":[72,72,72,72,72,72,72,72,72,72,72,72,72,72,72,72,72,72,72,72,72,72,72,72,72,77,77,77,77,77,77,77,77,77,77,77,77,77,77,77,77,77,77,77,77,77,77,77,77,77],"relic_stats":{"counters":[26,94],"Art of War":[4],"Smiling Mask":0,"obtain_stats":[{"Golden Egg":45,"DaveBox":0,"LagranYue:RandomDrawCardRelic":0,"Vajra":36,"TeardropLocket":9,"Smiling Mask":43,"testmod-BlackFramedGlasses":0,"conspire:DecoderRing":2,"vexMod:RedPlottingStone":24,"Iron Hammer":42,"testmod-Maize":6,"testmod-TestBox":0,"NeowsBlessing":0,"Dodecahedron":48,"vexMod:ConsolationPrize":40,"conspire:RunicOctahedron":17,"testmod-IndustrialRevolution":48,"vexMod:Dragonfruit":26,"Anchor":8,"Replay:Baseball":30,"SynthV:TestCard":1,"HaiYi:Twilight":34,"Art of War":28,"PureWater":0,"REME_ComplimentaryCards":0,"MetatronsCube":0},{"Golden Egg":24,"DaveBox":0,"LagranYue:RandomDrawCardRelic":0,"Vajra":18,"TeardropLocket":5,"Smiling Mask":23,"testmod-BlackFramedGlasses":0,"conspire:DecoderRing":1,"vexMod:RedPlottingStone":12,"Iron Hammer":23,"testmod-Maize":3,"testmod-TestBox":0,"NeowsBlessing":0,"Dodecahedron":25,"vexMod:ConsolationPrize":22,"conspire:RunicOctahedron":8,"testmod-IndustrialRevolution":25,"vexMod:Dragonfruit":12,"Anchor":5,"Replay:Baseball":15,"SynthV:TestCard":1,"HaiYi:Twilight":17,"Art of War":13,"PureWater":0,"REME_ComplimentaryCards":0,"MetatronsCube":0},{"Golden Egg":87,"DaveBox":0,"LagranYue:RandomDrawCardRelic":0,"Vajra":67,"TeardropLocket":11,"Smiling Mask":82,"testmod-BlackFramedGlasses":0,"conspire:DecoderRing":1,"vexMod:RedPlottingStone":45,"Iron Hammer":82,"testmod-Maize":3,"testmod-TestBox":0,"NeowsBlessing":0,"Dodecahedron":89,"vexMod:ConsolationPrize":77,"conspire:RunicOctahedron":28,"testmod-IndustrialRevolution":89,"vexMod:Dragonfruit":45,"Anchor":11,"Replay:Baseball":57,"SynthV:TestCard":1,"HaiYi:Twilight":65,"Art of War":50,"PureWater":0,"REME_ComplimentaryCards":0,"MetatronsCube":0}]},"card_choices":[{"not_picked":["Halt","Evaluate","SignatureMove"],"picked":"SKIP","floor":1.0},{"not_picked":["FollowUp","Evaluate","MentalFortress","BowlingBash"],"picked":"ThirdEye","floor":5.0},{"not_picked":["Wireheading","FearNoEvil","Crescendo","CrushJoints"],"picked":"Replay:ManipulateFuture","floor":6.0},{"not_picked":["Collect","EmptyFist","Wallop","PathToVictory"],"picked":"MostiFishMod:Disappear","floor":7.0},{"not_picked":["Adaptation","Replay:BluntJabs","ClearTheMind","Evaluate"],"picked":"Establishment","floor":8.0},{"not_picked":["EmptyFist","MostiFishMod:FlowState","FlurryOfBlows","Tantrum"],"picked":"JustLucky","floor":11.0},{"not_picked":["Prostrate","Worship","FollowUp","DeceiveReality"],"picked":"CutThroughFate","floor":14.0},{"not_picked":["MostiFishMod:Adaptation","MostiFishMod:Minus","MostiFishMod:StarHerder","MostiFishMod:KamiSmash"],"picked":"MostiFishMod:StarOceanP","floor":16.0},{"not_picked":["BattleHymn","ClearTheMind","Consecrate+1","Tantrum","PathToVictory"],"picked":"SKIP","floor":18.0},{"not_picked":["Indignation","EmptyFist","Pray","Crescendo","FlurryOfBlows"],"picked":"SKIP","floor":20.0},{"not_picked":["EmptyBody","Protect","EmptyMind","ClearTheMind"],"picked":"FlurryOfBlows+1","floor":21.0},{"not_picked":["Wallop","Devotion","FearNoEvil+1","EmptyFist","ReachHeaven+1","SashWhip+1"],"picked":"SKIP","floor":24.0},{"not_picked":["Protect","Prostrate","PathToVictory","BowlingBash+1"],"picked":"SandsOfTime","floor":28.0},{"not_picked":["Blasphemy","ClearTheMind+1","SashWhip+1","Replay:ManipulateFuture"],"picked":"FlyingSleeves","floor":29.0},{"not_picked":["EmptyBody","CarveReality","EmptyFist+1","FlurryOfBlows"],"picked":"ThirdEye","floor":30.0},{"not_picked":["ClearTheMind+1","Replay:BluntJabs","CarveReality","Replay:ManipulateFuture+1"],"picked":"FollowUp","floor":31.0},{"not_picked":["MostiFishMod:StarWish","MostiFishMod:CyberBuddha","MostiFishMod:Adaptation","ConjureBlade"],"picked":"MostiFishMod:KamiSmash","floor":33.0},{"not_picked":["SashWhip","MostiFishMod:Clarity","FollowUp+1","Nirvana+1"],"picked":"Vengeance","floor":35.0},{"not_picked":["LikeWater","FlyingSleeves","SashWhip+1","MostiFishMod:Unraveling","EmptyBody"],"picked":"SKIP","floor":37.0},{"not_picked":["ForeignInfluence+1","Sanctity+1","WaveOfTheHand","REME_Repentance"],"picked":"Replay:BluntJabs","floor":38.0},{"not_picked":["Protect+1","Prostrate","Replay:BluntJabs","FlurryOfBlows","Indignation"],"picked":"SKIP","floor":39.0},{"not_picked":["Crescendo","Sanctity","WindmillStrike","JustLucky"],"picked":"Halt+1","floor":40.0},{"not_picked":["DeceiveReality+1","Evaluate","Sanctity","EmptyBody"],"picked":"Meditate","floor":41.0},{"not_picked":["Meditate","EmptyFist+1","LessonLearned","ClearTheMind+1"],"picked":"Replay:Hum","floor":42.0},{"not_picked":["Vengeance+1","EmptyFist","MostiFishMod:Disappear","FollowUp+1"],"picked":"MostiFishMod:Speedup+1","floor":45.0},{"not_picked":["SashWhip+1","ClearTheMind+1","REME_Repentance","LikeWater+1","PathToVictory"],"picked":"Weave+1","floor":47.0}],"player_experience":526829,"relics_obtained":[{"floor":1.0,"key":"SynthV:TestCard"},{"floor":2.0,"key":"conspire:DecoderRing"},{"floor":6.0,"key":"testmod-Maize"},{"floor":8.0,"key":"Anchor"},{"floor":9.0,"key":"TeardropLocket"},{"floor":24.0,"key":"vexMod:RedPlottingStone"},{"floor":26.0,"key":"vexMod:Dragonfruit"},{"floor":28.0,"key":"Art of War"},{"floor":30.0,"key":"Replay:Baseball"},{"floor":40.0,"key":"vexMod:ConsolationPrize"},{"floor":42.0,"key":"Iron Hammer"},{"floor":43.0,"key":"Smiling Mask"},{"floor":45.0,"key":"Golden Egg"}],"event_choices":[{"damage_healed":0.0,"max_hp_gain":0.0,"max_hp_loss":0.0,"gold_gain":75.0,"event_name":"FaceTrader","player_choice":"Touch","floor":4.0,"gold_loss":0.0,"damage_taken":7.0},{"damage_healed":0.0,"max_hp_gain":0.0,"max_hp_loss":0.0,"gold_gain":0.0,"event_name":"Accursed Blacksmith","player_choice":"Forge","floor":19.0,"gold_loss":0.0,"damage_taken":0.0,"cards_upgraded":["MostiFishMod:StarOceanP"]},{"damage_healed":0.0,"max_hp_gain":0.0,"max_hp_loss":0.0,"gold_gain":0.0,"cards_transformed":["Strike_P"],"event_name":"Transmorgrifier","player_choice":"Transformed","floor":25.0,"gold_loss":0.0,"damage_taken":0.0,"cards_obtained":["Replay:DivineShield"]}],"is_beta":false,"boss_relics":[{"not_picked":["REME_DemonsWealth","Snecko Eye"],"picked":"conspire:RunicOctahedron"},{"not_picked":["Jackal-EndForJourney","PatriotShield"],"picked":"HaiYi:Twilight"}],"items_purged_floors":[12,22],"is_endless":false,"potions_floor_spawned":[1,7,8,14,28,29,30,31,35,37,42],"ascension_level":5}}