{"host":"Terry","time":1610615725,"event":{"mods":["BaseMod","Downfall","Hubris","Minty Spire (QoL Compilation)","Replay The Spire","StSLib","The Cursed","The Senshi","The Servant 0.9.4"],"gold_per_floor":[188,206,222,222,222,222,222,237,292,312,332,366,291,291,306,401,401,401,401,411,411,96,107,107,107,92,192,99,117,117,387,406,509,509,589,604,622,636,636,636,636,655,392,402,402,402,415,415,435,435,435],"floor_reached":50,"language":"ENG","playtime":4241,"items_purged":["Strike_S+1","Strike_S+1"],"score":519,"play_id":"8904fff0-44d9-478b-9626-2300ff18a757","local_time":"20210114041525","is_ascension_mode":false,"campfire_choices":[{"data":"KidneyShot","floor":6,"key":"SMITH"},{"data":"Revamp","floor":13,"key":"SMITH"},{"data":"MurderousAura","floor":18,"key":"SMITH"},{"data":"Foresight","floor":30,"key":"SMITH"},{"floor":40,"key":"REST"},{"floor":46,"key":"REST"}],"circlet_count":0,"master_deck":["Strike_S+1","Strike_S+1","Defend_S+1","Defend_S+1","Defend_S+1","Defend_S+1","KidneyShot+1","Exchange","Potential+1","Potential+1","Revamp+1","Replace","InstantArmor","Replace","FastForward","MurderousAura+1","Rewind","ShiftingGears","Foresight+1","FastForward+1","Potential+1","Luminosity","Potential+1","Solidify","Comet+1","TheWorld","expansioncontent:TimeRipple","expansioncontent:DonusPower","ShatteredReality","FloweringNight","Replace+1","WasteNot+1"],"relics":["SplendidAttire","Oddly Smooth Stone","Chameleon Ring","Replay:Accelerometer","downfall:HeartBlessingGreen","hubris:Towel","SlaversCollar","Replay:Bottled Eggs","Bottled Flame","Counterbalance","Letter Opener","ReplayTheSpireMod:Shallot","ReplayTheSpireMod:Lightbulb"],"acts_visited":["Exordium","TheCity","TheBeyond"],"potions_floor_usage":[11,12,16,27,33,33,38,50],"damage_taken":[{"damage":0,"enemies":"Jaw Worm","floor":2,"turns":5},{"damage":0,"enemies":"Small Slimes","floor":3,"turns":3},{"damage":0,"enemies":"2 Louse","floor":8,"turns":2},{"damage":9,"enemies":"2 Fungi Beasts","floor":10,"turns":3},{"damage":1,"enemies":"Lots of Slimes","floor":11,"turns":4},{"damage":5,"enemies":"Lagavulin","floor":12,"turns":6},{"damage":2,"enemies":"Large Slime","floor":15,"turns":3},{"damage":41,"enemies":"downfall:Defect","floor":16,"turns":7},{"damage":0,"enemies":"Chosen","floor":19,"turns":1},{"damage":10,"enemies":"Centurion and Healer","floor":20,"turns":6},{"damage":0,"enemies":"downfall:FleeingMerchant","floor":22,"turns":4},{"damage":8,"enemies":"3 Cultists","floor":23,"turns":6},{"damage":0,"enemies":"downfall:FleeingMerchant","floor":26,"turns":4},{"damage":0,"enemies":"Colosseum Nobs","floor":27,"turns":4},{"damage":0,"enemies":"downfall:FleeingMerchant","floor":28,"turns":4},{"damage":0,"enemies":"Cultist and Chosen","floor":29,"turns":5},{"damage":0,"enemies":"downfall:FleeingMerchant","floor":31,"turns":3},{"damage":18,"enemies":"Centurion and Healer","floor":32,"turns":6},{"damage":35,"enemies":"downfall:Ironclad","floor":33,"turns":6},{"damage":7,"enemies":"3 Shapes","floor":36,"turns":5},{"damage":0,"enemies":"Orb Walker","floor":37,"turns":3},{"damage":27,"enemies":"Jaw Worm Horde","floor":38,"turns":5},{"damage":20,"enemies":"Sphere and 2 Shapes","floor":42,"turns":4},{"damage":16,"enemies":"Maw","floor":44,"turns":7},{"damage":30,"enemies":"Jaw Worm Horde","floor":47,"turns":4},{"damage":0,"enemies":"Sphere and 2 Shapes","floor":49,"turns":5},{"damage":12,"enemies":"downfall:Silent","floor":50,"turns":3}],"seed_played":"-5427874035109079384","potions_obtained":[{"floor":8,"key":"LifebloodPotion"},{"floor":9,"key":"LifebloodPotion"},{"floor":9,"key":"DistilledChaos"},{"floor":16,"key":"champ:CounterPotion"},{"floor":23,"key":"SteroidPotion"},{"floor":27,"key":"BlessingOfTheForge"},{"floor":29,"key":"Regen Potion"},{"floor":33,"key":"Block Potion"},{"floor":44,"key":"Elixir"},{"floor":47,"key":"Adrenaline Potion"}],"is_trial":false,"path_per_floor":["R","M","M","?","?","R","T","M","?","M","M","E","R","?","M","B",null,"R","M","M","?","$","M","T","?","$","?","$","M","R","$","M","B",null,"R","M","M","M","?","R","T","M","$","M","?","R","M","?","M","B"],"character_chosen":"THE_SERVANT","items_purchased":["Foresight","Replay:Bottled Eggs","Luminosity","FloweringNight"],"campfire_rested":2,"item_purchase_floors":[22,22,28,43],"current_hp_per_floor":[65,65,65,65,70,70,70,70,70,61,60,55,55,55,53,12,70,70,70,60,60,60,52,52,70,70,70,70,70,70,70,52,39,70,70,63,63,36,31,52,52,32,32,16,16,37,7,7,7,0,0],"gold":435,"neow_bonus":"RANDOM_COMMON_RELIC","is_daily":false,"chose_seed":false,"campfire_upgraded":4,"win_rate":0.0,"timestamp":1610615725,"path_taken":["R","M","M","?","?","R","T","M","?","?","M","E","R","?","M","BOSS","R","M","M","?","$","M","T","?","?","?","?","?","R","$","M","BOSS","R","M","M","M","?","R","T","M","$","M","?","R","?","?","M","BOSS"],"items_purchased_type":["Card","Relic","Card","Card"],"build_version":"2020-12-18","purchased_purges":2,"victory":false,"max_hp_per_floor":[65,65,65,65,70,70,70,70,70,70,70,70,70,70,70,70,70,70,70,70,70,70,70,70,70,70,70,70,70,70,70,70,70,70,70,70,70,70,70,70,70,70,70,70,70,70,70,70,70,70,70],"card_choices":[{"not_picked":["Ricochet","Spin"],"picked":"Potential","floor":2},{"not_picked":["StarChef","WasteNot","Snipe"],"picked":"SKIP","floor":3},{"not_picked":["Revamp","Advance"],"picked":"Potential","floor":8},{"not_picked":["Shuttle","Defy"],"picked":"Revamp","floor":9},{"not_picked":["Unruled","DualDimension"],"picked":"Replace","floor":10},{"not_picked":["Luminosity","Reset"],"picked":"InstantArmor","floor":11},{"not_picked":["Contraction","Advance"],"picked":"Replace","floor":12},{"not_picked":["Gouge","DoubleEdge"],"picked":"FastForward","floor":15},{"not_picked":["Sunlight","Solidify"],"picked":"MurderousAura","floor":16},{"not_picked":["Starlight","MoonPhase","DoubleEdge+1"],"picked":"SKIP","floor":19},{"not_picked":["Contraction+1","Defy"],"picked":"Rewind","floor":20},{"not_picked":["SurpressingFire+1","Gouge"],"picked":"ShiftingGears","floor":22},{"not_picked":["Revamp","Hightail"],"picked":"FastForward+1","floor":23},{"not_picked":["Revamp","Potential","KillingDoll"],"picked":"SKIP","floor":26},{"not_picked":["Starlight+1","Alleviate+1"],"picked":"Potential","floor":28},{"not_picked":["Unruled","DoubleEdge"],"picked":"Potential+1","floor":29},{"not_picked":["Rearm","Misdirection","BottledTime"],"picked":"SKIP","floor":31},{"not_picked":["FastForward","Read","Unruled"],"picked":"SKIP","floor":32},{"not_picked":["MurderousAura","PendulumOfEternity"],"picked":"Solidify","floor":33},{"not_picked":["InstantArmor","Rewind+1","Unruled+1"],"picked":"SKIP","floor":36},{"not_picked":["Potential+1","InstantArmor+1"],"picked":"Comet+1","floor":37},{"not_picked":["Unruled","BestPractice+1"],"picked":"TheWorld","floor":38},{"not_picked":["expansioncontent:SuperHexaguard","expansioncontent:Sear"],"picked":"expansioncontent:TimeRipple","floor":39},{"not_picked":["expansioncontent:DefensiveStance","expansioncontent:FaceSlap"],"picked":"expansioncontent:DonusPower","floor":39},{"not_picked":["StarChef","DoubleEdge+1"],"picked":"ShatteredReality","floor":42},{"not_picked":["Spin+1","Snipe","FastForward"],"picked":"SKIP","floor":44},{"not_picked":["Ricochet+1","Defy+1"],"picked":"Replace+1","floor":47},{"not_picked":["Alleviate","LightFlow"],"picked":"WasteNot+1","floor":49}],"player_experience":599190,"relics_obtained":[{"floor":7,"key":"Chameleon Ring"},{"floor":12,"key":"Replay:Accelerometer"},{"floor":24,"key":"Bottled Flame"},{"floor":27,"key":"Counterbalance"},{"floor":27,"key":"Letter Opener"},{"floor":41,"key":"ReplayTheSpireMod:Shallot"},{"floor":48,"key":"ReplayTheSpireMod:Lightbulb"}],"event_choices":[{"damage_healed":0,"gold_gain":0,"player_choice":"Donut","damage_taken":0,"max_hp_gain":5,"max_hp_loss":0,"event_name":"Big Fish","floor":5,"gold_loss":0},{"damage_healed":0,"gold_gain":0,"player_choice":"Simplicity","damage_taken":0,"max_hp_gain":0,"max_hp_loss":0,"event_name":"Back to Basics","floor":21,"gold_loss":0,"cards_upgraded":["Strike_S","Strike_S","Strike_S","Strike_S","Defend_S","Defend_S","Defend_S","Defend_S"]},{"damage_healed":23,"gold_gain":0,"player_choice":"Heal","damage_taken":0,"max_hp_gain":0,"max_hp_loss":0,"event_name":"The Library","floor":25,"gold_loss":0},{"damage_healed":0,"gold_gain":0,"player_choice":"Relic","damage_taken":0,"max_hp_gain":0,"max_hp_loss":0,"event_name":"Wheel of Change","floor":48,"gold_loss":0}],"is_beta":true,"boss_relics":[{"not_picked":["Velvet Choker","hubris:RunicObelisk"],"picked":"SlaversCollar"},{"not_picked":["Replay:Drink Me","hubris:BlackHole"],"picked":"SplendidAttire"}],"items_purged_floors":[31,43],"is_endless":false,"potions_floor_spawned":[8,10,11,16,23,27,29,32,33,44,47,49],"killed_by":"downfall:Silent","ascension_level":0}}