{"host":"mhzgc0zma59jtmoj","time":1610603225,"event":{"mods":["100% Spire Juice","BaseMod","BetterRewards","Custom Start","Glutton Mod","Hermit","Ironclad Rager","Koishi","Luminous","Minty Spire (QoL Compilation)","Shade Mod","Somnambulant","StSLib","The Animator","The Cursed","The Death Knight","The Elementalist","The Hierophant","The Jungle","The Necromancer","The Runesmith","Treasure Hunter"],"gold_per_floor":[126,301,43,43,53,83,98,26,26,26,26,58,58,58,58,156,156,176,188,188,204,204,204],"floor_reached":22,"language":"ENG","playtime":1155,"items_purged":[],"score":217,"play_id":"91f0a379-d4d7-4e34-a1f7-ca115d5b8b0e","local_time":"20210114004705","is_ascension_mode":false,"campfire_choices":[{"floor":10,"key":"REST"},{"floor":13,"key":"RECALL"},{"floor":15,"key":"REST"}],"circlet_count":0,"master_deck":["somnambulantmod: SomnambulantStrike","somnambulantmod: SomnambulantStrike","somnambulantmod: SomnambulantStrike","somnambulantmod: SomnambulantStrike","somnambulantmod: SomnambulantStrike","somnambulantmod: Defend_Somnambulant","somnambulantmod: Defend_Somnambulant","somnambulantmod: Defend_Somnambulant","somnambulantmod: Defend_Somnambulant+1","somnambulantmod: Defend_Somnambulant","somnambulantmod: QuickNap+1","somnambulantmod: PrimingPunch","somnambulantmod: ImpenetrableMind","TH:BikiniMail","somnambulantmod: Blink","somnambulantmod: ImpenetrableMind","TH:EnergyPotion+1","TH:PixieDust","somnambulantmod: Pinch+1","TH:DeckOfManyThings","somnambulantmod: Refracture","CurseOfTheBell","somnambulantmod: SleepingBody+1","somnambulantmod: LayeredDefense"],"relics":["somnambulantmod: DreamJournal","NeowsBlessing","somnambulantmod: MemoirOfAnother","somnambulantmod: PrivatePocket","Ginger","Calling Bell","Strawberry","Mercury Hourglass","CaptainsWheel"],"acts_visited":["Exordium","Exordium"],"potions_floor_usage":[16,16],"damage_taken":[{"damage":0,"enemies":"Small Slimes","floor":1,"turns":1},{"damage":0,"enemies":"Jaw Worm","floor":5,"turns":1},{"damage":0,"enemies":"3 Sentries","floor":6,"turns":2},{"damage":9,"enemies":"Cultist","floor":7,"turns":4},{"damage":13,"enemies":"Lagavulin","floor":12,"turns":6},{"damage":19,"enemies":"Slime Boss","floor":16,"turns":8},{"damage":15,"enemies":"theJungle:MUSHROOMGANG","floor":18,"turns":6},{"damage":30,"enemies":"theJungle:GiantWrat","floor":19,"turns":7},{"damage":15,"enemies":"theJungle:SlimyTreeVines","floor":21,"turns":8},{"damage":29,"enemies":"Snake Plant","floor":22,"turns":2}],"seed_played":"5474537740639461069","potions_obtained":[{"floor":7,"key":"CultistPotion"},{"floor":12,"key":"DistilledChaos"}],"is_trial":false,"path_per_floor":["M","?","$","?","M","E","M","$","T","R","$","E","R","?","R","B",null,"M","M","?","M","M"],"character_chosen":"THE_SOMNAMBULANT","items_purchased":["somnambulantmod: MemoirOfAnother","somnambulantmod: ImpenetrableMind"],"campfire_rested":2,"item_purchase_floors":[3,8],"current_hp_per_floor":[70,70,70,63,63,63,54,54,54,72,72,59,59,45,68,49,81,66,36,36,27,0,0],"gold":204,"neow_bonus":"THREE_ENEMY_KILL","is_daily":false,"chose_seed":false,"campfire_upgraded":0,"win_rate":0.0,"timestamp":1610603225,"path_taken":["M","?","$","?","M","E","M","$","T","R","?","E","R","?","R","BOSS","M","M","?","?","?"],"items_purchased_type":["Relic","Card"],"build_version":"2020-12-22","purchased_purges":0,"victory":false,"max_hp_per_floor":[70,70,70,70,70,70,70,70,70,72,72,72,72,72,74,74,81,81,81,81,81,81,81],"card_choices":[{"not_picked":["somnambulantmod: Harden","somnambulantmod: HeavyLids"],"picked":"somnambulantmod: ImpenetrableMind","floor":1},{"not_picked":["somnambulantmod: SnuggleUp","somnambulantmod: ShowerThought","somnambulantmod: Unmake"],"picked":"SKIP","floor":5},{"not_picked":["TH:CursedSword"],"picked":"TH:BikiniMail","floor":6},{"not_picked":["somnambulantmod: Extract","somnambulantmod: Relive"],"picked":"somnambulantmod: Blink","floor":6},{"not_picked":["somnambulantmod: Repression","somnambulantmod: Nosebleed","somnambulantmod: Cower"],"picked":"SKIP","floor":7},{"not_picked":["TH:CursedSword"],"picked":"TH:EnergyPotion","floor":9},{"not_picked":["TH:BikiniMail"],"picked":"TH:PixieDust","floor":12},{"not_picked":["somnambulantmod: DarkeningMind","somnambulantmod: MindWave"],"picked":"somnambulantmod: Pinch","floor":12},{"not_picked":["TH:ArmorSpikes"],"picked":"TH:DeckOfManyThings","floor":16},{"not_picked":["somnambulantmod: Unburden","somnambulantmod: Inspiration"],"picked":"somnambulantmod: Refracture","floor":16},{"not_picked":["somnambulantmod: Bruise","somnambulantmod: Remember+1","somnambulantmod: Trauma"],"picked":"SKIP","floor":18},{"not_picked":["somnambulantmod: DreamBig+1","somnambulantmod: HeavyLids"],"picked":"somnambulantmod: SleepingBody+1","floor":19},{"not_picked":["somnambulantmod: Cower+1","somnambulantmod: DarkeningMind+1"],"picked":"somnambulantmod: LayeredDefense","floor":21}],"player_experience":237783,"relics_obtained":[{"floor":6,"key":"somnambulantmod: PrivatePocket"},{"floor":12,"key":"Ginger"},{"floor":17,"key":"Strawberry"},{"floor":17,"key":"Mercury Hourglass"},{"floor":17,"key":"CaptainsWheel"}],"event_choices":[{"damage_healed":0,"gold_gain":175,"player_choice":"AGREE","damage_taken":0,"max_hp_gain":0,"max_hp_loss":0,"event_name":"Liars Game","floor":2,"gold_loss":0,"cards_obtained":["Doubt"]},{"cards_removed":["Doubt"],"damage_healed":0,"gold_gain":0,"player_choice":"Card Removal","damage_taken":7,"max_hp_gain":0,"max_hp_loss":0,"event_name":"Golden Wing","floor":4,"gold_loss":0},{"damage_healed":0,"gold_gain":0,"player_choice":"Entered Light","damage_taken":14,"max_hp_gain":0,"max_hp_loss":0,"event_name":"Shining Light","floor":14,"gold_loss":0,"cards_upgraded":["somnambulantmod: Defend_Somnambulant","TH:EnergyPotion"]},{"damage_healed":0,"gold_gain":0,"player_choice":"Gold","damage_taken":0,"max_hp_gain":0,"max_hp_loss":0,"event_name":"Wheel of Change","floor":20,"gold_loss":0}],"is_beta":false,"boss_relics":[{"not_picked":["Philosopher\u0027s Stone","Cursed Key"],"picked":"Calling Bell"}],"items_purged_floors":[],"is_endless":false,"potions_floor_spawned":[6,7,12,18],"killed_by":"Snake Plant","ascension_level":0}}