{"host":"4qkvkh7pd9qr2mca","time":1610663219,"event":{"mods":["AchievementEnabler","Act Like it!","BaseMod","Colored Map","Colored Powertips","Highlight Path","Minty Spire (QoL Compilation)","Pale of the Ancients","Permanent Neow","Quick Restart","Relic Stats","StSLib","SuperFastMode"],"gold_per_floor":[359,379,26,40,55,83,83,118,118,118,144,144,169,189,189,189,189],"floor_reached":16,"language":"ENG","playtime":697,"items_purged":["Strike_G"],"score":310,"play_id":"8b087cb0-ba8b-44b0-96d8-49d62e47ce42","local_time":"20210114232659","is_ascension_mode":true,"campfire_choices":[{"floor":7.0,"key":"REST"},{"floor":10.0,"key":"REST"},{"floor":12.0,"key":"REST"},{"data":"Footwork","floor":15.0,"key":"SMITH"}],"circlet_count":0,"master_deck":["AscendersBane","Strike_G","Strike_G","Strike_G","Strike_G","Defend_G","Defend_G","Defend_G","Defend_G","Defend_G","Survivor","Neutralize","Predator","Footwork","Footwork+1","Backflip","Glass Knife","Cloak And Dagger","Backstab","Adrenaline","Cloak And Dagger","Finisher","All Out Attack","Accuracy"],"relics":["Ring of the Snake","Membership Card","WingedGreaves","Bag of Marbles","Potion Belt","Ninja Scroll","Snake Skull"],"acts_visited":["Exordium"],"potions_floor_usage":[16],"damage_taken":[{"damage":3.0,"enemies":"Small Slimes","floor":1.0,"turns":5.0},{"damage":1.0,"enemies":"2 Louse","floor":2.0,"turns":3.0},{"damage":0.0,"enemies":"Jaw Worm","floor":4.0,"turns":4.0},{"damage":1.0,"enemies":"Looter","floor":5.0,"turns":3.0},{"damage":31.0,"enemies":"Gremlin Nob","floor":6.0,"turns":4.0},{"damage":8.0,"enemies":"3 Sentries","floor":8.0,"turns":11.0},{"damage":23.0,"enemies":"Gremlin Nob","floor":11.0,"turns":4.0},{"damage":0.0,"enemies":"3 Sentries","floor":13.0,"turns":6.0},{"damage":0.0,"enemies":"Large Slime","floor":14.0,"turns":1.0},{"damage":64,"enemies":"Slime Boss","floor":16,"turns":10}],"seed_played":"2346445919613001807","potions_obtained":[{"floor":2.0,"key":"Energy Potion"},{"floor":5.0,"key":"Swift Potion"},{"floor":6.0,"key":"Swift Potion"},{"floor":13.0,"key":"GamblersBrew"},{"floor":14.0,"key":"FairyPotion"}],"is_trial":false,"path_per_floor":["M","M","$","M","M","E","R","E","T","R","E","R","E","M","R","B"],"character_chosen":"THE_SILENT","items_purchased":["Membership Card","Footwork","Backflip","Glass Knife"],"campfire_rested":3,"item_purchase_floors":[3,3,3,3],"current_hp_per_floor":[41,40,40,40,39,8,27,19,19,38,15,34,34,34,34,0,0],"gold":189,"neow_bonus":"TWO_FIFTY_GOLD","is_daily":false,"chose_seed":false,"campfire_upgraded":1,"win_rate":0.0,"timestamp":1610663219,"path_taken":["M","M","$","M","M","E","R","E","T","R","E","R","E","M","R","BOSS"],"items_purchased_type":["Relic","Card","Card","Card"],"build_version":"2020-12-22","purchased_purges":1,"victory":false,"max_hp_per_floor":[66,66,66,66,66,66,66,66,66,66,66,66,66,66,66,66,66],"relic_stats":{"counters":[10,51],"Snake Skull":[0],"obtain_stats":[{"Potion Belt":9,"Ninja Scroll":11,"WingedGreaves":6,"Snake Skull":13,"Bag of Marbles":8,"Membership Card":3,"Ring of the Snake":0},{"Potion Belt":6,"Ninja Scroll":7,"WingedGreaves":5,"Snake Skull":8,"Bag of Marbles":6,"Membership Card":2,"Ring of the Snake":0},{"Potion Belt":30,"Ninja Scroll":34,"WingedGreaves":19,"Snake Skull":40,"Bag of Marbles":30,"Membership Card":8,"Ring of the Snake":0}],"Ring of the Snake":[20]},"card_choices":[{"not_picked":["Underhanded Strike","Acrobatics"],"picked":"Predator","floor":1.0},{"not_picked":["Slice","PiercingWail"],"picked":"Footwork","floor":2.0},{"not_picked":["Tactician","Infinite Blades"],"picked":"Cloak And Dagger","floor":4.0},{"not_picked":["Quick Slash","Sucker Punch"],"picked":"Backstab","floor":5.0},{"not_picked":["Flechettes","Reflex"],"picked":"Adrenaline","floor":6.0},{"not_picked":["Caltrops","Tactician"],"picked":"Cloak And Dagger","floor":8.0},{"not_picked":["Caltrops","Escape Plan"],"picked":"Finisher","floor":11.0},{"not_picked":["Flying Knee","Caltrops"],"picked":"All Out Attack","floor":13.0},{"not_picked":["Prepared","Poisoned Stab"],"picked":"Accuracy","floor":14.0}],"player_experience":554000,"relics_obtained":[{"floor":6.0,"key":"WingedGreaves"},{"floor":8.0,"key":"Bag of Marbles"},{"floor":9.0,"key":"Potion Belt"},{"floor":11.0,"key":"Ninja Scroll"},{"floor":13.0,"key":"Snake Skull"}],"event_choices":[],"is_beta":false,"boss_relics":[],"items_purged_floors":[3],"is_endless":false,"potions_floor_spawned":[2,5,6,13,14],"killed_by":"Slime Boss","ascension_level":20}}