{"host":"7uuqqk35leady37t","time":1610608820,"event":{"mods":["BaseMod","Colored Map","Colored Powertips","Downfall","Marisa£®ÏF”Í°°ƒß¿Ì…≥£©","Minty Spire (QoL Compilation)","Relic Stats","Remilia£®¿Ÿ√◊¿Ú—«£©","Replay The Spire","Robot Space Explorer","StSLib","The Bug Knight","The Servant 0.9.4","UnlockEverythingMod","Waifu the Spire","Yuri Mod","[IsaacMod]“‘»ˆº‚À˛"],"gold_per_floor":[113,113,131,146,171,171,171],"floor_reached":6,"language":"ZHS","playtime":200,"items_purged":[],"score":72,"play_id":"02adb79e-9eab-4b0a-8169-1861cc2d386e","local_time":"20210114152020","is_ascension_mode":true,"campfire_choices":[],"circlet_count":0,"master_deck":["AscendersBane","Strike_B","Strike_B","Strike_B","Strike_B","Defend_B","Defend_B","Defend_B","Defend_B","Zap","Dualcast","DoctorFetus","Consume","Regret","Echo Form","Capacitor"],"relics":["Cracked Core","HushsDoor","DeadEye","StrikeDummy"],"acts_visited":["Exordium"],"potions_floor_usage":[6,6],"damage_taken":[{"damage":7.0,"enemies":"Jaw Worm","floor":1.0,"turns":3.0},{"damage":2.0,"enemies":"2 Louse","floor":3.0,"turns":2.0},{"damage":13.0,"enemies":"Cultist","floor":4.0,"turns":4.0},{"damage":49,"enemies":"Gremlin Nob","floor":6,"turns":3}],"seed_played":"-8419052133626699644","potions_obtained":[{"floor":1.0,"key":"SkillPotion"},{"floor":3.0,"key":"Strength Potion"},{"floor":4.0,"key":"PowerPotion"}],"is_trial":false,"path_per_floor":["M","?","M","M","T","E"],"character_chosen":"DEFECT","items_purchased":[],"campfire_rested":0,"item_purchase_floors":[],"current_hp_per_floor":[64,64,62,49,49,0,0],"gold":171,"neow_bonus":"TEN_PERCENT_HP_BONUS","is_daily":false,"chose_seed":false,"campfire_upgraded":0,"win_rate":0.0,"timestamp":1610608820,"path_taken":["M","?","M","?","?","E"],"items_purchased_type":[],"build_version":"2020-12-22","purchased_purges":0,"victory":false,"max_hp_per_floor":[78,78,78,78,78,78,78],"relic_stats":{"counters":[4,12],"obtain_stats":[{"KeepersGift":0,"DeadEye":0,"Cracked Core":0,"HushsDoor":0,"StrikeDummy":2},{"KeepersGift":0,"DeadEye":0,"Cracked Core":0,"HushsDoor":0,"StrikeDummy":1},{"KeepersGift":0,"DeadEye":0,"Cracked Core":0,"HushsDoor":0,"StrikeDummy":3}]},"card_choices":[{"not_picked":[],"picked":"DoctorFetus","floor":0.0},{"not_picked":["Go for the Eyes","Self Repair"],"picked":"Consume","floor":1.0},{"not_picked":["Coolheaded","Hologram"],"picked":"Echo Form","floor":3.0},{"not_picked":["Coolheaded","Cancel"],"picked":"Capacitor","floor":4.0}],"player_experience":53704,"relics_obtained":[],"event_choices":[{"damage_healed":0.0,"max_hp_gain":0.0,"max_hp_loss":0.0,"gold_gain":0.0,"event_name":"Big Fish","player_choice":"Box","floor":2.0,"gold_loss":0.0,"damage_taken":0.0,"relics_obtained":["StrikeDummy"],"cards_obtained":["Regret"]}],"is_beta":false,"boss_relics":[],"items_purged_floors":[],"is_endless":false,"potions_floor_spawned":[1,3,4],"killed_by":"Gremlin Nob","ascension_level":20}}