{"host":"xu0zbcebhy6w9mdv","time":1610648151,"event":{"mods":["AchievementEnabler","Act Like it!","Aspiration","BaseMod","Better Match","Better Third Choice","BetterRewards","Colored Powertips","Downfall","Duelist Mod","Friendly Minions","Gensokyo","Hallownest","Hubris","Infinite Spire","Marisa????????","Minty Spire (QoL Compilation)","Potionbrewer","Quick Restart","READ ME - Guardian Mod","READ ME - Snecko Mod","Rare Cards Sparkle","Replay The Spire","Shop Mod","StSLib","The Animator","The Blackbeard","The Bug Knight","The Cursed","The Hierophant","The Necromancer","The Runesmith","The Servant 0.9.4"],"gold_per_floor":[114,114,114,126,45,45,61,61,61,61,61,61,61,86,86,182,182,198,198,198,217,232,232,232,232],"floor_reached":24,"language":"ENG","playtime":1241,"items_purged":[],"score":307,"play_id":"e916ff55-75f0-48dc-a916-836cf7bf5cb7","local_time":"20210114131551","is_ascension_mode":true,"campfire_choices":[{"data":"Armaments","floor":6,"key":"SMITH"},{"data":"Berserk","floor":8,"key":"SMITH"},{"floor":10,"key":"REST"},{"data":"Flex","floor":13,"key":"SMITH"},{"floor":15,"key":"REST"},{"floor":23,"key":"REST"}],"circlet_count":0,"master_deck":["Strike_R","Strike_R","Strike_R","Strike_R","Strike_R","Defend_R","Defend_R","Defend_R","Defend_R","Bash","Armaments+1","ReplayTheSpireMod:Black Plague","Berserk+1","Flex+1","Clothesline+1","hubris:ReadiedAction","ReplayTheSpireMod:Corrosion Curse","Feed","hubris:NaturalOne","Thunderclap"],"relics":["Burning Blood","Pantograph","hubris:Towel","Ancient Tea Set","Bag of Marbles","aspiration:MobileForge","hubris:Icosahedron","PrismaticShard"],"acts_visited":["Exordium","TheCity"],"potions_floor_usage":[22,22],"damage_taken":[{"damage":14,"enemies":"2 Louse","floor":1,"turns":4},{"damage":2,"enemies":"Jaw Worm","floor":4,"turns":3},{"damage":10,"enemies":"Small Slimes","floor":7,"turns":4},{"damage":29,"enemies":"Gremlin Nob","floor":14,"turns":4},{"damage":9,"enemies":"The Guardian","floor":16,"turns":9},{"damage":1,"enemies":"Spheric Guardian","floor":18,"turns":3},{"damage":15,"enemies":"Shell Parasite","floor":21,"turns":6},{"damage":43,"enemies":"Snake Plant","floor":22,"turns":4},{"damage":65,"enemies":"Slavers","floor":24,"turns":4}],"seed_played":"5068902993339440746","potions_obtained":[{"floor":1,"key":"ElixirPotion"},{"floor":4,"key":"Strength Potion"},{"floor":16,"key":"Regen Potion"}],"is_trial":false,"path_per_floor":["M","?","?","M","$","R","M","R","T","R","?","$","R","E","R","B",null,"M","?","?","M","M","R","E"],"character_chosen":"IRONCLAD","items_purchased":["Pantograph","Rupture","Flex","Clothesline+1"],"campfire_rested":3,"item_purchase_floors":[0,0,5,5],"current_hp_per_floor":[64,64,44,48,48,48,44,44,44,68,68,68,68,45,69,77,80,80,80,72,63,38,62,0,0],"gold":232,"neow_bonus":"","is_daily":false,"chose_seed":false,"campfire_upgraded":3,"win_rate":0.0,"timestamp":1610648151,"path_taken":["M","?","?","M","$","R","M","R","T","R","?","$","R","E","R","BOSS","M","?","?","M","M","R","E"],"items_purchased_type":["Relic","Card","Card","Card"],"build_version":"2020-12-22","purchased_purges":0,"victory":false,"max_hp_per_floor":[80,80,80,80,80,80,80,80,80,80,80,80,80,80,80,80,80,80,80,80,80,80,80,80,80],"card_choices":[{"not_picked":["Body Slam","Dropkick"],"picked":"Armaments","floor":1},{"not_picked":["hubris:InfiniteBlow","infinitespire:Menacing"],"picked":"ReplayTheSpireMod:Black Plague","floor":3},{"not_picked":["Thunderclap","Anger"],"picked":"Berserk","floor":4},{"not_picked":["Clash","Perfected Strike"],"picked":"hubris:ReadiedAction","floor":7},{"not_picked":["Sword Boomerang","Twin Strike","Clothesline"],"picked":"SKIP","floor":14},{"not_picked":["Bludgeon","Hemogenesis"],"picked":"Feed","floor":16},{"not_picked":["Body Slam","Clash","Abandon"],"picked":"SKIP","floor":18},{"not_picked":["blackbeard:SwordDance+1","theDuelist:GenexNeutron"],"picked":"Thunderclap","floor":21},{"not_picked":["theDuelist:ArcaneMetronome","theDuelist:NecroworldBanshee","TheCursedMod:Stigma"],"picked":"SKIP","floor":22}],"player_experience":632225,"relics_obtained":[{"floor":9,"key":"Ancient Tea Set"},{"floor":14,"key":"Bag of Marbles"},{"floor":20,"key":"PrismaticShard"}],"event_choices":[{"damage_healed":0,"gold_gain":0,"cards_transformed":["Rupture"],"player_choice":"Change","damage_taken":0,"max_hp_gain":0,"max_hp_loss":0,"event_name":"Living Wall","floor":11,"gold_loss":0,"cards_obtained":["ReplayTheSpireMod:Corrosion Curse"]}],"is_beta":false,"boss_relics":[{"not_picked":["Replay:Ancient Bell","Runic Pyramid"],"picked":"aspiration:MobileForge"}],"items_purged_floors":[],"is_endless":false,"potions_floor_spawned":[1,4,16],"killed_by":"Slavers","ascension_level":1}}