{"host":"oehe2dxjvdgux73m","time":1610609588,"event":{"mods":["AchievementEnabler","BaseMod","Colored Map","Colored Powertips","DeckTracker","Keyboard Shortcuts","Minty Spire (QoL Compilation)","Permanent Neow","Quick Restart","StSLib","SuperFastMode"],"gold_per_floor":[110,127,141,91,104,130,130,163,163,10,20,20,20,46,46,125,125,140,154,154,64,83,83,8,8,34,34,67,67,37,50,50,50,50],"floor_reached":33,"language":"KOR","playtime":1174,"items_purged":[],"score":481,"play_id":"0723c68a-20a8-4c06-a09b-f3ac22514631","local_time":"20210114163308","is_ascension_mode":true,"campfire_choices":[{"floor":7.0,"key":"REST"},{"floor":12.0,"key":"REST"},{"floor":15.0,"key":"REST"},{"floor":23.0,"key":"REST"},{"data":"Adrenaline","floor":25.0,"key":"SMITH"},{"data":"Adrenaline","floor":27.0,"key":"SMITH"},{"floor":32,"key":"REST"}],"circlet_count":0,"master_deck":["AscendersBane","Strike_G","Defend_G","Defend_G","Defend_G","Defend_G","Survivor","Neutralize","Adrenaline+1","Noxious Fumes","Deadly Poison","Dagger Spray","Blur","Noxious Fumes+1","Adrenaline+1","Grand Finale","Reflex","PiercingWail","Corpse Explosion","Underhanded Strike","Acrobatics"],"relics":["Ring of the Snake","Singing Bowl","The Specimen","Matryoshka","DollysMirror","Mummified Hand","Black Star","Eternal Feather","Smiling Mask","Shuriken","Blood Vial"],"acts_visited":["Exordium","TheCity"],"potions_floor_usage":[31],"damage_taken":[{"damage":1.0,"enemies":"Small Slimes","floor":1.0,"turns":4.0},{"damage":7.0,"enemies":"Jaw Worm","floor":2.0,"turns":4.0},{"damage":0.0,"enemies":"Cultist","floor":3.0,"turns":4.0},{"damage":6.0,"enemies":"3 Louse","floor":5.0,"turns":4.0},{"damage":17.0,"enemies":"Lagavulin","floor":6.0,"turns":5.0},{"damage":19.0,"enemies":"3 Sentries","floor":8.0,"turns":7.0},{"damage":4.0,"enemies":"2 Fungi Beasts","floor":11.0,"turns":4.0},{"damage":28.0,"enemies":"Gremlin Nob","floor":14.0,"turns":4.0},{"damage":40.0,"enemies":"Hexaghost","floor":16.0,"turns":11.0},{"damage":15.0,"enemies":"Spheric Guardian","floor":18.0,"turns":5.0},{"damage":4.0,"enemies":"3 Byrds","floor":19.0,"turns":6.0},{"damage":13.0,"enemies":"Snecko","floor":22.0,"turns":6.0},{"damage":35.0,"enemies":"Book of Stabbing","floor":28.0,"turns":7.0},{"damage":11,"enemies":"3 Cultists","floor":31,"turns":3},{"damage":58,"enemies":"Champ","floor":33,"turns":7}],"seed_played":"-1339136497885353715","potions_obtained":[{"floor":1.0,"key":"Dexterity Potion"},{"floor":3.0,"key":"DuplicationPotion"},{"floor":6.0,"key":"Energy Potion"},{"floor":22.0,"key":"SneckoOil"},{"floor":30.0,"key":"Fruit Juice"},{"floor":30.0,"key":"Fire Potion"}],"is_trial":false,"path_per_floor":["M","M","M","?","M","E","R","E","T","$","M","R","$","E","R","B",null,"M","M","?","?","M","R","?","R","T","R","E","?","?","M","R","B"],"character_chosen":"THE_SILENT","items_purchased":["DollysMirror"],"campfire_rested":5,"item_purchase_floors":[10],"current_hp_per_floor":[58,51,51,51,45,28,47,28,28,28,26,46,46,20,41,1,53,38,34,21,21,10,33,33,33,33,45,10,10,15,8,45,0,0],"gold":50,"neow_bonus":"ONE_RANDOM_RARE_CARD","is_daily":false,"chose_seed":false,"campfire_upgraded":2,"win_rate":0.0,"timestamp":1610609588,"path_taken":["M","M","M","?","M","E","R","E","T","$","M","R","$","E","R","BOSS","M","M","?","?","?","R","?","R","T","R","E","?","?","M","R","BOSS"],"items_purchased_type":["Relic"],"build_version":"2020-12-22","purchased_purges":0,"victory":false,"max_hp_per_floor":[66,66,66,66,66,66,66,66,66,66,68,68,68,70,70,70,70,70,70,75,75,77,77,77,77,77,77,77,77,82,84,84,84,84],"card_choices":[{"not_picked":["Finisher","Outmaneuver"],"picked":"Noxious Fumes","floor":1.0},{"not_picked":["Outmaneuver","Well Laid Plans"],"picked":"Deadly Poison","floor":2.0},{"not_picked":["Acrobatics","Dodge and Roll"],"picked":"Dagger Spray","floor":3.0},{"not_picked":["Deflect","Quick Slash","Masterful Stab"],"picked":"SKIP","floor":5.0},{"not_picked":["Envenom","Dagger Throw"],"picked":"Blur","floor":6.0},{"not_picked":["Catalyst","Prepared"],"picked":"Noxious Fumes","floor":8.0},{"not_picked":["Caltrops","Finisher","Sucker Punch"],"picked":"Singing Bowl","floor":11.0},{"not_picked":["Dagger Spray","Flechettes","Skewer"],"picked":"Singing Bowl","floor":14.0},{"not_picked":["Malaise","After Image"],"picked":"Grand Finale","floor":16.0},{"not_picked":["Terror","Calculated Gamble"],"picked":"Reflex","floor":18.0},{"not_picked":["Dodge and Roll+1","Dagger Spray"],"picked":"PiercingWail","floor":19.0},{"not_picked":["Leg Sweep","PiercingWail","Deflect"],"picked":"Singing Bowl","floor":22.0},{"not_picked":["Deflect","Reflex"],"picked":"Corpse Explosion","floor":28.0},{"not_picked":["Endless Agony","Underhanded Strike","Deadly Poison"],"picked":"Singing Bowl","floor":31}],"player_experience":183257,"relics_obtained":[{"floor":6.0,"key":"Singing Bowl"},{"floor":8.0,"key":"The Specimen"},{"floor":9.0,"key":"Matryoshka"},{"floor":14.0,"key":"Mummified Hand"},{"floor":26.0,"key":"Eternal Feather"},{"floor":26.0,"key":"Smiling Mask"},{"floor":28.0,"key":"Shuriken"},{"floor":28.0,"key":"Blood Vial"}],"event_choices":[{"cards_removed":["Strike_G"],"damage_healed":0.0,"max_hp_gain":0.0,"max_hp_loss":0.0,"gold_gain":0.0,"event_name":"The Cleric","player_choice":"Card Removal","floor":4.0,"gold_loss":50.0,"damage_taken":0.0},{"damage_healed":0.0,"max_hp_gain":5.0,"max_hp_loss":0.0,"gold_gain":0.0,"event_name":"Forgotten Altar","player_choice":"Shed Blood","floor":20.0,"gold_loss":0.0,"damage_taken":18.0},{"cards_removed":["Strike_G"],"damage_healed":0.0,"max_hp_gain":0.0,"max_hp_loss":0.0,"gold_gain":0.0,"event_name":"Designer","player_choice":"Upgrade and Remove","floor":21.0,"gold_loss":90.0,"damage_taken":0.0,"cards_upgraded":["Noxious Fumes"]},{"cards_removed":["Strike_G"],"damage_healed":0.0,"max_hp_gain":0.0,"max_hp_loss":0.0,"gold_gain":0.0,"event_name":"Beggar","player_choice":"Gave Gold","floor":24.0,"gold_loss":75.0,"damage_taken":0.0},{"damage_healed":0.0,"max_hp_gain":0.0,"max_hp_loss":0.0,"gold_gain":0.0,"cards_transformed":["Strike_G","Defend_G"],"event_name":"Drug Dealer","player_choice":"Became Test Subject","floor":29.0,"gold_loss":0.0,"damage_taken":0.0,"cards_obtained":["Underhanded Strike","Acrobatics"]},{"damage_healed":0.0,"max_hp_gain":0.0,"max_hp_loss":0.0,"gold_gain":0.0,"event_name":"The Woman in Blue","player_choice":"Bought 2 Potions","floor":30.0,"gold_loss":0.0,"damage_taken":0.0}],"is_beta":false,"boss_relics":[{"not_picked":["Ring of the Serpent","Velvet Choker"],"picked":"Black Star"}],"items_purged_floors":[],"is_endless":false,"potions_floor_spawned":[1,3,6,14,16,19,22],"killed_by":"Champ","ascension_level":14}}