{"host":"uxq2rly8rxtwffuf","time":1610612787,"event":{"mods":["BaseMod","Koishi","Minty Spire (QoL Compilation)","StSLib","The Servant 0.9.4"],"gold_per_floor":[112,132,3,15,90,90,116,116,116,139,24,35,63,63,63,147,147,174,154,154,154],"floor_reached":20,"language":"ENG","playtime":877,"items_purged":["Strike_B"],"score":308,"play_id":"e57a2430-e47b-4c90-bf37-b5c9d7acb365","local_time":"20210114112627","is_ascension_mode":true,"campfire_choices":[{"floor":6,"key":"REST"},{"data":"Zap","floor":15,"key":"SMITH"}],"circlet_count":0,"master_deck":["AscendersBane","Strike_B","Strike_B","Defend_B","Defend_B","Defend_B","Zap+1","Dualcast","Capacitor","Darkness","Self Repair","Leap","Melter","Coolheaded","Cold Snap","Coolheaded","Creative AI","Chill"],"relics":["Cracked Core","Singing Bowl","CeramicFish","Inserter"],"acts_visited":["Exordium","TheCity"],"potions_floor_usage":[4,7,13,18,20],"damage_taken":[{"damage":0,"enemies":"Small Slimes","floor":1,"turns":3},{"damage":7,"enemies":"2 Louse","floor":2,"turns":3},{"damage":0,"enemies":"Jaw Worm","floor":4,"turns":6},{"damage":26,"enemies":"3 Sentries","floor":7,"turns":7},{"damage":0,"enemies":"Large Slime","floor":10,"turns":6},{"damage":7,"enemies":"Looter","floor":12,"turns":4},{"damage":2,"enemies":"Red Slaver","floor":13,"turns":4},{"damage":15,"enemies":"The Guardian","floor":16,"turns":14},{"damage":15,"enemies":"Shell Parasite","floor":18,"turns":9},{"damage":40,"enemies":"2 Thieves","floor":19,"turns":4},{"damage":35,"enemies":"Shelled Parasite and Fungi","floor":20,"turns":7}],"seed_played":"6722230852739842635","potions_obtained":[{"floor":1,"key":"SkillPotion"},{"floor":2,"key":"ColorlessPotion"},{"floor":4,"key":"Weak Potion"},{"floor":7,"key":"EssenceOfSteel"},{"floor":13,"key":"GamblersBrew"},{"floor":19,"key":"LiquidMemories"}],"is_trial":false,"path_per_floor":["M","M","$","M","?","R","E","?","T","M","$","M","M","?","R","B",null,"M","M","M"],"character_chosen":"DEFECT","items_purchased":["Self Repair","Leap","Cold Snap"],"campfire_rested":1,"item_purchase_floors":[3,3,11],"current_hp_per_floor":[46,39,39,46,35,56,39,63,63,70,70,72,75,75,75,67,73,65,34,0,0],"gold":154,"neow_bonus":"REMOVE_TWO","is_daily":false,"chose_seed":false,"campfire_upgraded":1,"win_rate":0.0,"timestamp":1610612787,"path_taken":["M","M","$","M","?","R","E","?","T","M","?","M","M","?","R","BOSS","M","M","M"],"items_purchased_type":["Card","Card","Card"],"build_version":"2020-12-22","purchased_purges":1,"victory":false,"max_hp_per_floor":[71,71,71,71,71,71,73,73,73,73,73,75,75,75,75,75,75,75,77,77,77],"card_choices":[{"not_picked":["Beam Cell","Recycle"],"picked":"Capacitor","floor":1},{"not_picked":["Turbo","Steam"],"picked":"Darkness","floor":2},{"not_picked":["Steam Power","Compile Driver"],"picked":"Melter","floor":4},{"not_picked":["Hello World","Beam Cell","White Noise"],"picked":"Singing Bowl","floor":7},{"not_picked":["Gash","Capacitor"],"picked":"Coolheaded","floor":10},{"not_picked":["Steam","Aggregate","Sunder"],"picked":"Singing Bowl","floor":12},{"not_picked":["Steam","Undo"],"picked":"Coolheaded","floor":13},{"not_picked":["Electrodynamics","Reboot"],"picked":"Creative AI","floor":16},{"not_picked":["Turbo","FTL"],"picked":"Chill","floor":18},{"not_picked":["Redo","Gash","Streamline"],"picked":"Singing Bowl","floor":19}],"player_experience":1398073,"relics_obtained":[{"floor":7,"key":"Singing Bowl"},{"floor":9,"key":"CeramicFish"}],"event_choices":[{"damage_healed":0,"gold_gain":75,"player_choice":"Gather Gold","damage_taken":11,"max_hp_gain":0,"max_hp_loss":0,"event_name":"World of Goop","floor":5,"gold_loss":0},{"damage_healed":24,"gold_gain":0,"player_choice":"Banana","damage_taken":0,"max_hp_gain":0,"max_hp_loss":0,"event_name":"Big Fish","floor":8,"gold_loss":0},{"damage_healed":0,"gold_gain":0,"player_choice":"Ignored","damage_taken":0,"max_hp_gain":0,"max_hp_loss":0,"event_name":"Liars Game","floor":14,"gold_loss":0}],"is_beta":false,"boss_relics":[{"not_picked":["SacredBark","Astrolabe"],"picked":"Inserter"}],"items_purged_floors":[11],"is_endless":false,"potions_floor_spawned":[1,2,4,7,13,19],"killed_by":"Shelled Parasite and Fungi","ascension_level":15}}