{"host":"cvgulky4xr711dtb","time":1610582631,"event":{"mods":["AchievementEnabler","BaseMod","Googly Eyes","Highlight Path","Minty Spire (QoL Compilation)"],"gold_per_floor":[110,130,1,12,12,45,45,75,75,75,0,20,20,20,20,141,141,165,184,184,6,20,20,35,35,35,35,35,35,50,149,149,275,275,289,289,289],"floor_reached":36,"language":"ENG","playtime":1481,"items_purged":["Strike_P"],"score":362,"play_id":"4c474487-de64-45ad-b96e-46079b77c8fd","local_time":"20210114000351","is_ascension_mode":false,"campfire_choices":[{"floor":7,"key":"REST"},{"data":"CutThroughFate","floor":10,"key":"SMITH"},{"floor":15,"key":"REST"},{"floor":23,"key":"REST"},{"floor":25,"key":"REST"},{"floor":27,"key":"REST"},{"data":"Study","floor":29,"key":"SMITH"},{"data":"MasterReality","floor":32,"key":"SMITH"}],"circlet_count":0,"master_deck":["Strike_P+1","Strike_P","Strike_P","Defend_P","Defend_P","Defend_P","Defend_P","Eruption+1","Vigilance","Tantrum+1","Finesse","CutThroughFate+1","Sanctity","ClearTheMind","MasterReality+1","Study+1","FollowUp","TalkToTheHand","FlurryOfBlows","ThirdEye+1","Wish"],"relics":["PureWater","NeowsBlessing","Omamori","StoneCalendar","Pantograph","Golden Idol","Black Star","WarpedTongs","Whetstone","Sundial","Sozu"],"acts_visited":["Exordium","TheCity","TheBeyond"],"potions_floor_usage":[16,16,16,16,19,28],"damage_taken":[{"damage":0,"enemies":"Jaw Worm","floor":1,"turns":1},{"damage":0,"enemies":"Small Slimes","floor":2,"turns":1},{"damage":0,"enemies":"Cultist","floor":4,"turns":1},{"damage":32,"enemies":"Gremlin Nob","floor":6,"turns":3},{"damage":11,"enemies":"Blue Slaver","floor":12,"turns":3},{"damage":45,"enemies":"The Guardian","floor":16,"turns":7},{"damage":2,"enemies":"Chosen","floor":18,"turns":3},{"damage":18,"enemies":"Shell Parasite","floor":19,"turns":4},{"damage":52,"enemies":"Cultist and Chosen","floor":22,"turns":5},{"damage":28,"enemies":"Snake Plant","floor":24,"turns":4},{"damage":0,"enemies":"Snecko","floor":28,"turns":2},{"damage":13,"enemies":"Shelled Parasite and Fungi","floor":30,"turns":4},{"damage":76,"enemies":"Collector","floor":33,"turns":9},{"damage":71,"enemies":"3 Darklings","floor":35,"turns":4},{"damage":9,"enemies":"3 Shapes","floor":36,"turns":1}],"seed_played":"-1914059156370726727","potions_obtained":[{"floor":1,"key":"SmokeBomb"},{"floor":4,"key":"EntropicBrew"},{"floor":6,"key":"FearPotion"},{"floor":18,"key":"DistilledChaos"},{"floor":19,"key":"FairyPotion"},{"floor":24,"key":"SmokeBomb"}],"is_trial":false,"path_per_floor":["M","M","$","M","?","E","R","?","T","R","$","M","?","?","R","B",null,"M","M","?","$","M","R","M","R","T","R","M","R","M","?","R","B",null,"M","M"],"character_chosen":"WATCHER","items_purchased":["Tantrum","Finesse","Whetstone","FollowUp"],"campfire_rested":5,"item_purchase_floors":[3,3,21,21],"current_hp_per_floor":[72,72,72,72,77,45,68,68,68,68,68,57,38,38,61,32,77,75,57,57,57,5,28,23,46,46,69,69,69,56,56,56,1,77,6,0,0],"gold":289,"neow_bonus":"THREE_ENEMY_KILL","is_daily":false,"chose_seed":false,"campfire_upgraded":3,"win_rate":0.0,"timestamp":1610582631,"path_taken":["M","M","$","M","?","E","R","?","T","R","?","?","?","?","R","BOSS","M","M","?","$","M","R","M","R","T","R","?","R","M","?","R","BOSS","M","M"],"items_purchased_type":["Card","Card","Relic","Card"],"build_version":"2020-12-22","purchased_purges":1,"victory":false,"max_hp_per_floor":[72,72,72,72,77,77,77,77,77,77,77,77,77,77,77,77,77,77,77,77,77,77,77,77,77,77,77,77,77,77,77,77,77,77,77,77,77],"card_choices":[{"not_picked":["BattleHymn","Indignation","Consecrate"],"picked":"SKIP","floor":1},{"not_picked":["FlyingSleeves","BattleHymn","Consecrate"],"picked":"SKIP","floor":2},{"not_picked":["PathToVictory","Protect"],"picked":"CutThroughFate","floor":4},{"not_picked":["Blasphemy","SignatureMove"],"picked":"Sanctity","floor":6},{"not_picked":["Vengeance","CarveReality"],"picked":"ClearTheMind","floor":12},{"not_picked":["Alpha","Judgement"],"picked":"MasterReality","floor":16},{"not_picked":["ClearTheMind","SashWhip"],"picked":"Study","floor":18},{"not_picked":["SashWhip","Protect+1","SandsOfTime"],"picked":"SKIP","floor":19},{"not_picked":["Protect","JustLucky"],"picked":"TalkToTheHand","floor":22},{"not_picked":["WheelKick","Halt"],"picked":"FlurryOfBlows","floor":24},{"not_picked":["EmptyBody","SashWhip"],"picked":"ThirdEye+1","floor":30},{"not_picked":["Establishment","DeusExMachina"],"picked":"Wish","floor":33},{"not_picked":["LikeWater+1","PathToVictory","CrushJoints"],"picked":"SKIP","floor":35}],"player_experience":179738,"relics_obtained":[{"floor":6,"key":"Omamori"},{"floor":9,"key":"Pantograph"},{"floor":26,"key":"Sundial"}],"event_choices":[{"damage_healed":0,"gold_gain":0,"player_choice":"Donut","damage_taken":0,"max_hp_gain":5,"max_hp_loss":0,"event_name":"Big Fish","floor":5,"gold_loss":0},{"damage_healed":0,"gold_gain":30,"player_choice":"Searched \u00273\u0027 times","damage_taken":0,"relics_obtained":["StoneCalendar"],"max_hp_gain":0,"max_hp_loss":0,"event_name":"Dead Adventurer","floor":8,"gold_loss":0},{"damage_healed":0,"gold_gain":0,"player_choice":"Take Damage","damage_taken":19,"relics_obtained":["Golden Idol"],"max_hp_gain":0,"max_hp_loss":0,"event_name":"Golden Idol","floor":13,"gold_loss":0},{"damage_healed":0,"gold_gain":0,"player_choice":"Grow","damage_taken":0,"max_hp_gain":0,"max_hp_loss":0,"event_name":"Living Wall","floor":14,"gold_loss":0,"cards_upgraded":["Eruption"]},{"damage_healed":0,"gold_gain":0,"player_choice":"Rummage","damage_taken":0,"relics_obtained":["WarpedTongs"],"max_hp_gain":0,"max_hp_loss":0,"event_name":"Accursed Blacksmith","floor":20,"gold_loss":0,"cards_obtained":["Pain"]},{"damage_healed":0,"gold_gain":99,"player_choice":"Stole From Cult","damage_taken":0,"max_hp_gain":0,"max_hp_loss":0,"event_name":"Nest","floor":31,"gold_loss":0}],"is_beta":false,"boss_relics":[{"not_picked":["Cursed Key","Ectoplasm"],"picked":"Black Star"},{"not_picked":["Empty Cage","SacredBark"],"picked":"Sozu"}],"items_purged_floors":[11],"is_endless":false,"potions_floor_spawned":[1,4,6,18,19,24],"killed_by":"3 Shapes","ascension_level":0}}