{"host":"4cgvt8brk2i8ma1b","time":1610647879,"event":{"mods":["Act Like it!","BaseMod","Better Third Choice","Conspire","Downfall","Duelist Mod","Hallownest","Hubris","Infinite Spire","Jorbs\u0027s Wanderer Trilogy","Minty Spire (QoL Compilation)","Replay The Spire","StSLib","The Animator","The Bug Knight","The Jungle","The Necromancer","The Poker Player","The Runesmith","[IsaacMod]????"],"gold_per_floor":[114,114,64,93,24,24,56,85,85,97,123,159,203,232,232,327,327,348,348,308,308,327,349,381,381,381,381,402,75,89,103,103,209,209,213,213],"floor_reached":35,"language":"ENG","playtime":3145,"items_purged":[],"score":441,"play_id":"7816390a-0878-4997-95f5-9674c00494e4","local_time":"20210114121119","is_ascension_mode":false,"campfire_choices":[{"floor":15.0,"key":"REST"},{"floor":25,"key":"RECALL"}],"circlet_count":0,"master_deck":["animator:Strike_Konosuba","animator:Defend_Konosuba","animator:Strike","animator:Strike","animator:Strike","animator:Defend","animator:Defend","animator:Kazuma","animator:Aqua","DoctorFetus","animator:DolaRiku","animator:Envy","animator:Chris","animator:Shiro","animator:PandorasActor+1","animator:Jibril+1","animator:RoyMustang","animator:Priestess","animator:Albedo","animator:Emilia","animator:IchigoKurosaki","animator:CrowleyEusford","animator:DolaSchwi+1","animator:AcuraShin","animator:MaesHughes+1","animator:Pride+1","animator:Darkness","animator:Demiurge+1","animator:Biyorigo","animator:WinryRockbell"],"relics":["animator:LivingPicture","animator:TheMissingPiece","HushsDoor","KeepersGift","animator:PurgingStone","animator:PurgingStone","animator:PurgingStone","animator:PurgingStone","animator:PurgingStone","animator:PurgingStone","animator:PurgingStone","animator:PurgingStone","animator:PurgingStone","animator:PurgingStone","animator:PurgingStone","hubris:Towel","animator:PurgingStone","animator:PurgingStone","animator:PurgingStone","animator:PurgingStone","animator:PurgingStone","animator:PurgingStone","animator:PurgingStone","animator:PurgingStone","animator:PurgingStone","animator:PurgingStone","Blood Vial","animator:PurgingStone","animator:PurgingStone","animator:PurgingStone","animator:PurgingStone","animator:PurgingStone","animator:PurgingStone","animator:PurgingStone","hubris:AstralHammer","animator:PurgingStone","animator:PurgingStone","animator:PurgingStone","animator:PurgingStone","animator:PurgingStone","animator:PurgingStone","animator:PurgingStone","animator:PurgingStone","animator:PurgingStone","Velvet Choker","GuppysTail","NineLifeCat","animator:PurgingStone","animator:PurgingStone","animator:PurgingStone","animator:PurgingStone","animator:PurgingStone","animator:PurgingStone","animator:PurgingStone","animator:PurgingStone","animator:PurgingStone","animator:PurgingStone","animator:PurgingStone","animator:PurgingStone","animator:PurgingStone","animator:WornHelmet","Sundial","animator:PurgingStone","animator:PurgingStone","HornCleat","animator:PurgingStone","animator:PurgingStone","animator:PurgingStone","animator:PurgingStone","animator:PurgingStone","animator:PurgingStone","animator:PurgingStone","animator:PurgingStone","animator:PurgingStone","animator:PurgingStone","animator:PurgingStone","animator:PurgingStone","ChewingGum","animator:PurgingStone","animator:PurgingStone","animator:PurgingStone","animator:PurgingStone"],"acts_visited":["Exordium","TheCity","Hallownest:KingdomsEdge"],"potions_floor_usage":[],"damage_taken":[{"damage":0.0,"enemies":"conspire:RoseBush","floor":1.0,"turns":4.0},{"damage":9.0,"enemies":"2 Louse","floor":4.0,"turns":3.0},{"damage":16.0,"enemies":"3 Sentries","floor":7.0,"turns":6.0},{"damage":1.0,"enemies":"Cultist","floor":8.0,"turns":5.0},{"damage":0.0,"enemies":"Exordium Wildlife","floor":10.0,"turns":2.0},{"damage":5.0,"enemies":"Exordium Thugs","floor":11.0,"turns":6.0},{"damage":15.0,"enemies":"3 Louse","floor":12.0,"turns":4.0},{"damage":22.0,"enemies":"Replay:BlueRogue","floor":13.0,"turns":10.0},{"damage":25.0,"enemies":"Lots of Slimes","floor":14.0,"turns":7.0},{"damage":20.0,"enemies":"Fading Forest","floor":16.0,"turns":11.0},{"damage":4.0,"enemies":"Spheric Guardian","floor":18.0,"turns":5.0},{"damage":0,"enemies":"Centurion and Healer","floor":22,"turns":1},{"damage":0,"enemies":"conspire:HollyBat","floor":23,"turns":9},{"damage":51,"enemies":"Slavers","floor":24,"turns":8},{"damage":14,"enemies":"Chosen and Byrds","floor":28,"turns":5},{"damage":24,"enemies":"Snecko","floor":30,"turns":6},{"damage":12,"enemies":"Snake Plant","floor":31,"turns":5},{"damage":65,"enemies":"Champ","floor":33,"turns":13},{"damage":13,"enemies":"Hallownest:3_Siblings","floor":35,"turns":4}],"seed_played":"-5068072593365537430","potions_obtained":[{"floor":1.0,"key":"SpeedPotion"},{"floor":10.0,"key":"FearPotion"},{"floor":16.0,"key":"DuplicationPotion"}],"is_trial":false,"path_per_floor":["M","?","?","M","$","R","E","M","T","M","M","M","E","M","R","B",null,"M","?","?","$","M","M","E","R","T","?","M","$","M","M","R","B",null,"M"],"character_chosen":"THE_ANIMATOR","items_purchased":["animator:Envy","animator:Emilia","animator:IchigoKurosaki","GuppysTail","NineLifeCat","HornCleat","animator:Darkness","animator:WinryRockbell"],"campfire_rested":1,"item_purchase_floors":[5,17,17,17,17,29,29,34],"current_hp_per_floor":[72,72,72,65,65,65,51,54,54,59,58,47,29,8,29,33,11,9,7,7,7,10,12,10,10,10,10,12,12,12,12,12,12,9,0,0],"gold":213,"neow_bonus":"TEN_PERCENT_HP_BONUS","is_daily":false,"chose_seed":false,"campfire_upgraded":0,"win_rate":0.0,"timestamp":1610647879,"path_taken":["M","?","?","M","$","R","E","M","T","?","M","M","E","M","R","BOSS","M","?","?","$","M","M","E","R","T","?","?","?","M","M","R","BOSS","M"],"items_purchased_type":["Card","Card","Card","Relic","Relic","Relic","Card","Card"],"build_version":"2020-12-22","purchased_purges":0,"victory":false,"max_hp_per_floor":[72,72,72,72,72,72,72,72,72,73,73,73,73,73,73,73,11,11,11,11,11,12,12,12,12,12,12,12,12,12,12,12,12,9,9,9],"card_choices":[{"not_picked":[],"picked":"DoctorFetus","floor":0.0},{"not_picked":["animator:Priestess","animator:Genos"],"picked":"animator:DolaRiku","floor":4.0},{"not_picked":["animator:DwarfShaman","animator:Envy"],"picked":"Bomb","floor":7.0},{"not_picked":["animator:MaesHughes","animator:LizardPriest"],"picked":"animator:Chris","floor":8.0},{"not_picked":["animator:ChlammyZell","Bomb"],"picked":"animator:Shiro","floor":10.0},{"not_picked":["animator:DwarfShaman","animator:Mitsurugi"],"picked":"animator:PandorasActor","floor":11.0},{"not_picked":["animator:RoyMustang","animator:Viivi"],"picked":"animator:Jibril","floor":12.0},{"not_picked":["animator:CowGirl","animator:Viivi"],"picked":"animator:RoyMustang","floor":13.0},{"not_picked":["animator:Viivi","animator:Fredrika"],"picked":"animator:Priestess","floor":14.0},{"not_picked":["animator:Envy","animator:Wiz"],"picked":"animator:Albedo","floor":16.0},{"not_picked":["animator:Vanir","animator:HighElfArcher"],"picked":"animator:CrowleyEusford","floor":18.0},{"not_picked":["infinitespire:UltimateForm","hubris:Fate"],"picked":"infinitespire:SealOfDarkness+","floor":19.0},{"not_picked":["animator:Sloth","animator:Jibril"],"picked":"animator:DolaSchwi+1","floor":22},{"not_picked":["animator:Shigure","animator:CowGirl"],"picked":"animator:AcuraShin","floor":23},{"not_picked":["animator:Konayuki+1","animator:Gillette"],"picked":"animator:MaesHughes+1","floor":24},{"not_picked":["animator:Layla+1","animator:Shigure+1"],"picked":"animator:Pride+1","floor":28},{"not_picked":["animator:LizardPriest","animator:Guy","animator:Fredrika+1"],"picked":"SKIP","floor":30},{"not_picked":["animator:Spearman","animator:Evileye"],"picked":"animator:Demiurge+1","floor":31},{"not_picked":["animator:SwordMaiden","animator:Sora"],"picked":"animator:Biyorigo","floor":33}],"player_experience":501137,"relics_obtained":[{"floor":7.0,"key":"Blood Vial"},{"floor":13.0,"key":"hubris:AstralHammer"},{"floor":24,"key":"animator:WornHelmet"},{"floor":26,"key":"Sundial"}],"event_choices":[{"cards_removed":["animator:Defend"],"damage_healed":0.0,"max_hp_gain":0.0,"max_hp_loss":0.0,"gold_gain":0.0,"event_name":"The Cleric","player_choice":"Card Removal","floor":3.0,"gold_loss":50.0,"damage_taken":0.0},{"damage_healed":0.0,"max_hp_gain":0.0,"max_hp_loss":0.0,"gold_gain":0.0,"event_name":"Designer","player_choice":"Upgraded Two","floor":20.0,"gold_loss":40.0,"damage_taken":0.0,"cards_upgraded":["animator:Jibril","animator:PandorasActor"]}],"is_beta":false,"boss_relics":[{"not_picked":["hubris:BlackHole","MagicMushroom"],"picked":"Velvet Choker"},{"not_picked":[]},{"not_picked":["Replay:Ancient Bell","animator:HolyGrailRelic"],"picked":"ChewingGum"},{"not_picked":[]}],"items_purged_floors":[],"is_endless":false,"potions_floor_spawned":[1,10,16,22,23,28],"killed_by":"Hallownest:3_Siblings","ascension_level":0}}