{"host":"359hz4210ybch7ku","time":1610604727,"event":{"mods":["BaseMod","Block Reminder","Colored Map","Colored Powertips","Highlight Path","Minty Spire (QoL Compilation)","Slay the Relics Exporter","StSLib"],"gold_per_floor":[16,16,28,45,58,58,87,87,87,87,99,128,141,141,141,246,246,257,274,290,52,71,104,104,132,158,158,158,183,198,123,123,225,225,240,140,154,168,24,24,55,55,55,69,88,138,185,199,199,199],"floor_reached":51,"language":"ENG","playtime":3739,"items_purged":["Strike_P","Strike_P"],"score":929,"play_id":"772e9f03-8936-462f-998f-7801dbec86c6","local_time":"20210113221207","is_ascension_mode":true,"campfire_choices":[{"data":"BattleHymn","floor":6,"key":"SMITH"},{"data":"Eruption","floor":10,"key":"SMITH"},{"data":"Adaptation","floor":15,"key":"SMITH"},{"data":"Establishment","floor":24,"key":"SMITH"},{"floor":28,"key":"REST"},{"floor":32,"key":"REST"},{"floor":40,"key":"REST"},{"data":"1","floor":42,"key":"LIFT"},{"data":"2","floor":49,"key":"LIFT"}],"circlet_count":0,"master_deck":["Strike_P","Defend_P","Defend_P","Defend_P","Eruption+1","Vigilance","Adaptation+1","FlurryOfBlows","BattleHymn+1","Sanctity","BattleHymn+1","SpiritShield+1","FollowUp","Crescendo+1","Establishment+1","EmptyBody+1","ClearTheMind+1","ForeignInfluence+1"],"relics":["HolyWater","Incense Burner","Gambling Chip","CloakClasp","Sundial","Akabeko","Lizard Tail","Blood Vial","Girya","SlaversCollar","Membership Card","Pantograph","The Courier","Pocketwatch","Ice Cream"],"acts_visited":["Exordium","TheCity","TheBeyond"],"potions_floor_usage":[7,12,20,22,33,41,45,50,50],"damage_taken":[{"damage":2,"enemies":"2 Louse","floor":1,"turns":4},{"damage":1,"enemies":"Cultist","floor":3,"turns":4},{"damage":0,"enemies":"Jaw Worm","floor":4,"turns":3},{"damage":9,"enemies":"Exordium Thugs","floor":5,"turns":5},{"damage":15,"enemies":"3 Sentries","floor":7,"turns":7},{"damage":3,"enemies":"Gremlin Gang","floor":11,"turns":3},{"damage":0,"enemies":"Gremlin Nob","floor":12,"turns":2},{"damage":0,"enemies":"2 Fungi Beasts","floor":13,"turns":2},{"damage":0,"enemies":"Slime Boss","floor":16,"turns":4},{"damage":0,"enemies":"Spheric Guardian","floor":18,"turns":2},{"damage":11,"enemies":"2 Thieves","floor":19,"turns":3},{"damage":3,"enemies":"Snake Plant","floor":20,"turns":3},{"damage":18,"enemies":"Cultist and Chosen","floor":22,"turns":3},{"damage":5,"enemies":"Slavers","floor":23,"turns":5},{"damage":15,"enemies":"Gremlin Leader","floor":25,"turns":4},{"damage":34,"enemies":"Slavers","floor":29,"turns":4},{"damage":0,"enemies":"Snecko","floor":30,"turns":3},{"damage":43,"enemies":"Collector","floor":33,"turns":8},{"damage":20,"enemies":"3 Shapes","floor":35,"turns":4},{"damage":29,"enemies":"3 Darklings","floor":37,"turns":4},{"damage":36,"enemies":"4 Shapes","floor":38,"turns":5},{"damage":89,"enemies":"Nemesis","floor":41,"turns":7},{"damage":4,"enemies":"Jaw Worm Horde","floor":44,"turns":3},{"damage":13,"enemies":"Maw","floor":45,"turns":7},{"damage":9,"enemies":"Mind Bloom Boss Battle","floor":46,"turns":6},{"damage":10,"enemies":"2 Orb Walkers","floor":47,"turns":4},{"damage":0,"enemies":"Spire Growth","floor":48,"turns":3},{"damage":41,"enemies":"Donu and Deca","floor":50,"turns":7}],"seed_played":"1650338205637622532","potions_obtained":[{"floor":1,"key":"LiquidMemories"},{"floor":5,"key":"EssenceOfSteel"},{"floor":7,"key":"DuplicationPotion"},{"floor":18,"key":"SkillPotion"},{"floor":20,"key":"Strength Potion"},{"floor":29,"key":"Explosive Potion"},{"floor":30,"key":"StancePotion"},{"floor":33,"key":"LiquidBronze"},{"floor":44,"key":"EssenceOfSteel"},{"floor":45,"key":"Fire Potion"}],"is_trial":false,"path_per_floor":["M","?","M","M","M","R","E","?","T","R","M","E","M","?","R","B",null,"M","M","M","$","M","E","R","E","T","?","R","E","M","$","R","B",null,"M","$","M","M","$","R","E","R","T","M","M","?","?","M","R","B",null],"character_chosen":"WATCHER","items_purchased":["Sundial","Membership Card"],"campfire_rested":3,"item_purchase_floors":[21,39],"current_hp_per_floor":[84,84,83,83,74,74,59,52,52,52,49,49,49,49,49,49,86,86,75,72,72,54,49,49,34,34,34,59,27,29,29,54,13,86,66,66,39,5,5,30,37,37,37,35,24,42,34,36,36,22],"gold":199,"neow_bonus":"TWENTY_PERCENT_HP_BONUS","is_daily":false,"chose_seed":false,"campfire_upgraded":4,"win_rate":0.0,"timestamp":1610604727,"path_taken":["M","?","?","M","M","R","E","?","T","R","M","E","M","?","R","BOSS","M","M","M","$","M","E","R","E","T","?","R","E","M","?","R","BOSS","M","$","M","M","$","R","E","R","T","?","M","?","?","M","R","BOSS"],"items_purchased_type":["Relic","Relic"],"build_version":"2020-12-22","purchased_purges":2,"victory":true,"max_hp_per_floor":[86,86,86,86,86,86,86,86,86,86,86,86,86,86,86,86,86,86,86,86,86,86,86,86,86,86,86,86,86,86,86,86,86,86,86,86,86,86,86,86,86,86,86,86,86,86,86,86,86,86],"card_choices":[{"not_picked":["Wallop","FollowUp"],"picked":"Adaptation","floor":1},{"not_picked":["SashWhip","Meditate"],"picked":"FlurryOfBlows","floor":3},{"not_picked":["EmptyFist","CrushJoints"],"picked":"BattleHymn","floor":4},{"not_picked":["Collect","ForeignInfluence"],"picked":"Sanctity","floor":5},{"not_picked":["CrushJoints","Wireheading","Halt"],"picked":"SKIP","floor":7},{"not_picked":["ConjureBlade","FlyingSleeves","CutThroughFate"],"picked":"SKIP","floor":11},{"not_picked":["PathToVictory","SandsOfTime","WreathOfFlame"],"picked":"SKIP","floor":12},{"not_picked":["Protect","LikeWater"],"picked":"BattleHymn","floor":13},{"not_picked":["DeusExMachina","Scrawl"],"picked":"SpiritShield","floor":16},{"not_picked":["Perseverance","Crescendo"],"picked":"FollowUp","floor":18},{"not_picked":["Conclude+1","BattleHymn"],"picked":"Crescendo+1","floor":19},{"not_picked":["SignatureMove","PathToVictory","WaveOfTheHand"],"picked":"SKIP","floor":20},{"not_picked":["BowlingBash","SashWhip","FlyingSleeves+1"],"picked":"SKIP","floor":22},{"not_picked":["Indignation","FlurryOfBlows"],"picked":"Establishment","floor":23},{"not_picked":["ClearTheMind","BowlingBash"],"picked":"EmptyBody+1","floor":25},{"not_picked":["WreathOfFlame","FearNoEvil","PathToVictory"],"picked":"SKIP","floor":29},{"not_picked":["ThirdEye+1","FlurryOfBlows","PathToVictory"],"picked":"SKIP","floor":30},{"not_picked":["ThirdEye+1","Evaluate","Vengeance+1"],"picked":"SKIP","floor":35},{"not_picked":["SashWhip","JustLucky+1","WaveOfTheHand+1"],"picked":"SKIP","floor":37},{"not_picked":["Crescendo","Scrawl","Protect"],"picked":"SKIP","floor":38},{"not_picked":["Halt+1","ClearTheMind","Protect+1"],"picked":"SKIP","floor":41},{"not_picked":["EmptyFist+1","FearNoEvil"],"picked":"ClearTheMind+1","floor":44},{"not_picked":["Prostrate+1","WindmillStrike","Collect"],"picked":"SKIP","floor":45},{"not_picked":["PathToVictory","EmptyBody+1"],"picked":"ForeignInfluence+1","floor":48}],"player_experience":205189,"relics_obtained":[{"floor":7,"key":"Incense Burner"},{"floor":9,"key":"Gambling Chip"},{"floor":12,"key":"CloakClasp"},{"floor":23,"key":"Akabeko"},{"floor":25,"key":"Lizard Tail"},{"floor":26,"key":"Blood Vial"},{"floor":29,"key":"Girya"},{"floor":41,"key":"Pantograph"},{"floor":43,"key":"The Courier"},{"floor":46,"key":"Pocketwatch"},{"floor":47,"key":"Ice Cream"}],"event_choices":[{"cards_removed":["Strike_P"],"damage_healed":0,"gold_gain":0,"player_choice":"Offered Basic","damage_taken":0,"max_hp_gain":0,"max_hp_loss":0,"event_name":"Bonfire Elementals","floor":2,"gold_loss":0},{"cards_removed":["Defend_P"],"damage_healed":0,"gold_gain":0,"player_choice":"Card Removal","damage_taken":7,"max_hp_gain":0,"max_hp_loss":0,"event_name":"Golden Wing","floor":8,"gold_loss":0},{"damage_healed":0,"gold_gain":0,"player_choice":"Grow","damage_taken":0,"max_hp_gain":0,"max_hp_loss":0,"event_name":"Living Wall","floor":14,"gold_loss":0,"cards_upgraded":["BattleHymn"]},{"damage_healed":0,"gold_gain":0,"player_choice":"Upgraded","damage_taken":0,"max_hp_gain":0,"max_hp_loss":0,"event_name":"Upgrade Shrine","floor":27,"gold_loss":0,"cards_upgraded":["SpiritShield"]},{"damage_healed":0,"gold_gain":0,"player_choice":"Fight","damage_taken":0,"max_hp_gain":0,"max_hp_loss":0,"event_name":"MindBloom","floor":46,"gold_loss":0},{"damage_healed":0,"gold_gain":0,"player_choice":"Fight","damage_taken":0,"max_hp_gain":0,"max_hp_loss":0,"event_name":"Mysterious Sphere","floor":47,"gold_loss":0}],"is_beta":false,"boss_relics":[{"not_picked":["VioletLotus","Calling Bell"],"picked":"HolyWater"},{"not_picked":["Velvet Choker","Astrolabe"],"picked":"SlaversCollar"}],"items_purged_floors":[31,36],"is_endless":false,"potions_floor_spawned":[1,5,7,18,20,29,30,33,38,44,45,46],"ascension_level":4}}