{"host":"a7dhdzm3fda48fos","time":1610616883,"event":{"mods":["AchievementEnabler","AlwaysNeverKeys","BaseMod","Better Altar","Better Note","Better Sensory Stone","Better Skull","Better Third Choice","BetterRewards","Block Reminder","Colored Map","Displayed Cursed Tome","Downfall","Friendly Minions","Gold Saver","Hermit","Infinite Spire","Minty Spire (QoL Compilation)","Quick Restart","Relic Filter","Relic Sorter","Relic Stats","Remove Card Discount Mod","Replay The Spire","StSLib","The Cursed"],"gold_per_floor":[114,125,125,125,137,168,168,203,258,273,293,16,45,63,63,172,172,190,105,105,62,83,81,112,126,126,132,132],"floor_reached":27,"language":"POL","playtime":2408,"items_purged":["Strike_R","Bash","Strike_R","Strike_R","Strike_R","Strike_R","Headbutt","Writhe","Dual Wield"],"score":431,"play_id":"68c4c5a4-e264-4a97-b2fe-ea53d82e751c","local_time":"20210114103443","is_ascension_mode":true,"campfire_choices":[{"data":"Life Link","floor":15,"key":"SMITH"}],"circlet_count":0,"master_deck":["Defend_R+1","Defend_R","Defend_R","Defend_R+1","Shrug It Off","expansioncontent:Collect","Shrug It Off","Body Slam","Shrug It Off","Body Slam","Feel No Pain","Shrug It Off","Iron Wave","Fire Breathing","Life Link+1","Juggernaut","Ghostly Armor","Ghostly Armor"],"relics":["Burning Blood","infinitespire:Beetle Shell","Nunchaku","Snack Pack","Du-Vu Doll","Simple Rune","Unceasing Top","Blood Vial","Ancient Tea Set","Blue Doll","Bottled Lightning","Replay:Bandana","Busted Crown","Matryoshka","Oddly Smooth Stone","Self Forming Clay"],"acts_visited":["Exordium","TheCity"],"potions_floor_usage":[8,8,13,24,27,27],"damage_taken":[{"damage":0,"enemies":"Jaw Worm","floor":1,"turns":7},{"damage":0,"enemies":"Cultist","floor":2,"turns":5},{"damage":12,"enemies":"infinitespire:Voidling","floor":5,"turns":6},{"damage":12,"enemies":"Lagavulin","floor":6,"turns":8},{"damage":20,"enemies":"Gremlin Nob","floor":8,"turns":6},{"damage":12,"enemies":"Exordium Thugs","floor":10,"turns":8},{"damage":0,"enemies":"Blue Slaver","floor":11,"turns":6},{"damage":6,"enemies":"Replay:BlueRogue","floor":13,"turns":8},{"damage":0,"enemies":"Looter","floor":14,"turns":4},{"damage":45,"enemies":"Hexaghost","floor":16,"turns":13},{"damage":0,"enemies":"Shell Parasite","floor":18,"turns":6},{"damage":22,"enemies":"3 Byrds","floor":22,"turns":5},{"damage":3,"enemies":"Replay:Snechameleon","floor":24,"turns":7},{"damage":8,"enemies":"Snake Plant","floor":25,"turns":4},{"damage":74,"enemies":"Nightmare","floor":27,"turns":9}],"seed_played":"7280924165748454462","potions_obtained":[{"floor":1,"key":"SkillPotion"},{"floor":6,"key":"Dexterity Potion"},{"floor":11,"key":"hexamod:EctoCoolerPotion"},{"floor":14,"key":"Ancient Potion"},{"floor":22,"key":"CultistPotion"},{"floor":25,"key":"Fire Potion"}],"is_trial":false,"path_per_floor":["M","M","?","$","M","E","?","E","T","M","M","$","E","M","R","B",null,"M","?","?","$","M","$","E","M","T","NM"],"character_chosen":"IRONCLAD","items_purchased":["Shrug It Off","Simple Rune","Blood Vial","expansioncontent:Collect","Shrug It Off","Headbutt","Body Slam","Fire Breathing","Bottled Lightning","Ghostly Armor"],"campfire_rested":0,"item_purchase_floors":[0,0,0,0,0,0,0,12,12,21],"current_hp_per_floor":[80,80,80,80,80,74,74,62,62,58,66,66,68,76,76,39,80,80,80,80,80,64,64,69,69,69,0,0],"gold":132,"neow_bonus":"","is_daily":false,"chose_seed":false,"campfire_upgraded":1,"win_rate":0.0,"timestamp":1610616883,"path_taken":["M","M","?","$","?","E","?","E","T","?","M","?","E","M","R","BOSS","M","?","?","$","M","$","E","M","T","NM"],"items_purchased_type":["Card","Relic","Relic","Card","Card","Card","Card","Card","Relic","Card"],"build_version":"2020-12-22","purchased_purges":9,"victory":false,"max_hp_per_floor":[80,80,80,80,80,80,80,80,80,80,80,80,80,80,80,80,80,80,80,80,80,80,80,80,80,80,80,80],"relic_stats":{"Blood Vial":55,"Nunchaku":[2],"Busted Crown":8,"counters":[68,289],"Self Forming Clay":[24],"obtain_stats":[{"Ice Cream":0,"Tiny House":34,"Vajra":48,"Whetstone":28,"Bottled Tornado":48,"Boot":44,"Blood Vial":9,"Sozu":17,"Centennial Puzzle":19,"Lizard Tail":9,"MealTicket":5,"Necronomicon":22,"Runic Cube":34,"MerchantsRug":36,"Pear":23,"Happy Flower":31,"Oddly Smooth Stone":54,"Eternal Feather":26,"Charon\u0027s Ashes":46,"Pen Nib":53,"infinitespire:Beetle Shell":24,"War Paint":24,"Question Card":25,"Du-Vu Doll":41,"Bottled Flame":43,"Bird Faced Urn":43,"Molten Egg 2":36,"Simple Rune":0,"Unceasing Top":0,"Pocketwatch":44,"Regal Pillow":6,"Lantern":36,"Blue Doll":9,"Bag of Preparation":36,"Ancient Tea Set":8,"Burning Blood":0,"ClockworkSouvenir":53,"Dream Catcher":5,"Nunchaku":39,"Replay:Bandana":13,"Matryoshka":36,"Mummified Hand":8,"Tiny Chest":5,"Red Skull":27,"Potion Belt":43,"Golden Idol":2,"Self Forming Clay":26,"PreservedInsect":36,"Omamori":3,"Frozen Egg 2":14,"Orichalcum":29,"Medical Kit":36,"CaptainsWheel":47,"Anchor":26,"Busted Crown":17,"Bag of Marbles":13,"Snack Pack":0,"Membership Card":5,"Bottled Lightning":12},{"Ice Cream":28,"Tiny House":17,"Vajra":25,"Whetstone":13,"Bottled Tornado":25,"Boot":22,"Blood Vial":5,"Sozu":9,"Centennial Puzzle":10,"Lizard Tail":31,"MealTicket":29,"Necronomicon":10,"Runic Cube":42,"MerchantsRug":18,"Pear":11,"Happy Flower":16,"Oddly Smooth Stone":27,"Eternal Feather":12,"Charon\u0027s Ashes":49,"Pen Nib":51,"infinitespire:Beetle Shell":66,"War Paint":38,"Question Card":38,"Du-Vu Doll":46,"Bottled Flame":46,"Bird Faced Urn":22,"Molten Egg 2":18,"Simple Rune":53,"Unceasing Top":53,"Pocketwatch":22,"Regal Pillow":4,"Lantern":43,"Blue Doll":58,"Bag of Preparation":18,"Ancient Tea Set":58,"Burning Blood":0,"ClockworkSouvenir":51,"Dream Catcher":3,"Nunchaku":20,"Replay:Bandana":61,"Matryoshka":18,"Mummified Hand":31,"Tiny Chest":3,"Red Skull":39,"Potion Belt":22,"Golden Idol":29,"Self Forming Clay":67,"PreservedInsect":18,"Omamori":29,"Frozen Egg 2":8,"Orichalcum":14,"Medical Kit":43,"CaptainsWheel":25,"Anchor":38,"Busted Crown":63,"Bag of Marbles":8,"Snack Pack":53,"Membership Card":3,"Bottled Lightning":60},{"Ice Cream":110,"Tiny House":63,"Vajra":93,"Whetstone":46,"Bottled Tornado":93,"Boot":81,"Blood Vial":15,"Sozu":32,"Centennial Puzzle":36,"Lizard Tail":118,"MealTicket":113,"Necronomicon":36,"Runic Cube":156,"MerchantsRug":66,"Pear":40,"Happy Flower":57,"Oddly Smooth Stone":104,"Eternal Feather":42,"Charon\u0027s Ashes":174,"Pen Nib":181,"infinitespire:Beetle Shell":276,"War Paint":140,"Question Card":140,"Du-Vu Doll":166,"Bottled Flame":166,"Bird Faced Urn":81,"Molten Egg 2":66,"Simple Rune":187,"Unceasing Top":187,"Pocketwatch":81,"Regal Pillow":13,"Lantern":158,"Blue Doll":219,"Bag of Preparation":66,"Ancient Tea Set":219,"Burning Blood":0,"ClockworkSouvenir":181,"Dream Catcher":6,"Nunchaku":75,"Replay:Bandana":241,"Matryoshka":66,"Mummified Hand":118,"Tiny Chest":6,"Red Skull":144,"Potion Belt":81,"Golden Idol":113,"Self Forming Clay":280,"PreservedInsect":66,"Omamori":113,"Frozen Egg 2":25,"Orichalcum":51,"Medical Kit":158,"CaptainsWheel":93,"Anchor":140,"Busted Crown":258,"Bag of Marbles":25,"Snack Pack":187,"Membership Card":6,"Bottled Lightning":233}],"Burning Blood":336,"Unceasing Top":[0]},"card_choices":[{"not_picked":["Blood for Blood","Second Wind","ReplayTheSpireMod:Limb From Limb"],"picked":"SKIP","floor":1},{"not_picked":["Inflame","Headbutt"],"picked":"Shrug It Off","floor":2},{"not_picked":["Havoc","Massacre"],"picked":"Body Slam","floor":5},{"not_picked":["Searing Blow","Replay:Undeath\u0027s Touch","Rupture"],"picked":"SKIP","floor":6},{"not_picked":["Blood for Blood","Carnage"],"picked":"Shrug It Off","floor":8},{"not_picked":["Clothesline","ReplayTheSpireMod:Muscle Training"],"picked":"Iron Wave","floor":10},{"not_picked":["Replay:Undeath\u0027s Touch","Replay:Many Hands"],"picked":"Dual Wield","floor":11},{"not_picked":["Cleave","Twin Strike"],"picked":"Life Link","floor":13},{"not_picked":["Shockwave","Heavy Blade","Dark Embrace"],"picked":"SKIP","floor":14},{"not_picked":["Eclipse","Demonic Infusion"],"picked":"Juggernaut","floor":16},{"not_picked":["Anger"],"picked":"SKIP","floor":18},{"not_picked":["Clothesline+1"],"picked":"SKIP","floor":22},{"not_picked":["Flex"],"picked":"SKIP","floor":24},{"not_picked":["Replay:Undeath\u0027s Touch+1"],"picked":"SKIP","floor":25}],"player_experience":113364,"relics_obtained":[{"floor":8,"key":"Ancient Tea Set"},{"floor":9,"key":"Blue Doll"},{"floor":13,"key":"Replay:Bandana"},{"floor":24,"key":"infinitespire:Beetle Shell"},{"floor":26,"key":"Oddly Smooth Stone"},{"floor":26,"key":"Self Forming Clay"}],"event_choices":[{"damage_healed":0,"gold_gain":0,"player_choice":"Ignored","damage_taken":0,"max_hp_gain":0,"max_hp_loss":0,"event_name":"Purifier","floor":3,"gold_loss":0},{"damage_healed":0,"gold_gain":0,"player_choice":"1 cards matched","damage_taken":0,"max_hp_gain":0,"max_hp_loss":0,"event_name":"Match and Keep!","floor":7,"gold_loss":0,"cards_obtained":["Feel No Pain"]},{"damage_healed":0,"gold_gain":0,"player_choice":"Obtained Relic","damage_taken":0,"relics_obtained":["Nunchaku"],"max_hp_gain":0,"max_hp_loss":0,"event_name":"Addict","floor":19,"gold_loss":85},{"damage_healed":0,"gold_gain":0,"player_choice":"Opened","damage_taken":0,"relics_obtained":["Matryoshka"],"max_hp_gain":0,"max_hp_loss":0,"event_name":"The Mausoleum","floor":20,"gold_loss":0,"cards_obtained":["Writhe"]}],"is_beta":false,"boss_relics":[{"not_picked":["ChewingGum","SacredBark"],"picked":"Busted Crown"}],"items_purged_floors":[0,0,0,0,0,0,0,21,23],"is_endless":false,"potions_floor_spawned":[1,6,11,14,22,25],"killed_by":"Nightmare","ascension_level":3}}