{"host":"1u4zr9vl8my47i07","time":1610600760,"event":{"mods":["AchievementEnabler","BaseMod","Colored Map","Highlight Path","Keyboard Shortcuts","Minty Spire (QoL Compilation)","Relic Stats","StSLib","SuperFastMode","Uncapped","Waifu the Spire","everything is the same but u backflip on backflip"],"gold_per_floor":[119,134,134,134,150,191,191,206,206,220,34,57,81,94,94,187,187,208,92,106,144,44,44,44,75,75,94,117,117,142,175,175,274,274,299,7,7,23,46,79,79,110,110,110,13,13,78,101,101,101],"floor_reached":51,"language":"KOR","playtime":2780,"items_purged":["Strike_R","Strike_R","Strike_R"],"score":1460,"play_id":"6d20438b-35c6-413d-95eb-82c24270055e","local_time":"20210114140600","is_ascension_mode":true,"campfire_choices":[{"floor":7.0,"key":"REST"},{"data":"Body Slam","floor":15.0,"key":"SMITH"},{"floor":23.0,"key":"REST"},{"floor":32,"key":"REST"},{"data":"Barricade","floor":41,"key":"SMITH"},{"data":"Offering","floor":44,"key":"SMITH"},{"floor":49,"key":"REST"}],"circlet_count":0,"master_deck":["AscendersBane","Defend_R","Defend_R","Defend_R","Defend_R","Bash","Carnage","Bloodletting","Shockwave","Feel No Pain","Fire Breathing","Body Slam+1","Warcry","Havoc","Shrug It Off","Battle Trance","Disarm","Cleave","Juggernaut","Power Through","Dark Embrace","Evolve","Seeing Red","Berserk","Burning Pact","Feel No Pain","Barricade+1","Fiend Fire","Battle Trance","Offering+1","Dark Shackles","Apotheosis","Shockwave+1"],"relics":["Burning Blood","NeowsBlessing","Golden Idol","CultistMask","Prayer Wheel","Mummified Hand","Medical Kit","Empty Cage","Red Mask","Paper Frog","Gremlin Horn","Bag of Preparation","Bottled Flame","SlaversCollar","ClockworkSouvenir","Pear","Du-Vu Doll","Magic Flower","CaptainsWheel"],"acts_visited":["Exordium","TheCity","TheBeyond"],"potions_floor_usage":[40,50,50],"damage_taken":[{"damage":0.0,"enemies":"Small Slimes","floor":1.0,"turns":1.0},{"damage":0.0,"enemies":"2 Louse","floor":2.0,"turns":1.0},{"damage":0.0,"enemies":"Cultist","floor":5.0,"turns":1.0},{"damage":48.0,"enemies":"3 Sentries","floor":6.0,"turns":13.0},{"damage":20.0,"enemies":"Lots of Slimes","floor":8.0,"turns":6.0},{"damage":19.0,"enemies":"Exordium Thugs","floor":10.0,"turns":4.0},{"damage":7.0,"enemies":"3 Louse","floor":12.0,"turns":2.0},{"damage":26.0,"enemies":"Exordium Wildlife","floor":13.0,"turns":5.0},{"damage":9.0,"enemies":"Blue Slaver","floor":14.0,"turns":4.0},{"damage":31.0,"enemies":"Slime Boss","floor":16.0,"turns":9.0},{"damage":24.0,"enemies":"3 Byrds","floor":18.0,"turns":6.0},{"damage":26.0,"enemies":"Spheric Guardian","floor":20.0,"turns":4.0},{"damage":7.0,"enemies":"Masked Bandits","floor":21.0,"turns":2.0},{"damage":36.0,"enemies":"Book of Stabbing","floor":25.0,"turns":5.0},{"damage":20.0,"enemies":"Shelled Parasite and Fungi","floor":27.0,"turns":5.0},{"damage":12.0,"enemies":"Snake Plant","floor":28.0,"turns":2.0},{"damage":15,"enemies":"Gremlin Leader","floor":31,"turns":4},{"damage":33,"enemies":"Automaton","floor":33,"turns":6},{"damage":6,"enemies":"3 Shapes","floor":35,"turns":4},{"damage":29,"enemies":"3 Darklings","floor":38,"turns":4},{"damage":6,"enemies":"Maw","floor":39,"turns":6},{"damage":6,"enemies":"Reptomancer","floor":40,"turns":3},{"damage":6,"enemies":"Mind Bloom Boss Battle","floor":42,"turns":4},{"damage":9,"enemies":"2 Orb Walkers","floor":47,"turns":3},{"damage":6,"enemies":"Transient","floor":48,"turns":6},{"damage":32,"enemies":"Donu and Deca","floor":50,"turns":3}],"seed_played":"-6147705362227331259","potions_obtained":[{"floor":2.0,"key":"ElixirPotion"},{"floor":12.0,"key":"LiquidBronze"},{"floor":13.0,"key":"PowerPotion"},{"floor":18.0,"key":"EssenceOfSteel"},{"floor":21.0,"key":"LiquidBronze"},{"floor":25.0,"key":"Regen Potion"},{"floor":33,"key":"DuplicationPotion"},{"floor":35,"key":"LiquidMemories"},{"floor":40,"key":"Weak Potion"}],"is_trial":false,"path_per_floor":["M","M","?","?","M","E","R","M","T","M","$","M","M","M","R","B",null,"M","$","M","?","$","R","?","E","T","M","M","?","T","E","R","B",null,"M","$","?","M","M","E","R","?","T","R","$","?","?","M","R","B",null],"character_chosen":"IRONCLAD","items_purchased":["Havoc","Medical Kit","Evolve","ClockworkSouvenir","Dark Shackles"],"campfire_rested":4,"item_purchase_floors":[11,11,19,36,45],"current_hp_per_floor":[74,75,49,49,55,13,35,21,21,8,8,7,37,34,34,9,59,41,41,21,20,20,42,57,27,27,27,21,21,21,12,34,7,58,58,58,58,35,35,45,45,45,45,45,45,45,45,48,73,50],"gold":101,"neow_bonus":"THREE_ENEMY_KILL","is_daily":false,"chose_seed":false,"campfire_upgraded":3,"win_rate":0.0,"timestamp":1610600760,"path_taken":["M","M","?","?","?","E","R","M","T","M","$","M","M","M","R","BOSS","M","?","M","?","$","R","?","E","T","M","?","?","?","E","R","BOSS","M","$","?","?","M","E","R","?","T","R","?","?","?","M","R","BOSS"],"items_purchased_type":["Card","Relic","Card","Relic","Card"],"build_version":"2020-12-22","purchased_purges":3,"victory":true,"max_hp_per_floor":[75,75,75,75,75,75,75,75,75,75,75,75,75,75,75,75,75,75,75,75,75,75,75,75,75,75,75,75,75,75,75,75,75,75,75,75,75,75,75,85,85,85,85,85,85,85,85,85,85,85],"relic_stats":{"Gremlin Horn":[10,15],"counters":[26,113],"Golden Idol":170,"Mummified Hand":[138],"Magic Flower":[9],"Prayer Wheel":13,"Bag of Preparation":[20],"Medical Kit":[78],"obtain_stats":[{"Pear":40,"NeowsBlessing":0,"Gremlin Horn":26,"Golden Idol":3,"Magic Flower":43,"Bag of Preparation":30,"Medical Kit":11,"Empty Cage":17,"Burning Blood":0,"ClockworkSouvenir":36,"Du-Vu Doll":42,"SlaversCollar":34,"Bottled Flame":31,"CaptainsWheel":47,"Mummified Hand":9,"Prayer Wheel":6,"CultistMask":4,"Red Mask":21,"Paper Frog":25},{"Pear":22,"NeowsBlessing":0,"Gremlin Horn":14,"Golden Idol":2,"Magic Flower":23,"Bag of Preparation":16,"Medical Kit":6,"Empty Cage":10,"Burning Blood":0,"ClockworkSouvenir":19,"Du-Vu Doll":23,"SlaversCollar":18,"Bottled Flame":17,"CaptainsWheel":24,"Mummified Hand":5,"Prayer Wheel":4,"CultistMask":2,"Red Mask":13,"Paper Frog":14},{"Pear":97,"NeowsBlessing":0,"Gremlin Horn":63,"Golden Idol":2,"Magic Flower":101,"Bag of Preparation":70,"Medical Kit":26,"Empty Cage":46,"Burning Blood":0,"ClockworkSouvenir":84,"Du-Vu Doll":101,"SlaversCollar":80,"Bottled Flame":74,"CaptainsWheel":104,"Mummified Hand":22,"Prayer Wheel":16,"CultistMask":2,"Red Mask":58,"Paper Frog":63}],"Burning Blood":160},"card_choices":[{"not_picked":["Warcry","Anger"],"picked":"Carnage","floor":1.0},{"not_picked":["Clash","Thunderclap","Burning Pact"],"picked":"SKIP","floor":2.0},{"not_picked":["Wild Strike","Heavy Blade"],"picked":"Bloodletting","floor":5.0},{"not_picked":["Headbutt","Cleave"],"picked":"Shockwave","floor":6.0},{"not_picked":["Dual Wield","Thunderclap"],"picked":"Feel No Pain","floor":8.0},{"not_picked":["Rage","Twin Strike"],"picked":"Fire Breathing","floor":8.0},{"not_picked":["True Grit","Rage"],"picked":"Body Slam","floor":10.0},{"not_picked":["Exhume","Pommel Strike"],"picked":"Warcry","floor":10.0},{"not_picked":["Shockwave","Pommel Strike"],"picked":"Shrug It Off","floor":12.0},{"not_picked":["Dual Wield","Warcry","Clash"],"picked":"SKIP","floor":12.0},{"not_picked":["Uppercut","Wild Strike"],"picked":"Battle Trance","floor":13.0},{"not_picked":["Sentinel","Flame Barrier"],"picked":"Disarm","floor":13.0},{"not_picked":["Heavy Blade","Iron Wave"],"picked":"Cleave","floor":14.0},{"not_picked":["Flex","Thunderclap","Iron Wave"],"picked":"SKIP","floor":14.0},{"not_picked":["Double Tap","Limit Break"],"picked":"Juggernaut","floor":16.0},{"not_picked":["Twin Strike","Clothesline"],"picked":"Power Through","floor":18.0},{"not_picked":["Iron Wave","Blood for Blood"],"picked":"Dark Embrace","floor":18.0},{"not_picked":["Twin Strike","Wild Strike"],"picked":"Seeing Red","floor":20.0},{"not_picked":["Wild Strike","Heavy Blade"],"picked":"Berserk","floor":20.0},{"not_picked":["Dark Embrace","Searing Blow"],"picked":"Burning Pact","floor":21.0},{"not_picked":["Pommel Strike","Shockwave","Iron Wave+1"],"picked":"SKIP","floor":25.0},{"not_picked":["True Grit","Warcry","Combust"],"picked":"SKIP","floor":27.0},{"not_picked":["Clash","Pommel Strike","Armaments"],"picked":"SKIP","floor":27.0},{"not_picked":["Combust","Clothesline","Whirlwind+1"],"picked":"SKIP","floor":28.0},{"not_picked":["Clash+1","Headbutt","Exhume"],"picked":"SKIP","floor":28.0},{"not_picked":["Flame Barrier","Searing Blow"],"picked":"Feel No Pain","floor":31},{"not_picked":["Berserk","Bludgeon"],"picked":"Barricade","floor":33},{"not_picked":["Iron Wave","Body Slam","Metallicize+1"],"picked":"SKIP","floor":35},{"not_picked":["Havoc","Anger","Warcry"],"picked":"SKIP","floor":35},{"not_picked":["Flame Barrier","Anger"],"picked":"Battle Trance","floor":38},{"not_picked":["Sword Boomerang+1","Uppercut","Warcry"],"picked":"SKIP","floor":38},{"not_picked":["Thunderclap","Sword Boomerang"],"picked":"Offering","floor":39},{"not_picked":["Rupture","Havoc","Cleave"],"picked":"SKIP","floor":39},{"not_picked":["Juggernaut","Clothesline","Berserk"],"picked":"SKIP","floor":40},{"not_picked":["Enlightenment","HandOfGreed"],"picked":"Apotheosis","floor":46},{"not_picked":["Sever Soul","Heavy Blade"],"picked":"Shockwave+1","floor":47},{"not_picked":["Battle Trance","Wild Strike","Whirlwind+1"],"picked":"SKIP","floor":48},{"not_picked":["Dropkick","Clothesline","Fire Breathing"],"picked":"SKIP","floor":48}],"player_experience":339627,"relics_obtained":[{"floor":6.0,"key":"Prayer Wheel"},{"floor":9.0,"key":"Mummified Hand"},{"floor":21.0,"key":"Red Mask"},{"floor":25.0,"key":"Paper Frog"},{"floor":26.0,"key":"Gremlin Horn"},{"floor":30.0,"key":"Bag of Preparation"},{"floor":31,"key":"Bottled Flame"},{"floor":40,"key":"Pear"},{"floor":42,"key":"Du-Vu Doll"},{"floor":43,"key":"Magic Flower"},{"floor":47,"key":"CaptainsWheel"}],"event_choices":[{"damage_healed":0.0,"max_hp_gain":0.0,"max_hp_loss":0.0,"gold_gain":0.0,"event_name":"Golden Idol","player_choice":"Take Damage","floor":3.0,"gold_loss":0.0,"damage_taken":26.0,"relics_obtained":["Golden Idol"]},{"damage_healed":0.0,"max_hp_gain":0.0,"max_hp_loss":0.0,"gold_gain":0.0,"event_name":"FaceTrader","player_choice":"Trade","floor":4.0,"gold_loss":0.0,"damage_taken":0.0,"relics_obtained":["CultistMask"]},{"damage_healed":0.0,"max_hp_gain":0.0,"max_hp_loss":0.0,"gold_gain":0.0,"event_name":"Masked Bandits","player_choice":"Fought Bandits","floor":21.0,"gold_loss":0.0,"damage_taken":0.0},{"damage_healed":15.0,"max_hp_gain":0.0,"max_hp_loss":0.0,"gold_gain":0.0,"event_name":"The Library","player_choice":"Heal","floor":24.0,"gold_loss":0.0,"damage_taken":0.0},{"damage_healed":0.0,"max_hp_gain":0.0,"max_hp_loss":0.0,"gold_gain":0.0,"event_name":"The Mausoleum","player_choice":"Ignored","floor":29.0,"gold_loss":0.0,"damage_taken":0.0},{"damage_healed":0,"gold_gain":0,"player_choice":"1 cards matched","damage_taken":0,"max_hp_gain":0,"max_hp_loss":0,"event_name":"Match and Keep!","floor":37,"gold_loss":0,"cards_obtained":["Fiend Fire"]},{"damage_healed":0,"gold_gain":0,"player_choice":"Fight","damage_taken":0,"max_hp_gain":0,"max_hp_loss":0,"event_name":"MindBloom","floor":42,"gold_loss":0},{"damage_healed":0,"gold_gain":0,"player_choice":"Memory 1","damage_taken":0,"max_hp_gain":0,"max_hp_loss":0,"event_name":"SensoryStone","floor":46,"gold_loss":0},{"damage_healed":0,"gold_gain":0,"player_choice":"Fight","damage_taken":0,"max_hp_gain":0,"max_hp_loss":0,"event_name":"Mysterious Sphere","floor":47,"gold_loss":0}],"is_beta":false,"boss_relics":[{"not_picked":["Runic Cube","Ectoplasm"],"picked":"Empty Cage"},{"not_picked":["Black Star","Runic Pyramid"],"picked":"SlaversCollar"}],"items_purged_floors":[19,22,36],"is_endless":false,"potions_floor_spawned":[2,12,13,14,18,21,25,33,35,39,40],"ascension_level":18}}