{"host":"7uuqqk35leady37t","time":1610608560,"event":{"mods":["BaseMod","Colored Map","Colored Powertips","Downfall","Marisa£®ÏF”Í°°ƒß¿Ì…≥£©","Minty Spire (QoL Compilation)","Relic Stats","Remilia£®¿Ÿ√◊¿Ú—«£©","Replay The Spire","Robot Space Explorer","StSLib","The Bug Knight","The Servant 0.9.4","UnlockEverythingMod","Waifu the Spire","Yuri Mod","[IsaacMod]“‘»ˆº‚À˛"],"gold_per_floor":[118,131,131,131,148,148,148],"floor_reached":6,"language":"ZHS","playtime":294,"items_purged":[],"score":72,"play_id":"adda49ad-c454-4622-a337-1ec0800810e1","local_time":"20210114151600","is_ascension_mode":true,"campfire_choices":[],"circlet_count":0,"master_deck":["AscendersBane","Strike_B","Strike_B","Strike_B","Strike_B","Defend_B","Defend_B","Defend_B","Defend_B","Zap","Dualcast","Bomb","Cold Snap","White Noise","Reboot"],"relics":["Cracked Core","HushsDoor","D6","Ring of Hypnosis","ReplayTheSpireMod:Ring of Addiction","Potion Belt","White Beast Statue"],"acts_visited":["Exordium"],"potions_floor_usage":[5,6,6,6],"damage_taken":[{"damage":2.0,"enemies":"Cultist","floor":1.0,"turns":4.0},{"damage":0,"enemies":"Small Slimes","floor":2,"turns":2},{"damage":3,"enemies":"2 Louse","floor":5,"turns":2},{"damage":66,"enemies":"Gremlin Nob","floor":6,"turns":3}],"seed_played":"8342925831706056845","potions_obtained":[{"floor":1.0,"key":"Elixir"},{"floor":3,"key":"BlessingOfTheForge"},{"floor":3,"key":"Energy Potion"},{"floor":3,"key":"FearPotion"},{"floor":5,"key":"AttackPotion"}],"is_trial":false,"path_per_floor":["M","M","?","?","M","E"],"character_chosen":"DEFECT","items_purchased":[],"campfire_rested":0,"item_purchase_floors":[],"current_hp_per_floor":[69,69,69,62,59,0,0],"gold":148,"neow_bonus":"TEN_PERCENT_HP_BONUS","is_daily":false,"chose_seed":false,"campfire_upgraded":0,"win_rate":0.0,"timestamp":1610608560,"path_taken":["M","?","?","?","M","E"],"items_purchased_type":[],"build_version":"2020-12-22","purchased_purges":0,"victory":false,"max_hp_per_floor":[78,78,78,78,78,78,78],"relic_stats":{"counters":[4,11],"obtain_stats":[{"KeepersGift":0,"Potion Belt":3,"D6":0,"Ring of Hypnosis":3,"ReplayTheSpireMod:Ring of Addiction":3,"Cracked Core":0,"HushsDoor":0,"White Beast Statue":3},{"KeepersGift":0,"Potion Belt":2,"D6":0,"Ring of Hypnosis":2,"ReplayTheSpireMod:Ring of Addiction":2,"Cracked Core":0,"HushsDoor":0,"White Beast Statue":2},{"KeepersGift":0,"Potion Belt":6,"D6":0,"Ring of Hypnosis":6,"ReplayTheSpireMod:Ring of Addiction":6,"Cracked Core":0,"HushsDoor":0,"White Beast Statue":6}]},"card_choices":[{"not_picked":[],"picked":"Bomb","floor":0.0},{"not_picked":["Panic Button","Coolheaded"],"picked":"Cold Snap","floor":1.0},{"not_picked":["Rebound","Compile Driver"],"picked":"White Noise","floor":2},{"not_picked":["Turbo","ReplaySolidLightProjector"],"picked":"Reboot","floor":5}],"player_experience":53410,"relics_obtained":[{"floor":3,"key":"Ring of Hypnosis"},{"floor":3,"key":"ReplayTheSpireMod:Ring of Addiction"},{"floor":3,"key":"Potion Belt"},{"floor":3,"key":"White Beast Statue"}],"event_choices":[{"cards_removed":["Spreading Infection"],"damage_healed":0,"gold_gain":0,"player_choice":"Card Removal","damage_taken":7,"max_hp_gain":0,"max_hp_loss":0,"event_name":"Golden Wing","floor":4,"gold_loss":0}],"is_beta":false,"boss_relics":[],"items_purged_floors":[],"is_endless":false,"potions_floor_spawned":[1,5],"killed_by":"Gremlin Nob","ascension_level":20}}