{"host":"52lujqhsyicpcskq","time":1610598745,"event":{"mods":["BaseMod","Colored Map","DeckTracker","Minty Spire (QoL Compilation)","Permanent Neow","StSLib","SuperFastMode","everything is the same but u backflip on backflip"],"gold_per_floor":[219,79,79,97,114,140,155,155,155,155,170,170,170],"floor_reached":12,"language":"KOR","playtime":420,"items_purged":[],"score":128,"play_id":"2432b89d-ac4e-4e5b-8e1f-4c9b340fe45b","local_time":"20210114133225","is_ascension_mode":true,"campfire_choices":[{"floor":8,"key":"REST"},{"data":"Calculated Gamble","floor":10,"key":"SMITH"}],"circlet_count":0,"master_deck":["AscendersBane","Strike_G","Strike_G","Strike_G+1","Strike_G","Defend_G","Defend_G","Defend_G","Defend_G","Defend_G","Survivor","Neutralize","Dagger Spray+1","Grand Finale","A Thousand Cuts","Backflip","Prepared","Dodge and Roll","Calculated Gamble+1","Skewer"],"relics":["Ring of the Snake","Lantern","Whetstone"],"acts_visited":["Exordium"],"potions_floor_usage":[7,12],"damage_taken":[{"damage":7,"enemies":"Cultist","floor":1,"turns":6},{"damage":4,"enemies":"Jaw Worm","floor":4,"turns":7},{"damage":0,"enemies":"Small Slimes","floor":5,"turns":4},{"damage":20,"enemies":"Lagavulin","floor":6,"turns":7},{"damage":10,"enemies":"3 Louse","floor":7,"turns":7},{"damage":7,"enemies":"Exordium Thugs","floor":11,"turns":6},{"damage":50,"enemies":"Gremlin Nob","floor":12,"turns":4}],"seed_played":"-7808933558671884039","potions_obtained":[{"floor":4,"key":"Swift Potion"},{"floor":11,"key":"Poison Potion"}],"is_trial":false,"path_per_floor":["M","$","?","M","M","E","M","R","T","R","M","E"],"character_chosen":"THE_SILENT","items_purchased":["Grand Finale"],"campfire_rested":1,"item_purchase_floors":[2],"current_hp_per_floor":[56,56,56,52,52,32,22,43,43,43,36,0,0],"gold":170,"neow_bonus":"HUNDRED_GOLD","is_daily":false,"chose_seed":false,"campfire_upgraded":1,"win_rate":0.0,"timestamp":1610598745,"path_taken":["M","$","?","M","M","E","M","R","T","R","M","E"],"items_purchased_type":["Card"],"build_version":"2020-12-22","purchased_purges":0,"victory":false,"max_hp_per_floor":[70,70,70,70,70,70,70,70,70,70,70,70,70],"card_choices":[{"not_picked":["Slice","Quick Slash"],"picked":"Dagger Spray","floor":1},{"not_picked":["Flechettes","Deadly Poison"],"picked":"Backflip","floor":4},{"not_picked":["Blur","Blade Dance"],"picked":"Prepared","floor":5},{"not_picked":["Poisoned Stab","Underhanded Strike"],"picked":"Dodge and Roll","floor":6},{"not_picked":["Eviscerate","Slice"],"picked":"Calculated Gamble","floor":7},{"not_picked":["Concentrate","Dodge and Roll","Skewer"],"picked":"SKIP","floor":11},{"not_picked":["Concentrate","Dodge and Roll"],"picked":"Skewer","floor":11}],"player_experience":705189,"relics_obtained":[{"floor":6,"key":"Lantern"},{"floor":9,"key":"Whetstone"}],"event_choices":[{"damage_healed":0,"gold_gain":0,"cards_transformed":["Strike_G"],"player_choice":"Transformed","damage_taken":0,"max_hp_gain":0,"max_hp_loss":0,"event_name":"Transmorgrifier","floor":3,"gold_loss":0,"cards_obtained":["A Thousand Cuts"]}],"is_beta":false,"boss_relics":[],"items_purged_floors":[],"is_endless":false,"potions_floor_spawned":[4,11],"killed_by":"Gremlin Nob","ascension_level":12}}