{"host":"Connor","time":1610642694,"event":{"mods":["Aspiration","BaseMod","Downfall","Hubris","Marisa????????","Minty Spire (QoL Compilation)","Replay The Spire","StSLib","The Cursed","The Jungle","The Servant 0.9.4"],"gold_per_floor":[118,225,225,225,242,261,261,261],"floor_reached":7,"language":"ENG","playtime":193,"items_purged":[],"score":80,"play_id":"fec41fb6-680f-41f1-b362-312dccc2a2b6","local_time":"20210114084454","is_ascension_mode":true,"campfire_choices":[],"circlet_count":0,"master_deck":["AscendersBane","Strike_R","Strike_R","Strike_R","Strike_R","Strike_R","Defend_R","Defend_R","Defend_R","Defend_R","Bash","Clothesline","Iron Wave","Carnage","Second Wind","Iron Wave","hubris:NaturalOne","Shrug It Off"],"relics":["Burning Blood","aspiration:Nostalgia","MiniHakkero","hubris:Icosahedron","Ice Cream"],"acts_visited":["Exordium"],"potions_floor_usage":[7],"damage_taken":[{"damage":12,"enemies":"Cultist","floor":1,"turns":4},{"damage":6,"enemies":"2 Louse","floor":5,"turns":3},{"damage":4,"enemies":"Small Slimes","floor":6,"turns":3},{"damage":49,"enemies":"Lagavulin","floor":7,"turns":9}],"seed_played":"7844875926003770351","potions_obtained":[{"floor":6,"key":"Weak Potion"}],"is_trial":false,"path_per_floor":["M","?","?","?","M","M","E"],"character_chosen":"IRONCLAD","items_purchased":[],"campfire_rested":0,"item_purchase_floors":[],"current_hp_per_floor":[62,38,38,33,33,35,0,0],"gold":261,"neow_bonus":"NOSTALGIA","is_daily":false,"chose_seed":false,"campfire_upgraded":0,"win_rate":0.0,"timestamp":1610642694,"path_taken":["M","?","?","?","M","?","E"],"items_purchased_type":[],"build_version":"2020-12-18","purchased_purges":0,"victory":false,"max_hp_per_floor":[75,75,75,75,75,75,75,75],"card_choices":[{"not_picked":["hubris:CleavingFinish","Wild Strike"],"picked":"Clothesline","floor":1},{"not_picked":["Anger","Run Through"],"picked":"Iron Wave","floor":2},{"not_picked":["Hemokinesis","True Grit"],"picked":"Carnage","floor":2},{"not_picked":["Sword Boomerang","Wild Strike"],"picked":"Second Wind","floor":2},{"not_picked":["Massacre","Heavy Blade"],"picked":"Iron Wave","floor":5},{"not_picked":["Disarm","Limit Break"],"picked":"Shrug It Off","floor":6}],"player_experience":634834,"relics_obtained":[],"event_choices":[{"damage_healed":0,"gold_gain":0,"player_choice":"Success","damage_taken":5,"relics_obtained":["Ice Cream"],"max_hp_gain":0,"max_hp_loss":0,"event_name":"Scrap Ooze","floor":4,"gold_loss":0}],"is_beta":true,"boss_relics":[],"items_purged_floors":[],"is_endless":false,"potions_floor_spawned":[6],"killed_by":"Lagavulin","ascension_level":19}}