{"host":"4sgoj70bvr8ov3jh","time":1610612759,"event":{"mods":["2.2 Compatiblity","AchievementEnabler","BaseMod","Chen","GifTheSpireLib","Hero for Fun","Marisa????????","Minty Spire (QoL Compilation)","Permanent Neow","Remilia_Scarlet Moed?????·?????3.3.5","StSLib","The Alterego","The Servant 0.9.4"],"gold_per_floor":[118,118,118,118059,118059,118094,118094,118107,118155,117328,117343,117362,117380,117380,117380,117510,117510,117523,117127,117127,117142,117167,117167,117211,117211,117211,117211,116193,116193,116233,116233,116233,116362,116362,116382,116396,116459,114129,114129,114129,114154,114187,114187,114227,114240,114260,114300,114300,114300,114300,114300,114300,112327,112370,112370],"floor_reached":56,"language":"ENG","playtime":2224,"items_purged":[],"score":2083,"play_id":"4c3a0b07-66c3-4d53-8d49-d9b231e2ad5f","local_time":"20210114002559","is_ascension_mode":true,"campfire_choices":[{"floor":7,"key":"RECALL"},{"data":"Zap","floor":15,"key":"SMITH"},{"data":"Chrysalis","floor":23,"key":"SMITH"},{"data":"Dualcast","floor":27,"key":"SMITH"},{"data":"Enlightenment","floor":32,"key":"SMITH"},{"data":"1","floor":40,"key":"LIFT"},{"data":"2","floor":49,"key":"LIFT"},{"data":"3","floor":52,"key":"LIFT"}],"circlet_count":1,"master_deck":["Strike_B+1","Strike_B+1","Strike_B+1","Strike_B+1","Defend_B+1","Defend_B+1","Defend_B+1","Defend_B+1","Zap+1","Dualcast+1","Barricade+1","Barricade+1","Barricade+1","All For One","Chaos+1","Regret","Chrysalis+1","Swift Strike","Enlightenment+1","Doom and Gloom+1","Turbo+1","Machine Learning+1","Static Discharge+1","Beam Cell+1","Madness+1","The Bomb+1","Blizzard+1","Chaos+1","Capacitor+1","Capacitor+1","Loop+1","Defragment+1","Redo+1","Capacitor+1","Heatsinks+1","Capacitor+1","FTL+1","Storm+1","Cold Snap+1","Core Surge+1","Storm+1","FTL+1","Compile Driver+1","Panacea+1","Secret Technique+1","EmptyBody+1","GalacticHalo+1","Rainbow+1","Gash+1","Self Repair+1","Coolheaded+1","Capacitor+1","Redo+1","Storm+1","Storm+1","Static Discharge+1","Static Discharge+1","Defragment+1","Hello World+1","Ball Lightning+1","Gash+1","Mind Blast+1","Master of Strategy+1","Compile Driver+1","Dark Shackles+1","Enlightenment+1","Discovery+1","Chen:ResistTemptation+1","Chen:Adaptability+1","ShatteredReality+1","Chen:ShikigamiForm+1","alterego_mod:Mirror+1","Capacitor+1","Defragment+1","Mayhem+1","NonDirectionalLaser+1","Regret","Darkness+1","Double Energy+1","Rainbow+1","Ball Lightning+1","Rainbow+1","Fusion+1","Stack+1","Multi-Cast+1","Stack+1","Ball Lightning+1","Coolheaded+1","Go for the Eyes+1","Static Discharge+1","Heatsinks+1","Biased Cognition+1","Trip+1","Master of Strategy+1","Mayhem+1","Panacea+1","Ghostly+1","Ghostly+1","Ghostly+1","Ghostly+1","Ghostly+1","Double Energy+1","Decay","alterego_mod:GachaTicket+1","PowerUp+1","White Noise+1","Metamorphosis+1","Chrysalis+1","alterego_mod:ChallengeComplete+1","alterego_mod:Support+1","PowerUp+1","Chrysalis+1","Panache+1","Metamorphosis+1","Gash+1","FTL+1","Redo+1","Stack+1","RemiliaMod:CDXSJ+1"],"relics":["Cracked Core","Akabeko","The Courier","Mango","Symbiotic Virus","Odd Mushroom","RemiliaMod:RXiangDui","Bronze Scales","Bronze Scales","Bronze Scales","Bronze Scales","Bronze Scales","Bronze Scales","Bronze Scales","Bronze Scales","Bronze Scales","Bronze Scales","Bronze Scales","Bronze Scales","Bronze Scales","Bronze Scales","Bronze Scales","Bronze Scales","Bronze Scales","Bronze Scales","Bronze Scales","Bronze Scales","Bronze Scales","Bronze Scales","Bronze Scales","Bronze Scales","Bronze Scales","Bronze Scales","Bronze Scales","Bronze Scales","Bronze Scales","Bronze Scales","Bronze Scales","Bronze Scales","Bronze Scales","Bronze Scales","Bronze Scales","Bronze Scales","Bronze Scales","Bronze Scales","Bronze Scales","Bronze Scales","Bronze Scales","Bronze Scales","Bronze Scales","Bronze Scales","Bronze Scales","Bronze Scales","Bronze Scales","Bronze Scales","Bronze Scales","Bronze Scales","Bronze Scales","Bronze Scales","Bronze Scales","Bronze Scales","Bronze Scales","Bronze Scales","Bronze Scales","RemiliaMod:RXiangDui","Odd Mushroom","Symbiotic Virus","Inserter","Ancient Tea Set","Golden Idol","Membership Card","Calipers","OrangePellets","Potion Belt","Toxic Egg 2","Molten Egg 2","Frozen Egg 2","Nunchaku","PrismaticShard","Mummified Hand","Thread and Needle","Happy Flower","Lizard Tail","Lee\u0027s Waffle","White Beast Statue","DataDisk","DataDisk","DataDisk","DataDisk","DataDisk","DataDisk","DataDisk","DataDisk","DataDisk","DataDisk","DataDisk","DataDisk","DataDisk","DataDisk","Dead Branch","Enchiridion","Cursed Key","Membership Card","Mercury Hourglass","Kunai","Bag of Preparation","Gremlin Horn","MutagenicStrength","Oddly Smooth Stone","Orichalcum","PrismaticShard","Tiny Chest","Frozen Egg 2","Art of War","Letter Opener","SacredBark","CatCart","Pantograph","Cables","Frozen Eye","Toxic Egg 2","Eternal Feather","Girya","Bottled Tornado","Bronze Scales","HornCleat","Lantern","Vajra","PreservedInsect","Blood Vial","Ornamental Fan","Bottled Lightning","CaptainsWheel","Shuriken","Toy Ornithopter","InkBottle","Sundial","Blue Candle","Pen Nib","Symbiotic Virus","Omamori","Anchor","Strawberry","Meat on the Bone","Peace Pipe","Emotion Chip","Turnip","Pocketwatch","StoneCalendar","Mango","Ice Cream","Bird Faced Urn","TheAbacus","Dead Branch","Du-Vu Doll","TungstenRod","Incense Burner","Torii","Gambling Chip","Ginger","FossilizedHelix","Circlet"],"acts_visited":["Exordium","TheCity","TheBeyond","TheEnding"],"potions_floor_usage":[36,37,37,37,45,45,50,50,50,50,50,55,55,55,55],"damage_taken":[{"damage":7,"enemies":"Jaw Worm","floor":1,"turns":3},{"damage":0,"enemies":"Gremlin Nob","floor":6,"turns":2},{"damage":10,"enemies":"2 Louse","floor":8,"turns":1},{"damage":2,"enemies":"Small Slimes","floor":11,"turns":1},{"damage":0,"enemies":"Looter","floor":12,"turns":1},{"damage":8,"enemies":"Exordium Wildlife","floor":13,"turns":1},{"damage":0,"enemies":"The Guardian","floor":16,"turns":1},{"damage":0,"enemies":"Spheric Guardian","floor":18,"turns":1},{"damage":0,"enemies":"2 Thieves","floor":21,"turns":1},{"damage":0,"enemies":"Cultist and Chosen","floor":22,"turns":1},{"damage":0,"enemies":"Gremlin Leader","floor":24,"turns":2},{"damage":1,"enemies":"Slavers","floor":30,"turns":1},{"damage":0,"enemies":"Collector","floor":33,"turns":1},{"damage":0,"enemies":"Orb Walker","floor":35,"turns":1},{"damage":0,"enemies":"3 Darklings","floor":36,"turns":1},{"damage":2,"enemies":"Orin","floor":37,"turns":8},{"damage":0,"enemies":"Maw","floor":41,"turns":2},{"damage":0,"enemies":"Nemesis","floor":42,"turns":1},{"damage":0,"enemies":"Reptomancer","floor":44,"turns":1},{"damage":0,"enemies":"Jaw Worm Horde","floor":45,"turns":2},{"damage":0,"enemies":"Spire Growth","floor":46,"turns":1},{"damage":0,"enemies":"Nemesis","floor":47,"turns":1},{"damage":1,"enemies":"Donu and Deca","floor":50,"turns":2},{"damage":0,"enemies":"Shield and Spear","floor":54,"turns":1},{"damage":0,"enemies":"The Heart","floor":55,"turns":2}],"seed_played":"-3762925594169121769","potions_obtained":[{"floor":8,"key":"EssenceOfSteel"},{"floor":11,"key":"EssenceOfSteel"},{"floor":12,"key":"Block Potion"},{"floor":13,"key":"DistilledChaos"},{"floor":16,"key":"Fire Potion"},{"floor":30,"key":"LiquidMemories"},{"floor":35,"key":"EssenceOfDarkness"},{"floor":36,"key":"Regen Potion"},{"floor":37,"key":"LiquidMemories"},{"floor":41,"key":"LiquidBronze"},{"floor":42,"key":"PotionOfCapacity"},{"floor":45,"key":"PotionOfCapacity"},{"floor":46,"key":"DistilledChaos"}],"is_trial":false,"path_per_floor":["M","?","?","$","?","E","R","M","T","$","M","M","M","?","R","B",null,"M","$","?","M","M","R","E","?","T","R","$","?","E","T","R","B",null,"M","M","?","$","T","R","M","E","T","E","M","M","E","?","R","B",null,"R","$","E","B",null],"character_chosen":"DEFECT","items_purchased":["Calipers","OrangePellets","Potion Belt","Chrysalis","Swift Strike","Enlightenment","Doom and Gloom","Turbo","Machine Learning","Static Discharge+1","Beam Cell+1","Madness","The Bomb","Nunchaku","Blizzard+1","Chaos+1","Capacitor+1","Capacitor+1","Loop+1","Defragment+1","Redo+1","Capacitor+1","Heatsinks+1","Capacitor+1","FTL+1","Storm+1","Cold Snap+1","Core Surge+1","Storm+1","FTL+1","Compile Driver+1","Panacea+1","Mummified Hand","Thread and Needle","Happy Flower","Secret Technique+1","Rainbow+1","Gash+1","Self Repair+1","Coolheaded+1","Capacitor+1","Redo+1","Storm+1","Storm+1","Static Discharge+1","Static Discharge+1","Defragment+1","Hello World+1","Ball Lightning+1","Gash+1","Mind Blast+1","Master of Strategy+1","Compile Driver+1","Lee\u0027s Waffle","White Beast Statue","DataDisk","Dark Shackles+1","Enlightenment+1","Discovery+1","Capacitor+1","Defragment+1","Mayhem+1","Membership Card","Mercury Hourglass","Kunai","Bag of Preparation","Darkness+1","Double Energy+1","Rainbow+1","Ball Lightning+1","Rainbow+1","Fusion+1","Stack+1","Multi-Cast+1","Stack+1","Ball Lightning+1","Coolheaded+1","Go for the Eyes+1","Static Discharge+1","Heatsinks+1","Biased Cognition+1","Trip+1","Master of Strategy+1","Mayhem+1","Panacea+1","Orichalcum","PrismaticShard","Tiny Chest","Frozen Egg 2","White Noise+1","Metamorphosis+1","Pantograph","Cables","Frozen Eye","Toxic Egg 2","Eternal Feather","Girya","Bottled Tornado","Bronze Scales","HornCleat","Lantern","Vajra","PreservedInsect","Blood Vial","Ornamental Fan","Bottled Lightning","CaptainsWheel","Shuriken","Toy Ornithopter","InkBottle","Sundial","Blue Candle","Pen Nib","Symbiotic Virus","Omamori","Anchor","Strawberry","StoneCalendar","Mango","Ice Cream","Bird Faced Urn","TheAbacus","Dead Branch","Du-Vu Doll","TungstenRod","Incense Burner","Torii","Gambling Chip","Ginger","FossilizedHelix","Circlet","CultistPotion","FocusPotion","Block Potion","Energy Potion","AttackPotion","Swift Potion","FocusPotion","PowerPotion","PotionOfCapacity","Gash+1","FTL+1","Redo+1","Stack+1"],"campfire_rested":0,"item_purchase_floors":[4,4,4,4,4,4,4,4,4,4,4,4,4,4,4,4,4,4,4,4,4,4,4,4,4,4,4,4,4,4,4,4,4,4,4,4,10,10,10,10,10,10,10,10,10,10,10,10,10,10,10,10,10,10,10,10,10,10,10,19,19,19,19,19,19,19,28,28,28,28,28,28,28,28,28,28,28,28,28,28,28,28,28,28,28,28,28,28,28,38,38,38,38,38,38,38,38,38,38,38,38,38,38,38,38,38,38,38,38,38,38,38,38,38,38,38,38,53,53,53,53,53,53,53,53,53,53,53,53,53,53,53,53,53,53,53,53,53,53,53,53,53,53,53],"current_hp_per_floor":[84,84,62,62,44,46,46,38,38,96,96,96,92,92,92,96,96,96,96,96,96,96,96,96,96,96,96,96,48,48,48,48,48,48,48,48,48,55,55,55,55,55,55,55,55,55,55,45,55,55,55,55,69,69,69],"gold":112370,"neow_bonus":"ONE_RANDOM_RARE_CARD","is_daily":false,"chose_seed":false,"campfire_upgraded":4,"win_rate":0.0,"timestamp":1610612759,"path_taken":["M","?","?","?","?","E","R","M","T","?","?","M","M","?","R","BOSS","M","$","?","M","M","R","E","?","T","R","$","?","E","?","R","BOSS","M","M","?","$","?","R","M","E","T","E","M","M","E","?","R","BOSS","R","$","E","BOSS"],"items_purchased_type":["Relic","Relic","Relic","Card","Card","Card","Card","Card","Card","Card","Card","Card","Card","Relic","Card","Card","Card","Card","Card","Card","Card","Card","Card","Card","Card","Card","Card","Card","Card","Card","Card","Card","Relic","Relic","Relic","Card","Card","Card","Card","Card","Card","Card","Card","Card","Card","Card","Card","Card","Card","Card","Card","Card","Card","Relic","Relic","Relic","Card","Card","Card","Card","Card","Card","Relic","Relic","Relic","Relic","Card","Card","Card","Card","Card","Card","Card","Card","Card","Card","Card","Card","Card","Card","Card","Card","Card","Card","Card","Relic","Relic","Relic","Relic","Card","Card","Relic","Relic","Relic","Relic","Relic","Relic","Relic","Relic","Relic","Relic","Relic","Relic","Relic","Relic","Relic","Relic","Relic","Relic","Relic","Relic","Relic","Relic","Relic","Relic","Relic","Relic","Relic","Relic","Relic","Relic","Relic","Relic","Relic","Relic","Relic","Relic","Relic","Relic","Relic","Undefined","Potion","Potion","Potion","Potion","Potion","Potion","Potion","Potion","Potion","Card","Card","Card","Card"],"build_version":"2020-12-22","purchased_purges":0,"victory":true,"max_hp_per_floor":[89,89,89,89,89,89,89,89,89,96,96,96,96,96,96,96,96,96,96,96,96,96,96,96,96,96,96,96,48,48,48,48,48,48,48,48,48,55,55,55,55,55,55,55,55,55,55,55,55,55,55,55,69,69,69],"card_choices":[{"not_picked":["Gash","Reprogram"],"picked":"Chaos","floor":1},{"not_picked":["InnerPeace+1","Concentrate+1"],"picked":"EmptyBody+1","floor":6},{"not_picked":["alterego_mod:DustData+1","Heel Hook+1"],"picked":"GalacticHalo+1","floor":8},{"not_picked":["ThirdEye+1","Dodge and Roll+1"],"picked":"Chen:ResistTemptation+1","floor":11},{"not_picked":["Chen:ResistTemptation+1","Ignore+1"],"picked":"Chen:Adaptability+1","floor":12},{"not_picked":["RemiliaMod:CJDB+1","Ricochet+1"],"picked":"ShatteredReality+1","floor":13},{"not_picked":["SuperNova+1","alterego_mod:BrynhildrRomantia+1"],"picked":"Chen:ShikigamiForm+1","floor":16},{"not_picked":["Concentrate+1","Unruled+1"],"picked":"alterego_mod:Mirror+1","floor":18},{"not_picked":["Sever Soul+1","alterego_mod:TrashNCrash+1","alterego_mod:DeftHands+1"],"picked":"SKIP","floor":21},{"not_picked":["RemiliaMod:CJNGSYD+1","Starlight+1","Shrug It Off+1"],"picked":"SKIP","floor":22},{"not_picked":["alterego_mod:Skirt+1","MilkyWay+1"],"picked":"NonDirectionalLaser+1","floor":24},{"not_picked":["ReturningBlade+1","StarBarrage+1"],"picked":"Double Energy+1","floor":30},{"not_picked":["NonDirectionalLaser+1","Deadly Poison+1"],"picked":"alterego_mod:GachaTicket+1","floor":35},{"not_picked":["WindmillStrike+1","Eviscerate+1"],"picked":"PowerUp+1","floor":36},{"not_picked":["Blind+1","EventHorizon+1"],"picked":"Chrysalis+1","floor":41},{"not_picked":["alterego_mod:BusterCard+1","Chen:EvasiveFireShift+1"],"picked":"alterego_mod:ChallengeComplete+1","floor":42},{"not_picked":["Battle Trance+1","Aggregate+1","alterego_mod:Punishment+1"],"picked":"SKIP","floor":44},{"not_picked":["Outmaneuver+1","RemiliaMod:CJNLLFZ+1"],"picked":"alterego_mod:Support+1","floor":45},{"not_picked":["SporeBomb+1","SashWhip+1","RemiliaMod:CJDB+1"],"picked":"SKIP","floor":46},{"not_picked":["Pommel Strike+1","alterego_mod:Maid+1"],"picked":"PowerUp+1","floor":47},{"not_picked":["Panache+1","Discovery+1"],"picked":"Chrysalis+1","floor":48},{"not_picked":["Forethought+1","Dramatic Entrance+1"],"picked":"Panache+1","floor":48},{"not_picked":["Purity+1","Chrysalis+1"],"picked":"Metamorphosis+1","floor":48},{"not_picked":["Power Through+1","Wild Strike+1"],"picked":"RemiliaMod:CDXSJ+1","floor":54}],"player_experience":205054,"relics_obtained":[{"floor":6,"key":"Lizard Tail"},{"floor":24,"key":"Gremlin Horn"},{"floor":26,"key":"Oddly Smooth Stone"},{"floor":30,"key":"Art of War"},{"floor":31,"key":"Letter Opener"},{"floor":37,"key":"CatCart"},{"floor":39,"key":"Meat on the Bone"},{"floor":42,"key":"Peace Pipe"},{"floor":43,"key":"Emotion Chip"},{"floor":44,"key":"Turnip"},{"floor":47,"key":"Pocketwatch"}],"event_choices":[{"damage_healed":0,"gold_gain":0,"player_choice":"Box","damage_taken":0,"relics_obtained":["Ancient Tea Set"],"max_hp_gain":0,"max_hp_loss":0,"event_name":"Big Fish","floor":2,"gold_loss":0,"cards_obtained":["Regret"]},{"damage_healed":0,"gold_gain":0,"player_choice":"Take Damage","damage_taken":22,"relics_obtained":["Golden Idol"],"max_hp_gain":0,"max_hp_loss":0,"event_name":"Golden Idol","floor":3,"gold_loss":0},{"damage_healed":0,"gold_gain":0,"player_choice":"Entered Light","damage_taken":18,"max_hp_gain":0,"max_hp_loss":0,"event_name":"Shining Light","floor":5,"gold_loss":0,"cards_upgraded":["Defend_B","Strike_B"]},{"damage_healed":0,"gold_gain":0,"player_choice":"Grow","damage_taken":0,"max_hp_gain":0,"max_hp_loss":0,"event_name":"Living Wall","floor":14,"gold_loss":0,"cards_upgraded":["Chaos"]},{"damage_healed":0,"gold_gain":0,"player_choice":"Simplicity","damage_taken":0,"max_hp_gain":0,"max_hp_loss":0,"event_name":"Back to Basics","floor":20,"gold_loss":0,"cards_upgraded":["Strike_B","Strike_B","Strike_B","Defend_B","Defend_B","Defend_B"]},{"damage_healed":0,"gold_gain":0,"player_choice":"Inject Mutagens","damage_taken":0,"relics_obtained":["MutagenicStrength"],"max_hp_gain":0,"max_hp_loss":0,"event_name":"Drug Dealer","floor":25,"gold_loss":0},{"damage_healed":0,"gold_gain":0,"player_choice":"Became a Ghost","damage_taken":0,"max_hp_gain":0,"max_hp_loss":48,"event_name":"Ghosts","floor":29,"gold_loss":0,"cards_obtained":["Ghostly","Ghostly","Ghostly","Ghostly","Ghostly"]},{"damage_healed":0,"gold_gain":0,"player_choice":"Fight","damage_taken":0,"max_hp_gain":0,"max_hp_loss":0,"event_name":"OrinTheCat","floor":37,"gold_loss":0},{"damage_healed":0,"gold_gain":0,"player_choice":"Memory 3","damage_taken":10,"max_hp_gain":0,"max_hp_loss":0,"event_name":"SensoryStone","floor":48,"gold_loss":0}],"is_beta":false,"boss_relics":[{"not_picked":["Velvet Choker","Busted Crown"],"picked":"Cursed Key"},{"not_picked":["SlaversCollar","Tiny House"],"picked":"SacredBark"}],"items_purged_floors":[],"is_endless":false,"potions_floor_spawned":[8,11,12,13,16,18,21,22,24,30,33,35,36,37,41,42,44,45,46,47,54],"ascension_level":2}}