{"host":"7jl4uf745pjtflnx","time":1610585109,"event":{"mods":["BaseMod","BetterRewards","Hubris","Minty Spire (QoL Compilation)","Replay The Spire","StSLib","SuperFastMode","The Construct"],"gold_per_floor":[109,12,24,24,34,60,60,95,95,95,145,12,12,24,24,98,98,108,121,121,40,40,74,74,91,91,124,45,79,89,89,89,163,163,174,48,59,69,69,69,81,113,129,162,189,201,201,234,234,268,268,268,268,268,2,32,32],"floor_reached":58,"language":"ENG","playtime":4352,"items_purged":["Strike_G","Strike_G","Strike_G","Strike_G"],"score":2692,"play_id":"f087b43b-3620-4c38-94ff-92fe238b73ac","local_time":"20210113194509","is_ascension_mode":true,"campfire_choices":[{"floor":7,"key":"REST"},{"floor":13,"key":"REST"},{"data":"Footwork","floor":15,"key":"SMITH"},{"floor":24,"key":"RECALL"},{"data":"Noxious Fumes","floor":32,"key":"SMITH"},{"data":"Defend_G+1","floor":47,"key":"SMITH"},{"data":"Defend_G+1","floor":49,"key":"SMITH"},{"data":"Defend_G+1","floor":51,"key":"SMITH"},{"data":"Dodge and Roll","floor":54,"key":"SMITH"}],"circlet_count":0,"master_deck":["AscendersBane","Defend_G+2","Defend_G+2","Defend_G+2","Defend_G+2","Defend_G+2","Survivor+1","Neutralize+1","Dagger Spray+1","Backflip+1","Caltrops+1","Blade Dance+1","Panache+1","Deflect+1","Prepared+1","Caltrops+1","Caltrops+1","Cloak And Dagger+1","Flash of Steel+1","Good Instincts+1","Footwork+1","Neutralize+1","PiercingWail","A Thousand Cuts+1","PiercingWail","Bouncing Flask+1","Dagger Spray+1","Backflip","Adrenaline+1","Replay:Poison Smokescreen+1","Deflect","Adrenaline+1","Poisoned Stab","Noxious Fumes+1","Blur","Dramatic Entrance+1","Corpse Explosion+1","Dodge and Roll+1","Deadly Poison+1","Crippling Poison","Escape Plan","Dodge and Roll"],"relics":["Ring of the Snake","Golden Egg","TwistedFunnel","Mercury Hourglass","Anchor","Pear","Lantern","Nunchaku","Replay:Drink Me","MutagenicStrength","The Courier","Mummified Hand","Simple Rune","ReplayTheSpireMod:Lightbulb","Philosopher\u0027s Stone","hubris:AncientText","Replay:Bottled Eggs","Iron Hammer","Bag of Preparation","Pantograph","hubris:Potato","Replay:Kaleidoscope","hubris:SlimyHat"],"acts_visited":["Exordium","TheCity","TheBeyond","TheEnding"],"potions_floor_usage":[6,8],"damage_taken":[{"damage":0,"enemies":"Jaw Worm","floor":1,"turns":1},{"damage":0,"enemies":"Cultist","floor":3,"turns":3},{"damage":0,"enemies":"2 Louse","floor":5,"turns":1},{"damage":2,"enemies":"Gremlin Nob","floor":6,"turns":4},{"damage":13,"enemies":"Lagavulin","floor":8,"turns":4},{"damage":0,"enemies":"Blue Slaver","floor":14,"turns":2},{"damage":7,"enemies":"Hexaghost","floor":16,"turns":5},{"damage":0,"enemies":"Shell Parasite","floor":18,"turns":3},{"damage":0,"enemies":"Spheric Guardian","floor":19,"turns":3},{"damage":0,"enemies":"Book of Stabbing","floor":23,"turns":3},{"damage":0,"enemies":"Snake Plant","floor":25,"turns":2},{"damage":0,"enemies":"Slavers","floor":27,"turns":2},{"damage":0,"enemies":"Gremlin Leader","floor":29,"turns":2},{"damage":0,"enemies":"Shelled Parasite and Fungi","floor":30,"turns":2},{"damage":8,"enemies":"hubris:MusketHawk","floor":33,"turns":4},{"damage":0,"enemies":"Orb Walker","floor":35,"turns":2},{"damage":0,"enemies":"3 Darklings","floor":37,"turns":1},{"damage":0,"enemies":"Sphere and 2 Shapes","floor":38,"turns":2},{"damage":0,"enemies":"4 Shapes","floor":41,"turns":1},{"damage":0,"enemies":"Reptomancer","floor":42,"turns":4},{"damage":0,"enemies":"Spire Growth","floor":43,"turns":3},{"damage":0,"enemies":"Giant Head","floor":44,"turns":6},{"damage":0,"enemies":"Writhing Mass","floor":46,"turns":2},{"damage":0,"enemies":"Reptomancer","floor":48,"turns":2},{"damage":0,"enemies":"Giant Head","floor":50,"turns":5},{"damage":0,"enemies":"Replay:Hell Engine","floor":52,"turns":9},{"damage":22,"enemies":"Shield and Spear","floor":56,"turns":4},{"damage":0,"enemies":"The Heart","floor":57,"turns":5}],"seed_played":"8629149020060987276","potions_obtained":[{"floor":1,"key":"Explosive Potion"},{"floor":3,"key":"BlessingOfTheForge"},{"floor":27,"key":"AttackPotion"},{"floor":29,"key":"SpeedPotion"},{"floor":30,"key":"Block Potion"},{"floor":37,"key":"Regen Potion"}],"is_trial":false,"path_per_floor":["M","$","M","?","M","E","R","E","T","?","?","$","R","M","R","B",null,"M","M","?","$","?","E","R","M","T","E","$","E","M","?","R","B",null,"M","$","M","M","PTL","PTL","M","E","M","E","T","M","R","E","R","E","R","B",null,"R","$","E","B",null],"character_chosen":"THE_SILENT","items_purchased":["Golden Egg","TwistedFunnel","Dagger Spray","Backflip","Caltrops","Blade Dance","Panache","Deflect","Prepared","Mercury Hourglass","Caltrops","Anchor","Pear","Caltrops","Cloak And Dagger","Flash of Steel","Good Instincts","Bouncing Flask","Dagger Spray","Adrenaline","Dramatic Entrance","hubris:AncientText","Replay:Kaleidoscope"],"campfire_rested":2,"item_purchase_floors":[0,0,0,0,0,0,0,0,0,0,0,0,0,0,0,0,2,12,12,21,28,36,55],"current_hp_per_floor":[28,28,28,28,28,26,48,35,35,35,28,28,50,50,50,43,54,54,54,54,54,54,54,54,54,54,54,54,54,54,54,54,46,54,54,54,54,54,54,54,54,54,54,54,54,54,54,54,54,54,54,57,57,57,57,35,57],"gold":32,"neow_bonus":"","is_daily":false,"chose_seed":false,"campfire_upgraded":6,"win_rate":0.0,"timestamp":1610585109,"path_taken":["M","$","M","?","?","E","R","E","T","?","?","$","R","?","R","BOSS","M","?","?","$","?","E","R","M","T","E","$","E","M","?","R","BOSS","M","$","M","M","PTL","PTL","M","E","M","E","T","M","R","E","R","E","R","BOSS","R","$","E","BOSS"],"items_purchased_type":["Relic","Relic","Card","Card","Card","Card","Card","Card","Card","Relic","Card","Relic","Relic","Card","Card","Card","Card","Card","Card","Card","Card","Relic","Relic"],"build_version":"2020-12-22","purchased_purges":4,"victory":true,"max_hp_per_floor":[76,76,76,76,76,76,76,76,76,76,76,76,76,76,76,76,57,57,57,57,57,57,57,57,57,57,57,57,57,57,57,57,57,57,57,57,57,57,57,57,57,57,57,57,57,57,57,57,57,57,57,57,57,57,57,57,57],"card_choices":[{"not_picked":["Predator","Blade Dance"],"picked":"Draining Mist","floor":1},{"not_picked":["PiercingWail","Hidden Blade"],"picked":"Footwork","floor":3},{"not_picked":["Outmaneuver","Dagger Spray"],"picked":"PiercingWail","floor":5},{"not_picked":["Dagger Throw","Outmaneuver"],"picked":"A Thousand Cuts","floor":6},{"not_picked":["Choke","Outmaneuver"],"picked":"PiercingWail","floor":8},{"not_picked":["PiercingWail","Bane"],"picked":"Backflip","floor":14},{"not_picked":["Phantasmal Killer","Night Terror"],"picked":"Adrenaline","floor":16},{"not_picked":["ReplayTheSpireMod:Scrap Shanks+1","Infinite Blades"],"picked":"Replay:Poison Smokescreen","floor":18},{"not_picked":["Well Laid Plans","Sneak Up"],"picked":"Deflect","floor":19},{"not_picked":["PiercingWail","Deflect"],"picked":"Poisoned Stab","floor":23},{"not_picked":["Sucker Punch","Concentrate"],"picked":"Noxious Fumes","floor":25},{"not_picked":["Hidden Blade","ReplayTheSpireMod:Tripwire"],"picked":"Blur","floor":27},{"not_picked":["Hidden Blade","Sucker Punch","Storm of Steel"],"picked":"SKIP","floor":29},{"not_picked":["Outmaneuver","Hidden Blade","Well Laid Plans"],"picked":"SKIP","floor":30},{"not_picked":["Atom Bomb","Glass Knife"],"picked":"Corpse Explosion","floor":33},{"not_picked":["Dash","Distraction","Sucker Punch"],"picked":"SKIP","floor":35},{"not_picked":["Poisoned Stab+1","hubris:TrickCloak+1","Flying Knee"],"picked":"SKIP","floor":37},{"not_picked":["Predator","Sucker Punch"],"picked":"Dodge and Roll","floor":38},{"not_picked":["Sucker Punch","Tactician","Dodge and Roll"],"picked":"SKIP","floor":41},{"not_picked":["A Thousand Cuts","PiercingWail"],"picked":"Deadly Poison+1","floor":42},{"not_picked":["Cloak And Dagger","Acrobatics","Flying Knee"],"picked":"SKIP","floor":43},{"not_picked":["Glass Knife","ReplayTheSpireMod:Exploit Weakness"],"picked":"Crippling Poison","floor":44},{"not_picked":["Quick Slash","Dagger Spray","Deadly Poison"],"picked":"SKIP","floor":46},{"not_picked":["Poisoned Stab+1","Quick Slash","Cloak And Dagger"],"picked":"SKIP","floor":48},{"not_picked":["Riddle With Holes+1","Leg Sweep+1"],"picked":"Escape Plan","floor":50},{"not_picked":["Flying Knee+1","Dagger Spray+1"],"picked":"Dodge and Roll","floor":56}],"player_experience":702142,"relics_obtained":[{"floor":6,"key":"Lantern"},{"floor":8,"key":"Nunchaku"},{"floor":23,"key":"The Courier"},{"floor":26,"key":"Mummified Hand"},{"floor":27,"key":"Simple Rune"},{"floor":29,"key":"ReplayTheSpireMod:Lightbulb"},{"floor":42,"key":"Replay:Bottled Eggs"},{"floor":44,"key":"Iron Hammer"},{"floor":45,"key":"Bag of Preparation"},{"floor":48,"key":"Pantograph"},{"floor":50,"key":"hubris:Potato"},{"floor":56,"key":"hubris:SlimyHat"}],"event_choices":[{"damage_healed":0,"gold_gain":0,"player_choice":"2 cards matched","damage_taken":0,"max_hp_gain":0,"max_hp_loss":0,"event_name":"Match and Keep!","floor":4,"gold_loss":0,"cards_obtained":["ReplayTheSpireMod:The Works","Neutralize"]},{"damage_healed":0,"gold_gain":50,"player_choice":"Touch","damage_taken":7,"max_hp_gain":0,"max_hp_loss":0,"event_name":"FaceTrader","floor":11,"gold_loss":0},{"damage_healed":0,"gold_gain":0,"player_choice":"Simplicity","damage_taken":0,"max_hp_gain":0,"max_hp_loss":0,"event_name":"Back to Basics","floor":20,"gold_loss":0,"cards_upgraded":["Defend_G","Defend_G","Defend_G","Defend_G","Defend_G"]},{"damage_healed":0,"gold_gain":0,"player_choice":"Inject Mutagens","damage_taken":0,"relics_obtained":["MutagenicStrength"],"max_hp_gain":0,"max_hp_loss":0,"event_name":"Drug Dealer","floor":22,"gold_loss":0},{"damage_healed":0,"gold_gain":0,"player_choice":"Forge","damage_taken":0,"max_hp_gain":0,"max_hp_loss":0,"event_name":"Accursed Blacksmith","floor":31,"gold_loss":0,"cards_upgraded":["Replay:Poison Smokescreen"]}],"is_beta":false,"boss_relics":[{"not_picked":["construct:WeddingRing","hubris:RunicObelisk"],"picked":"Replay:Drink Me"},{"not_picked":["Painkiller Herb","Replay:Wanted Poster"],"picked":"Philosopher\u0027s Stone"}],"items_purged_floors":[0,0,0,0],"is_endless":false,"potions_floor_spawned":[1,3,27,29,30,37,38,44,48],"ascension_level":16}}