{"host":"kh4wzxwh3q3yppxp","time":1610653363,"event":{"mods":["AchievementEnabler","BaseMod","Colored Map","DeckTracker","Minty Spire (QoL Compilation)","Quick Restart","StSLib"],"gold_per_floor":[211,14,14,32,45,79,79,90,90,119,119,119,119,139,139,241,241,253,233,253,265,265,265,265,265,265,279,131,148,71,88,88,88,88],"floor_reached":33,"language":"ENG","playtime":1090,"items_purged":[],"score":257,"play_id":"31035bba-7189-4784-8f12-9f26455f156b","local_time":"20210114214243","is_ascension_mode":false,"campfire_choices":[{"floor":11,"key":"REST"},{"floor":13,"key":"REST"},{"floor":15,"key":"REST"},{"floor":23,"key":"REST"},{"floor":24,"key":"REST"},{"floor":32,"key":"REST"}],"circlet_count":0,"master_deck":["Strike_B","Strike_B","Strike_B","Strike_B","Defend_B","Defend_B","Defend_B","Defend_B","Zap","Dualcast","Cold Snap","Capacitor+1","Ball Lightning","Flash of Steel","Ball Lightning","Hologram","Electrodynamics","Turbo","Hyperbeam","Conserve Battery","Amplify","CurseOfTheBell","Defragment","Fusion+1","Defragment","Biased Cognition","Conserve Battery+1","Coolheaded+1","Stack+1","Self Repair","Force Field"],"relics":["Cracked Core","Dead Branch","WingedGreaves","StoneCalendar","Tiny Chest","Calling Bell","Toy Ornithopter","Blue Candle","Emotion Chip","Matryoshka","Omamori","Orrery"],"acts_visited":["Exordium","TheCity"],"potions_floor_usage":[6,33],"damage_taken":[{"damage":6,"enemies":"Jaw Worm","floor":1,"turns":3},{"damage":0,"enemies":"Cultist","floor":4,"turns":4},{"damage":3,"enemies":"Small Slimes","floor":5,"turns":2},{"damage":4,"enemies":"Gremlin Nob","floor":6,"turns":4},{"damage":15,"enemies":"Exordium Thugs","floor":8,"turns":2},{"damage":34,"enemies":"Lagavulin","floor":10,"turns":6},{"damage":10,"enemies":"Lots of Slimes","floor":14,"turns":2},{"damage":20,"enemies":"Slime Boss","floor":16,"turns":6},{"damage":25,"enemies":"2 Thieves","floor":18,"turns":3},{"damage":3,"enemies":"Chosen","floor":20,"turns":4},{"damage":31,"enemies":"Centurion and Healer","floor":21,"turns":6},{"damage":36,"enemies":"Shelled Parasite and Fungi","floor":27,"turns":4},{"damage":21,"enemies":"Snake Plant","floor":29,"turns":3},{"damage":2,"enemies":"Centurion and Healer","floor":31,"turns":6},{"damage":39,"enemies":"Collector","floor":33,"turns":5}],"seed_played":"-7166521077611484655","potions_obtained":[{"floor":1,"key":"Block Potion"},{"floor":6,"key":"AttackPotion"},{"floor":10,"key":"EssenceOfDarkness"},{"floor":19,"key":"SteroidPotion"}],"is_trial":false,"path_per_floor":["M","$","?","M","M","E","T","M","T","E","R","?","R","M","R","B",null,"M","?","M","M","T","R","R","?","T","M","$","M","$","M","R","B"],"character_chosen":"DEFECT","items_purchased":["Capacitor","Ball Lightning","Flash of Steel","Orrery","Force Field"],"campfire_rested":6,"item_purchase_floors":[2,2,2,28,30],"current_hp_per_floor":[69,69,69,69,66,62,62,47,47,13,35,35,57,47,69,49,75,50,50,47,16,16,38,60,60,60,24,24,3,3,8,30,0,0],"gold":88,"neow_bonus":"HUNDRED_GOLD","is_daily":false,"chose_seed":false,"campfire_upgraded":0,"win_rate":0.0,"timestamp":1610653363,"path_taken":["M","$","?","M","M","E","?","M","T","E","R","?","R","M","R","BOSS","M","?","M","?","?","R","R","?","T","M","$","?","?","M","R","BOSS"],"items_purchased_type":["Card","Card","Card","Relic","Card"],"build_version":"2020-12-22","purchased_purges":0,"victory":false,"max_hp_per_floor":[75,75,75,75,75,75,75,75,75,75,75,75,75,75,75,75,75,75,75,75,75,75,75,75,75,75,75,75,75,75,75,75,75,75],"card_choices":[{"not_picked":["Skim","Steam"],"picked":"Cold Snap","floor":1},{"not_picked":["Sweeping Beam","Gash"],"picked":"Ball Lightning","floor":4},{"not_picked":["Compile Driver","Stack"],"picked":"Hologram","floor":5},{"not_picked":["Cold Snap","Streamline"],"picked":"Electrodynamics","floor":6},{"not_picked":["Reprogram","BootSequence"],"picked":"Turbo","floor":8},{"not_picked":["FTL","Steam"],"picked":"Hyperbeam","floor":10},{"not_picked":["Rip and Tear","Coolheaded"],"picked":"Conserve Battery","floor":14},{"not_picked":["Biased Cognition","Multi-Cast"],"picked":"Amplify","floor":16},{"not_picked":["Melter","Compile Driver"],"picked":"Defragment","floor":18},{"not_picked":["Go for the Eyes","Barrage"],"picked":"Fusion+1","floor":20},{"not_picked":["Barrage","Turbo","Steam Power"],"picked":"SKIP","floor":21},{"not_picked":["Cold Snap","Reprogram","Hello World"],"picked":"SKIP","floor":27},{"not_picked":["Melter","Go for the Eyes"],"picked":"Biased Cognition","floor":28},{"not_picked":["FTL+1","Steam"],"picked":"Conserve Battery+1","floor":28},{"not_picked":["Steam","Sweeping Beam"],"picked":"Coolheaded+1","floor":28},{"not_picked":["Chill","Consume"],"picked":"Stack+1","floor":28},{"not_picked":["Auto Shields","Glacier"],"picked":"Self Repair","floor":29},{"not_picked":["Sweeping Beam","Doom and Gloom","Hologram"],"picked":"SKIP","floor":31}],"player_experience":705249,"relics_obtained":[{"floor":6,"key":"Dead Branch"},{"floor":7,"key":"WingedGreaves"},{"floor":9,"key":"StoneCalendar"},{"floor":10,"key":"Tiny Chest"},{"floor":17,"key":"Toy Ornithopter"},{"floor":17,"key":"Blue Candle"},{"floor":17,"key":"Emotion Chip"},{"floor":22,"key":"Matryoshka"},{"floor":26,"key":"Omamori"}],"event_choices":[{"damage_healed":0,"gold_gain":0,"player_choice":"Grow","damage_taken":0,"max_hp_gain":0,"max_hp_loss":0,"event_name":"Living Wall","floor":3,"gold_loss":0,"cards_upgraded":["Capacitor"]},{"damage_healed":0,"gold_gain":0,"player_choice":"Ignored","damage_taken":0,"max_hp_gain":0,"max_hp_loss":0,"event_name":"Liars Game","floor":12,"gold_loss":0},{"damage_healed":0,"gold_gain":0,"player_choice":"Bought 1 Potion","damage_taken":0,"max_hp_gain":0,"max_hp_loss":0,"event_name":"The Woman in Blue","floor":19,"gold_loss":0},{"damage_healed":0,"gold_gain":0,"player_choice":"Copied","damage_taken":0,"max_hp_gain":0,"max_hp_loss":0,"event_name":"Duplicator","floor":25,"gold_loss":0,"cards_obtained":["Defragment"]}],"is_beta":false,"boss_relics":[{"not_picked":["Inserter","Empty Cage"],"picked":"Calling Bell"}],"items_purged_floors":[],"is_endless":false,"potions_floor_spawned":[1,6,10,20,29,31],"killed_by":"Collector","ascension_level":0}}