{"host":"sc0o2qwpf9j16a4i","time":1610666351,"event":{"mods":["AchievementEnabler","BaseMod","BetterRewards","Block Reminder","Colored Map","Colored Powertips","Custom Start","Highlight Path","Minty Spire (QoL Compilation)","Relic Stats"],"gold_per_floor":[117,21,36,36,36,62,62,78,149,174,174,218,234,253,253,362,362,398,313,361,361,203,203,203,203],"floor_reached":24,"language":"ENG","playtime":559,"items_purged":["Pain"],"score":537,"play_id":"ce708761-b1b8-45f5-8154-697a9bfea486","local_time":"20210115011911","is_ascension_mode":true,"campfire_choices":[{"floor":7,"key":"REST"},{"data":"Wish","floor":11,"key":"SMITH"},{"floor":15,"key":"REST"},{"floor":23,"key":"REST"}],"circlet_count":0,"master_deck":["AscendersBane","Defend_P","Defend_P","Defend_P","Defend_P","Eruption+1","Vigilance","CutThroughFate","LikeWater","FlyingSleeves","EmptyFist","InnerPeace","Wish+1","Conclude","Protect","LikeWater","CrushJoints","Wish","Protect","FearNoEvil+1","Bite","Bite","Bite","Bite","Bite","DeceiveReality"],"relics":["PureWater","NeowsBlessing","WarpedTongs","Art of War","Pear","Bag of Marbles","Runic Pyramid","Orichalcum"],"acts_visited":["Exordium","TheCity"],"potions_floor_usage":[14],"damage_taken":[{"damage":0,"enemies":"Cultist","floor":1,"turns":1},{"damage":0,"enemies":"Small Slimes","floor":3,"turns":1},{"damage":0,"enemies":"Gremlin Nob","floor":6,"turns":1},{"damage":0,"enemies":"Jaw Worm","floor":8,"turns":2},{"damage":3,"enemies":"Lagavulin","floor":10,"turns":5},{"damage":9,"enemies":"2 Fungi Beasts","floor":12,"turns":3},{"damage":8,"enemies":"Exordium Thugs","floor":13,"turns":4},{"damage":2,"enemies":"Gremlin Gang","floor":14,"turns":3},{"damage":11,"enemies":"Slime Boss","floor":16,"turns":6},{"damage":31,"enemies":"Spheric Guardian","floor":18,"turns":7},{"damage":40,"enemies":"3 Byrds","floor":20,"turns":8},{"damage":39,"enemies":"Gremlin Leader","floor":24,"turns":4}],"seed_played":"-8454234904740887093","potions_obtained":[{"floor":3,"key":"Fire Potion"},{"floor":8,"key":"BottledMiracle"},{"floor":10,"key":"FearPotion"},{"floor":14,"key":"SteroidPotion"}],"is_trial":false,"path_per_floor":["M","$","M","?","?","E","R","M","T","E","R","M","M","M","R","B",null,"M","?","M","?","$","R","E"],"character_chosen":"WATCHER","items_purchased":["LikeWater","FlyingSleeves","DeceiveReality"],"campfire_rested":3,"item_purchase_floors":[2,2,22],"current_hp_per_floor":[61,61,61,41,41,41,61,61,71,68,68,59,51,49,72,61,74,43,43,3,3,3,19,0,0],"gold":203,"neow_bonus":"THREE_ENEMY_KILL","is_daily":false,"chose_seed":false,"campfire_upgraded":1,"win_rate":0.0,"timestamp":1610666351,"path_taken":["M","$","M","?","?","E","R","?","T","E","R","M","M","M","R","BOSS","M","?","M","?","$","R","E"],"items_purchased_type":["Card","Card","Card"],"build_version":"2020-12-22","purchased_purges":1,"victory":false,"max_hp_per_floor":[68,68,68,68,68,68,68,68,78,78,78,78,78,78,78,78,78,78,78,78,54,54,54,54,54],"relic_stats":{"counters":[12,45],"Art of War":[8],"Orichalcum":[30],"obtain_stats":[{"Pear":9,"NeowsBlessing":0,"Art of War":6,"Bag of Marbles":10,"PureWater":0,"Orichalcum":19,"WarpedTongs":5,"Runic Pyramid":17},{"Pear":4,"NeowsBlessing":0,"Art of War":3,"Bag of Marbles":5,"PureWater":0,"Orichalcum":10,"WarpedTongs":2,"Runic Pyramid":9},{"Pear":5,"NeowsBlessing":0,"Art of War":3,"Bag of Marbles":10,"PureWater":0,"Orichalcum":33,"WarpedTongs":2,"Runic Pyramid":26}],"WarpedTongs":[42]},"card_choices":[{"not_picked":["Wireheading","Prostrate"],"picked":"CutThroughFate","floor":1},{"not_picked":["Weave","FlurryOfBlows"],"picked":"EmptyFist","floor":3},{"not_picked":["FlyingSleeves","Prostrate"],"picked":"InnerPeace","floor":6},{"not_picked":["EmptyBody","WaveOfTheHand"],"picked":"Wish","floor":8},{"not_picked":["Consecrate","JustLucky"],"picked":"Conclude","floor":10},{"not_picked":["SignatureMove","Evaluate"],"picked":"Protect","floor":12},{"not_picked":["FlyingSleeves","WindmillStrike"],"picked":"LikeWater","floor":13},{"not_picked":["Pray","PathToVictory"],"picked":"CrushJoints","floor":14},{"not_picked":["LessonLearned","ConjureBlade"],"picked":"Wish","floor":16},{"not_picked":["Collect","Weave"],"picked":"Protect","floor":18},{"not_picked":["Halt","Protect"],"picked":"FearNoEvil+1","floor":20}],"player_experience":648549,"relics_obtained":[{"floor":6,"key":"Art of War"},{"floor":9,"key":"Pear"},{"floor":10,"key":"Bag of Marbles"}],"event_choices":[{"damage_healed":0,"gold_gain":0,"player_choice":"Entered Light","damage_taken":20,"max_hp_gain":0,"max_hp_loss":0,"event_name":"Shining Light","floor":4,"gold_loss":0,"cards_upgraded":["Strike_P","Eruption"]},{"damage_healed":0,"gold_gain":0,"player_choice":"Rummage","damage_taken":0,"relics_obtained":["WarpedTongs"],"max_hp_gain":0,"max_hp_loss":0,"event_name":"Accursed Blacksmith","floor":5,"gold_loss":0,"cards_obtained":["Pain"]},{"damage_healed":0,"gold_gain":0,"player_choice":"Obtained Relic","damage_taken":0,"relics_obtained":["Orichalcum"],"max_hp_gain":0,"max_hp_loss":0,"event_name":"Addict","floor":19,"gold_loss":85},{"damage_healed":0,"gold_gain":0,"player_choice":"Became a vampire","damage_taken":0,"max_hp_gain":0,"max_hp_loss":24,"event_name":"Vampires","floor":21,"gold_loss":0,"cards_obtained":["Bite","Bite","Bite","Bite","Bite"]}],"is_beta":false,"boss_relics":[{"not_picked":["Fusion Hammer","Pandora\u0027s Box"],"picked":"Runic Pyramid"}],"items_purged_floors":[22],"is_endless":false,"potions_floor_spawned":[3,8,10,14,16,18],"killed_by":"Gremlin Leader","ascension_level":20}}