{"host":"dztixnx9b0gu6w9i","time":1610646841,"event":{"mods":["BaseMod","Bestiary","Minty Spire (QoL Compilation)","Relic Stats","Slay the Relics Exporter","SpireBot","ojb\u0027s Better Paths Mod","ojb\u0027s Info Mod"],"gold_per_floor":[16,32,48,67,67,92,92,126,126,156,156,175,175,8,8,84,84,84,9,9,9,9,9,9,9,9,9,9,9,9,9,9,9,9,9,9,9,9,9,9,9,9,9,9,9,9,9,9,9,9,9,9,9,9,9,9],"floor_reached":57,"language":"ENG","playtime":9166,"items_purged":["Strike_R"],"score":2873,"play_id":"8db8164e-47fc-406c-b738-0c56e025edb3","local_time":"20210114125401","is_ascension_mode":true,"campfire_choices":[{"data":"Clothesline","floor":7,"key":"SMITH"},{"data":"Immolate","floor":11,"key":"SMITH"},{"data":"Metallicize","floor":15,"key":"SMITH"},{"data":"RitualDagger","floor":24,"key":"SMITH"},{"data":"Battle Trance","floor":27,"key":"SMITH"},{"data":"Dual Wield","floor":29,"key":"SMITH"},{"data":"Rage","floor":32,"key":"SMITH"},{"data":"Master of Strategy","floor":41,"key":"SMITH"},{"data":"Armaments","floor":46,"key":"SMITH"},{"floor":49,"key":"RECALL"},{"data":"Bludgeon","floor":53,"key":"SMITH"}],"circlet_count":0,"master_deck":["AscendersBane","Strike_R","Strike_R+1","Strike_R","Defend_R","Defend_R","Defend_R","Defend_R","Bash","Thunderclap","Clothesline+1","Headbutt+1","Anger","Immolate+1","Metallicize+1","Rupture","Reaper","Sword Boomerang","RitualDagger+1","Battle Trance+1","Dropkick","Dual Wield+1","Rage+1","Necronomicurse","Fiend Fire","Master of Strategy+1","Dark Shackles","PanicButton","Flame Barrier","Clothesline","Evolve+1","Bludgeon+1","Armaments+1","Power Through+1","Spot Weakness","Power Through"],"relics":["Burning Blood","Torii","Mercury Hourglass","HornCleat","Akabeko","Question Card","Regal Pillow","Bag of Marbles","Ectoplasm","Toy Ornithopter","Whetstone","Calipers","Necronomicon","SlaversCollar","StoneCalendar","Lantern","Nunchaku","Centennial Puzzle","MealTicket","Bottled Tornado"],"acts_visited":["Exordium","TheCity","TheBeyond","TheEnding"],"potions_floor_usage":[6,10,10,23,56],"damage_taken":[{"damage":1,"enemies":"Cultist","floor":1,"turns":3},{"damage":1,"enemies":"Small Slimes","floor":2,"turns":3},{"damage":0,"enemies":"2 Louse","floor":3,"turns":3},{"damage":40,"enemies":"Large Slime","floor":4,"turns":6},{"damage":17,"enemies":"Gremlin Nob","floor":6,"turns":4},{"damage":2,"enemies":"3 Sentries","floor":8,"turns":4},{"damage":2,"enemies":"Lagavulin","floor":10,"turns":6},{"damage":0,"enemies":"3 Louse","floor":12,"turns":2},{"damage":18,"enemies":"The Guardian","floor":16,"turns":12},{"damage":16,"enemies":"Shell Parasite","floor":18,"turns":3},{"damage":23,"enemies":"Book of Stabbing","floor":23,"turns":4},{"damage":0,"enemies":"Spheric Guardian","floor":25,"turns":2},{"damage":20,"enemies":"Slavers","floor":28,"turns":4},{"damage":8,"enemies":"Centurion and Healer","floor":30,"turns":55},{"damage":39,"enemies":"Collector","floor":33,"turns":6},{"damage":0,"enemies":"Orb Walker","floor":35,"turns":4},{"damage":0,"enemies":"Mind Bloom Boss Battle","floor":37,"turns":6},{"damage":1,"enemies":"3 Shapes","floor":38,"turns":7},{"damage":3,"enemies":"Nemesis","floor":40,"turns":7},{"damage":0,"enemies":"Giant Head","floor":42,"turns":7},{"damage":0,"enemies":"3 Darklings","floor":44,"turns":1},{"damage":0,"enemies":"Nemesis","floor":45,"turns":5},{"damage":19,"enemies":"Reptomancer","floor":47,"turns":6},{"damage":16,"enemies":"Transient","floor":48,"turns":6},{"damage":36,"enemies":"Time Eater","floor":50,"turns":7},{"damage":46,"enemies":"Donu and Deca","floor":51,"turns":7},{"damage":10,"enemies":"Shield and Spear","floor":55,"turns":6},{"damage":75,"enemies":"The Heart","floor":56,"turns":7}],"seed_played":"7722190346462099624","potions_obtained":[{"floor":1,"key":"SpeedPotion"},{"floor":2,"key":"ColorlessPotion"},{"floor":6,"key":"Ancient Potion"},{"floor":8,"key":"Strength Potion"},{"floor":10,"key":"SpeedPotion"},{"floor":18,"key":"Strength Potion"},{"floor":25,"key":"FearPotion"},{"floor":39,"key":"SneckoOil"},{"floor":39,"key":"HeartOfIron"},{"floor":45,"key":"FairyPotion"}],"is_trial":false,"path_per_floor":["M","M","M","M","T","E","R","E","T","E","R","M","?","$","R","B",null,"M","$","?","?","$","E","R","M","T","R","E","R","M","?","R","B",null,"M","?","?","M","?","E","R","E","T","M","E","R","E","M","R","B","B",null,"R","$","E","B",null],"character_chosen":"IRONCLAD","items_purchased":["Bag of Marbles"],"campfire_rested":0,"item_purchase_floors":[14],"current_hp_per_floor":[73,75,75,41,41,30,30,34,34,38,38,44,44,44,44,32,64,58,58,37,31,31,35,35,41,41,41,31,31,80,59,59,26,67,80,70,80,80,80,80,80,80,80,80,80,80,73,80,80,50,22,66,66,80,76,12],"gold":9,"neow_bonus":"ONE_RARE_RELIC","is_daily":false,"chose_seed":false,"campfire_upgraded":10,"win_rate":0.0,"timestamp":1610646841,"path_taken":["M","M","M","M","?","E","R","E","T","E","R","M","?","$","R","BOSS","M","?","?","?","$","E","R","M","T","R","E","R","M","?","R","BOSS","M","?","?","M","?","E","R","E","T","M","E","R","E","?","R","BOSS","BOSS","R","$","E","BOSS"],"items_purchased_type":["Relic"],"build_version":"2020-12-22","purchased_purges":1,"victory":true,"max_hp_per_floor":[75,75,75,75,75,75,75,75,75,75,75,75,75,75,75,75,75,75,75,80,80,80,80,80,80,80,80,80,80,80,80,80,80,80,80,80,80,80,80,80,80,80,80,80,80,80,80,80,80,80,80,80,80,80,80,80],"relic_stats":{"Regal Pillow":0,"Torii":80,"counters":[28,192],"StoneCalendar":[140],"Whetstone":["Strike_R","Headbutt"],"Question Card":22,"Burning Blood":118,"Mercury Hourglass":[586],"Nunchaku":[13],"Centennial Puzzle":[18],"MealTicket":14,"Ectoplasm":471,"Necronomicon":[51],"obtain_stats":[{"Regal Pillow":10,"Lantern":40,"Calipers":28,"Torii":0,"StoneCalendar":37,"Whetstone":26,"Bottled Tornado":55,"Question Card":9,"Burning Blood":0,"Akabeko":8,"Mercury Hourglass":5,"SlaversCollar":34,"Nunchaku":42,"Centennial Puzzle":45,"HornCleat":6,"MealTicket":47,"Ectoplasm":17,"Bag of Marbles":14,"Necronomicon":31,"Toy Ornithopter":23},{"Regal Pillow":7,"Lantern":19,"Calipers":13,"Torii":0,"StoneCalendar":17,"Whetstone":12,"Bottled Tornado":27,"Question Card":6,"Burning Blood":0,"Akabeko":6,"Mercury Hourglass":4,"SlaversCollar":15,"Nunchaku":20,"Centennial Puzzle":22,"HornCleat":5,"MealTicket":23,"Ectoplasm":9,"Bag of Marbles":8,"Necronomicon":14,"Toy Ornithopter":11},{"Regal Pillow":29,"Lantern":140,"Calipers":55,"Torii":0,"StoneCalendar":126,"Whetstone":51,"Bottled Tornado":185,"Question Card":23,"Burning Blood":0,"Akabeko":23,"Mercury Hourglass":15,"SlaversCollar":116,"Nunchaku":147,"Centennial Puzzle":153,"HornCleat":19,"MealTicket":159,"Ectoplasm":42,"Bag of Marbles":30,"Necronomicon":110,"Toy Ornithopter":49}],"Toy Ornithopter":5},"card_choices":[{"not_picked":["Blood for Blood","True Grit","Second Wind"],"picked":"SKIP","floor":1},{"not_picked":["True Grit","Bloodletting"],"picked":"Thunderclap","floor":2},{"not_picked":["Searing Blow","Flex"],"picked":"Clothesline","floor":3},{"not_picked":["Clothesline","Warcry"],"picked":"Headbutt","floor":4},{"not_picked":["Shrug It Off","Heavy Blade"],"picked":"Anger","floor":6},{"not_picked":["Clash","Inflame"],"picked":"Immolate","floor":8},{"not_picked":["Combust","Sword Boomerang","Heavy Blade","Flex"],"picked":"SKIP","floor":10},{"not_picked":["Headbutt","Twin Strike","Perfected Strike"],"picked":"Metallicize","floor":12},{"not_picked":["Limit Break","Fiend Fire","Juggernaut"],"picked":"Reaper","floor":16},{"not_picked":["Thunderclap","Heavy Blade","Flex+1"],"picked":"Sword Boomerang","floor":18},{"not_picked":["Hemokinesis","Carnage","Wild Strike"],"picked":"Battle Trance","floor":23},{"not_picked":["Pummel","Perfected Strike","Twin Strike"],"picked":"Dropkick","floor":25},{"not_picked":["Barricade","Heavy Blade","Body Slam"],"picked":"Dual Wield","floor":28},{"not_picked":["Evolve","Thunderclap","Bloodletting"],"picked":"Rage","floor":30},{"not_picked":["Bludgeon","Juggernaut","Corruption"],"picked":"Fiend Fire","floor":33},{"not_picked":["Thunderclap+1","Pummel","Anger","Body Slam"],"picked":"SKIP","floor":35},{"not_picked":["Dramatic Entrance","Mind Blast","Flash of Steel"],"picked":"Master of Strategy","floor":36},{"not_picked":["Magnetism","Sadistic Nature","Trip"],"picked":"Dark Shackles","floor":36},{"not_picked":["The Bomb","Dark Shackles","Transmutation"],"picked":"PanicButton","floor":36},{"not_picked":["Flex","Sword Boomerang","Fire Breathing"],"picked":"Flame Barrier","floor":37},{"not_picked":["Twin Strike","Perfected Strike+1","Pummel+1"],"picked":"Clothesline","floor":38},{"not_picked":["Heavy Blade","Rupture","Battle Trance+1"],"picked":"Evolve+1","floor":40},{"not_picked":["Burning Pact","Perfected Strike","Evolve"],"picked":"Bludgeon","floor":42},{"not_picked":["Headbutt","Cleave","Twin Strike"],"picked":"Armaments","floor":44},{"not_picked":["Spot Weakness","Perfected Strike+1","Dropkick"],"picked":"Power Through+1","floor":45},{"not_picked":["Dark Embrace+1","Juggernaut","Armaments"],"picked":"Spot Weakness","floor":47},{"not_picked":["Fire Breathing","Rage","Havoc"],"picked":"Power Through","floor":48},{"not_picked":["Havoc+1","Sentinel","Flex+1","True Grit"],"picked":"SKIP","floor":55}],"player_experience":8133506,"relics_obtained":[{"floor":5,"key":"Mercury Hourglass"},{"floor":6,"key":"HornCleat"},{"floor":8,"key":"Akabeko"},{"floor":9,"key":"Question Card"},{"floor":10,"key":"Regal Pillow"},{"floor":23,"key":"Toy Ornithopter"},{"floor":26,"key":"Whetstone"},{"floor":28,"key":"Calipers"},{"floor":31,"key":"Necronomicon"},{"floor":37,"key":"StoneCalendar"},{"floor":40,"key":"Lantern"},{"floor":42,"key":"Nunchaku"},{"floor":45,"key":"Centennial Puzzle"},{"floor":47,"key":"MealTicket"},{"floor":55,"key":"Bottled Tornado"}],"event_choices":[{"damage_healed":0,"gold_gain":0,"cards_transformed":["Strike_R"],"player_choice":"Transformed","damage_taken":0,"max_hp_gain":0,"max_hp_loss":0,"event_name":"Transmorgrifier","floor":13,"gold_loss":0,"cards_obtained":["Rupture"]},{"damage_healed":0,"gold_gain":0,"player_choice":"Shed Blood","damage_taken":26,"max_hp_gain":5,"max_hp_loss":0,"event_name":"Forgotten Altar","floor":20,"gold_loss":0},{"damage_healed":0,"gold_gain":0,"player_choice":"Joined the Cult","damage_taken":6,"max_hp_gain":0,"max_hp_loss":0,"event_name":"Nest","floor":21,"gold_loss":0,"cards_obtained":["RitualDagger"]},{"damage_healed":0,"gold_gain":0,"player_choice":"Obtained Book","damage_taken":21,"max_hp_gain":0,"max_hp_loss":0,"event_name":"Cursed Tome","floor":31,"gold_loss":0},{"damage_healed":0,"gold_gain":0,"player_choice":"Memory 3","damage_taken":10,"max_hp_gain":0,"max_hp_loss":0,"event_name":"SensoryStone","floor":36,"gold_loss":0},{"damage_healed":0,"gold_gain":0,"player_choice":"Fight","damage_taken":0,"max_hp_gain":0,"max_hp_loss":0,"event_name":"MindBloom","floor":37,"gold_loss":0},{"damage_healed":0,"gold_gain":0,"player_choice":"Got Potions","damage_taken":0,"max_hp_gain":0,"max_hp_loss":0,"event_name":"Lab","floor":39,"gold_loss":0}],"is_beta":false,"boss_relics":[{"not_picked":["Black Blood","Empty Cage"],"picked":"Ectoplasm"},{"not_picked":["Black Star","Sozu"],"picked":"SlaversCollar"}],"items_purged_floors":[19],"is_endless":false,"potions_floor_spawned":[1,2,6,8,10,18,25,40,42,44,45,55],"ascension_level":20}}