{"host":"9jj9tzo2iym4bpat","time":1610660498,"event":{"mods":["Act Like it!","BaseMod","CapriCore","Gensokyo","Luminous","Marisa????????","Minty Spire (QoL Compilation)","Permanent Neow","StSLib","Td1madao Mod","The Animator","The Immortal","The Marked","The Servant 0.9.4"],"gold_per_floor":[219,219,229,4,4,4,24,24,101,116,129,129,143,154,154,256,256,268,281,281,281],"floor_reached":20,"language":"ENG","playtime":879,"items_purged":[],"score":168,"play_id":"2cfeefbc-2cf0-42b5-a47f-e340304e2c26","local_time":"20210114154138","is_ascension_mode":false,"campfire_choices":[{"data":"DevaForm","floor":6,"key":"SMITH"},{"data":"Wallop","floor":8,"key":"SMITH"},{"floor":12,"key":"REST"},{"floor":15,"key":"REST"}],"circlet_count":0,"master_deck":["Strike_P","Strike_P","Strike_P","Defend_P","Defend_P","Defend_P","Defend_P","Eruption","Vigilance","Wallop+1","DevaForm+1","Consecrate","ReachHeaven","Eruption","Mind Blast","CrushJoints","CutThroughFate","Protect","CarveReality","SashWhip","LessonLearned","EmptyFist","Halt"],"relics":["PureWater","HandDrill","Matryoshka","Philosopher\u0027s Stone"],"acts_visited":["Exordium","TheCity"],"potions_floor_usage":[10,16,16],"damage_taken":[{"damage":1,"enemies":"Jaw Worm","floor":1,"turns":5},{"damage":0,"enemies":"Cultist","floor":3,"turns":4},{"damage":0,"enemies":"2 Louse","floor":7,"turns":2},{"damage":8,"enemies":"Exordium Thugs","floor":10,"turns":4},{"damage":16,"enemies":"Large Slime","floor":11,"turns":3},{"damage":9,"enemies":"Exordium Wildlife","floor":13,"turns":4},{"damage":7,"enemies":"Exordium Thugs","floor":14,"turns":4},{"damage":37,"enemies":"Hexaghost","floor":16,"turns":7},{"damage":71,"enemies":"3 Byrds","floor":18,"turns":7},{"damage":0,"enemies":"Chosen","floor":19,"turns":3},{"damage":4,"enemies":"Centurion and Healer","floor":20,"turns":1}],"seed_played":"6054435044273492799","potions_obtained":[{"floor":7,"key":"AttackPotion"},{"floor":11,"key":"Explosive Potion"},{"floor":13,"key":"AttackPotion"},{"floor":16,"key":"Strength Potion"}],"is_trial":false,"path_per_floor":["M","?","M","$","?","R","M","R","T","M","M","R","M","M","R","B",null,"M","M","M"],"character_chosen":"WATCHER","items_purchased":["HandDrill","ReachHeaven"],"campfire_rested":2,"item_purchase_floors":[4,4],"current_hp_per_floor":[71,71,71,71,71,71,71,71,71,63,47,68,59,52,72,35,72,1,1,0,0],"gold":281,"neow_bonus":"HUNDRED_GOLD","is_daily":false,"chose_seed":false,"campfire_upgraded":2,"win_rate":0.0,"timestamp":1610660498,"path_taken":["M","?","?","$","?","R","M","R","T","?","M","R","M","M","R","BOSS","M","M","?"],"items_purchased_type":["Relic","Card"],"build_version":"2020-12-22","purchased_purges":0,"victory":false,"max_hp_per_floor":[72,72,72,72,72,72,72,72,72,72,72,72,72,72,72,72,72,72,72,72,72],"card_choices":[{"not_picked":["CutThroughFate","EmptyFist"],"picked":"Wallop","floor":1},{"not_picked":["Halt","Fasting2"],"picked":"Consecrate","floor":3},{"not_picked":["EmptyBody","FlyingSleeves"],"picked":"CrushJoints","floor":7},{"not_picked":["ClearTheMind","WaveOfTheHand"],"picked":"CutThroughFate","floor":10},{"not_picked":["EmptyMind","ReachHeaven"],"picked":"Protect","floor":11},{"not_picked":["SandsOfTime","PathToVictory"],"picked":"CarveReality","floor":13},{"not_picked":["Consecrate","PathToVictory"],"picked":"SashWhip","floor":14},{"not_picked":["DeusExMachina","Scrawl"],"picked":"LessonLearned","floor":16},{"not_picked":["TalkToTheHand","Adaptation"],"picked":"EmptyFist","floor":18},{"not_picked":["InnerPeace","FlyingSleeves"],"picked":"Halt","floor":19}],"player_experience":237500,"relics_obtained":[{"floor":9,"key":"Matryoshka"}],"event_choices":[{"damage_healed":0,"gold_gain":0,"cards_transformed":["Strike_P"],"player_choice":"Transformed","damage_taken":0,"max_hp_gain":0,"max_hp_loss":0,"event_name":"Transmorgrifier","floor":2,"gold_loss":0,"cards_obtained":["DevaForm"]},{"damage_healed":0,"gold_gain":0,"player_choice":"2 cards matched","damage_taken":0,"max_hp_gain":0,"max_hp_loss":0,"event_name":"Match and Keep!","floor":5,"gold_loss":0,"cards_obtained":["Eruption","Mind Blast"]}],"is_beta":false,"boss_relics":[{"not_picked":["Busted Crown","Snecko Eye"],"picked":"Philosopher\u0027s Stone"}],"items_purged_floors":[],"is_endless":false,"potions_floor_spawned":[7,11,13,16],"killed_by":"Centurion and Healer","ascension_level":0}}