{"host":"da4a6z8aof69aasy","time":1610646925,"event":{"mods":["AchievementEnabler","BaseMod","Block Reminder","Colored Powertips","DeckTracker","Highlight Path","Minty Spire (QoL Compilation)","Permanent Neow","Relic Stats","StSLib"],"gold_per_floor":[116,116,116,116,137,137,173,173,198,216,216,216,236,275,275,371,371,386,386,401,326,379,379,394,415,442,475,134,134,178,194,194,290,290,303,77,100,100,125,125,169,169,192,192,525,539,539,310,310,310,310,310,9,9,9],"floor_reached":54,"language":"ENG","playtime":6530,"items_purged":["Strike_G","Strike_G","Strike_G","Strike_G+1"],"score":1363,"play_id":"b124ee76-effe-436d-a186-abb7d9eddc48","local_time":"20210114195525","is_ascension_mode":true,"campfire_choices":[{"data":"Deadly Poison","floor":6.0,"key":"SMITH"},{"floor":8.0,"key":"REST"},{"floor":12.0,"key":"REST"},{"data":"Malaise","floor":15,"key":"SMITH"},{"data":"1","floor":23,"key":"LIFT"},{"floor":29,"key":"REST"},{"data":"2","floor":32,"key":"LIFT"},{"data":"Footwork","floor":40,"key":"SMITH"},{"data":"Burst","floor":42,"key":"SMITH"},{"floor":44,"key":"RECALL"},{"data":"Dodge and Roll","floor":47,"key":"SMITH"},{"data":"3","floor":49,"key":"LIFT"},{"data":"Noxious Fumes","floor":52,"key":"SMITH"}],"circlet_count":0,"master_deck":["AscendersBane","Defend_G","Defend_G","Defend_G","Defend_G+1","Defend_G","Survivor","Neutralize+1","Backstab","Deadly Poison+1","Endless Agony","Malaise+1","Skewer","Footwork+1","Burst+1","Corpse Explosion","Dash","PiercingWail+1","Dodge and Roll+1","Deflect","Cloak And Dagger+1","Blade Dance+1","Cloak And Dagger+1","Catalyst+1","Catalyst+1","Adrenaline+1","Leg Sweep+1","Footwork+1","Noxious Fumes+1","Catalyst+1","Night Terror+1","Shame","PiercingWail+1","Deadly Poison+1","Backflip+1","Catalyst+1"],"relics":["Ring of the Snake","Dream Catcher","Unceasing Top","Girya","Whetstone","White Beast Statue","Shuriken","Runic Pyramid","Bronze Scales","Regal Pillow","Blood Vial","Membership Card","Toxic Egg 2","The Courier","Cursed Key","Ninja Scroll","Turnip","HandDrill","Paper Crane","Lantern","Oddly Smooth Stone","Happy Flower","War Paint"],"acts_visited":["Exordium","TheCity","TheBeyond","TheEnding"],"potions_floor_usage":[14,16,18,27,30,50,54],"damage_taken":[{"damage":0.0,"enemies":"Small Slimes","floor":1.0,"turns":4.0},{"damage":0.0,"enemies":"2 Louse","floor":5.0,"turns":3.0},{"damage":37.0,"enemies":"Gremlin Nob","floor":7.0,"turns":5.0},{"damage":0.0,"enemies":"Jaw Worm","floor":10.0,"turns":3.0},{"damage":2.0,"enemies":"Looter","floor":13.0,"turns":3.0},{"damage":8,"enemies":"3 Sentries","floor":14,"turns":8},{"damage":4,"enemies":"The Guardian","floor":16,"turns":12},{"damage":0,"enemies":"Spheric Guardian","floor":18,"turns":6},{"damage":0,"enemies":"Shell Parasite","floor":20,"turns":9},{"damage":9,"enemies":"Snake Plant","floor":24,"turns":4},{"damage":12,"enemies":"Centurion and Healer","floor":25,"turns":6},{"damage":16,"enemies":"Book of Stabbing","floor":27,"turns":7},{"damage":6,"enemies":"Slavers","floor":30,"turns":5},{"damage":1,"enemies":"Chosen and Byrds","floor":31,"turns":4},{"damage":5,"enemies":"Champ","floor":33,"turns":6},{"damage":0,"enemies":"3 Shapes","floor":35,"turns":5},{"damage":0,"enemies":"3 Darklings","floor":37,"turns":4},{"damage":0,"enemies":"4 Shapes","floor":39,"turns":6},{"damage":0,"enemies":"Giant Head","floor":41,"turns":5},{"damage":14,"enemies":"Spire Growth","floor":46,"turns":4},{"damage":16,"enemies":"Time Eater","floor":50,"turns":7},{"damage":57,"enemies":"Shield and Spear","floor":54,"turns":3}],"seed_played":"5436922238513095160","potions_obtained":[{"floor":1.0,"key":"Dexterity Potion"},{"floor":7.0,"key":"DuplicationPotion"},{"floor":13.0,"key":"Fire Potion"},{"floor":14,"key":"Ancient Potion"},{"floor":16,"key":"PowerPotion"},{"floor":18,"key":"Weak Potion"},{"floor":20,"key":"SpeedPotion"},{"floor":27,"key":"SpeedPotion"},{"floor":30,"key":"Ancient Potion"},{"floor":33,"key":"PowerPotion"}],"is_trial":false,"path_per_floor":["M","?","?","?","M","R","E","R","T","M","T","R","M","E","R","B",null,"M","?","M","$","T","R","M","M","T","E","$","R","E","M","R","B",null,"M","$","M","?","M","R","E","R","T","R","?","M","R","$","R","B",null,"R","$","E"],"character_chosen":"THE_SILENT","items_purchased":["Membership Card","Toxic Egg 2","Blade Dance+1","Footwork","Noxious Fumes","Ninja Scroll","HandDrill","Paper Crane","Lantern","Oddly Smooth Stone","Happy Flower","War Paint","Deadly Poison+1","Backflip+1","Catalyst+1"],"campfire_rested":3,"item_purchase_floors":[28,28,28,36,36,36,48,48,53,53,53,53,53,53,53],"current_hp_per_floor":[59,48,48,41,41,41,4,22,22,22,22,40,38,30,30,26,52,52,52,52,52,52,52,43,31,31,15,15,48,44,45,45,42,56,58,58,60,57,59,59,60,60,60,60,60,46,46,46,46,32,53,53,53,0,0],"gold":9,"neow_bonus":"RANDOM_COMMON_RELIC","is_daily":false,"chose_seed":false,"campfire_upgraded":6,"win_rate":0.0,"timestamp":1610646925,"path_taken":["M","?","?","?","M","R","E","R","T","M","?","R","?","E","R","BOSS","M","?","M","$","?","R","M","M","T","E","$","R","E","M","R","BOSS","M","$","M","?","?","R","E","R","T","R","?","M","R","$","R","BOSS","R","$","E"],"items_purchased_type":["Relic","Relic","Card","Card","Card","Relic","Relic","Relic","Relic","Relic","Relic","Relic","Card","Card","Card"],"build_version":"2020-12-22","purchased_purges":4,"victory":false,"max_hp_per_floor":[66,66,60,60,60,60,60,60,60,60,60,60,60,60,60,60,60,60,60,60,60,60,60,60,60,60,60,60,60,60,60,60,60,60,60,60,60,60,60,60,60,60,60,60,60,60,60,60,60,60,60,60,60,60,60],"relic_stats":{"Regal Pillow":15,"Happy Flower":[1],"counters":[22,119],"Whetstone":["Neutralize","Strike_G"],"War Paint":["PiercingWail","Defend_G"],"Cursed Key":1,"Blood Vial":17,"Dream Catcher":3,"Shuriken":[40],"Bronze Scales":[234],"Turnip":[3],"HandDrill":[0],"obtain_stats":[{"Girya":7,"Regal Pillow":26,"Lantern":53,"Happy Flower":53,"Golden Idol":3,"Oddly Smooth Stone":53,"The Courier":30,"Whetstone":9,"Paper Crane":48,"War Paint":53,"Cursed Key":34,"White Beast Statue":11,"Blood Vial":27,"Dream Catcher":0,"Shuriken":14,"Ninja Scroll":36,"Bronze Scales":22,"Turnip":41,"HandDrill":48,"Membership Card":28,"Toxic Egg 2":28,"Unceasing Top":2,"Ring of the Snake":0,"Runic Pyramid":17},{"Girya":3,"Regal Pillow":11,"Lantern":21,"Happy Flower":21,"Golden Idol":1,"Oddly Smooth Stone":21,"The Courier":13,"Whetstone":3,"Paper Crane":20,"War Paint":21,"Cursed Key":15,"White Beast Statue":4,"Blood Vial":12,"Dream Catcher":0,"Shuriken":6,"Ninja Scroll":16,"Bronze Scales":9,"Turnip":19,"HandDrill":20,"Membership Card":12,"Toxic Egg 2":12,"Unceasing Top":1,"Ring of the Snake":0,"Runic Pyramid":7},{"Girya":12,"Regal Pillow":63,"Lantern":116,"Happy Flower":116,"Golden Idol":4,"Oddly Smooth Stone":116,"The Courier":75,"Whetstone":12,"Paper Crane":109,"War Paint":116,"Cursed Key":85,"White Beast Statue":15,"Blood Vial":70,"Dream Catcher":0,"Shuriken":26,"Ninja Scroll":90,"Bronze Scales":53,"Turnip":105,"HandDrill":109,"Membership Card":70,"Toxic Egg 2":70,"Unceasing Top":4,"Ring of the Snake":0,"Runic Pyramid":38}],"Unceasing Top":[1],"Ring of the Snake":[42]},"card_choices":[{"not_picked":["Blur","Sucker Punch"],"picked":"Backstab","floor":1.0},{"not_picked":["Catalyst","Slice"],"picked":"Deadly Poison","floor":5.0},{"not_picked":["Deflect","Finisher"],"picked":"Endless Agony","floor":7.0},{"not_picked":["Dagger Throw","Bane"],"picked":"Malaise","floor":8.0},{"not_picked":["Flying Knee","Riddle With Holes"],"picked":"Skewer","floor":10.0},{"not_picked":["Backflip","Quick Slash"],"picked":"Footwork","floor":12.0},{"not_picked":["Poisoned Stab","Riddle With Holes"],"picked":"Burst","floor":13.0},{"not_picked":["Envenom","Masterful Stab","Slice"],"picked":"SKIP","floor":14},{"not_picked":["Phantasmal Killer","Wraith Form v2"],"picked":"Corpse Explosion","floor":16},{"not_picked":["Sucker Punch","Tactician"],"picked":"Dash","floor":18},{"not_picked":["Bouncing Flask","Slice"],"picked":"PiercingWail","floor":20},{"not_picked":["Flying Knee","Predator"],"picked":"Dodge and Roll","floor":24},{"not_picked":["Underhanded Strike","Blade Dance"],"picked":"Deflect","floor":25},{"not_picked":["Deflect","Adrenaline"],"picked":"Cloak And Dagger+1","floor":27},{"not_picked":["Reflex+1","Eviscerate"],"picked":"Cloak And Dagger+1","floor":29},{"not_picked":["Acrobatics+1","Backflip+1"],"picked":"Catalyst+1","floor":30},{"not_picked":["Skewer+1","Tactician+1"],"picked":"Catalyst+1","floor":31},{"not_picked":["Burst+1","A Thousand Cuts"],"picked":"Adrenaline+1","floor":33},{"not_picked":["Dagger Throw","Poisoned Stab+1"],"picked":"Leg Sweep+1","floor":35},{"not_picked":["Prepared+1","Quick Slash"],"picked":"Catalyst+1","floor":37},{"not_picked":["Accuracy","Choke+1","Quick Slash"],"picked":"SKIP","floor":39},{"not_picked":["Underhanded Strike","Unload"],"picked":"Night Terror+1","floor":41},{"not_picked":["Masterful Stab+1","Catalyst+1"],"picked":"PiercingWail+1","floor":46}],"player_experience":2056158,"relics_obtained":[{"floor":7.0,"key":"Girya"},{"floor":9.0,"key":"Whetstone"},{"floor":11.0,"key":"White Beast Statue"},{"floor":14,"key":"Shuriken"},{"floor":22,"key":"Bronze Scales"},{"floor":26,"key":"Regal Pillow"},{"floor":27,"key":"Blood Vial"},{"floor":30,"key":"The Courier"},{"floor":41,"key":"Turnip"}],"event_choices":[{"damage_healed":0.0,"max_hp_gain":0.0,"max_hp_loss":0.0,"gold_gain":0.0,"event_name":"Scrap Ooze","player_choice":"Success","floor":2.0,"gold_loss":0.0,"damage_taken":11.0,"relics_obtained":["Unceasing Top"]},{"damage_healed":0.0,"max_hp_gain":0.0,"max_hp_loss":6.0,"gold_gain":0.0,"event_name":"Golden Idol","player_choice":"Lose Max HP","floor":3.0,"gold_loss":0.0,"damage_taken":0.0,"relics_obtained":["Golden Idol"]},{"cards_removed":["Strike_G"],"damage_healed":0.0,"max_hp_gain":0.0,"max_hp_loss":0.0,"gold_gain":0.0,"event_name":"Golden Wing","player_choice":"Card Removal","floor":4.0,"gold_loss":0.0,"damage_taken":7.0},{"damage_healed":0,"gold_gain":0,"player_choice":"Upgraded","damage_taken":0,"max_hp_gain":0,"max_hp_loss":0,"event_name":"Upgrade Shrine","floor":19,"gold_loss":0,"cards_upgraded":["Footwork"]},{"damage_healed":0,"gold_gain":0,"player_choice":"Bought 0 Potions","damage_taken":0,"max_hp_gain":0,"max_hp_loss":0,"event_name":"The Woman in Blue","floor":38,"gold_loss":0},{"damage_healed":0,"gold_gain":333,"player_choice":"Gave Idol","damage_taken":0,"max_hp_gain":0,"max_hp_loss":0,"event_name":"The Moai Head","floor":45,"relics_lost":["Golden Idol"],"gold_loss":0}],"is_beta":false,"boss_relics":[{"not_picked":["WristBlade","Philosopher\u0027s Stone"],"picked":"Runic Pyramid"},{"not_picked":["SlaversCollar","Black Star"],"picked":"Cursed Key"}],"items_purged_floors":[21,28,36,48],"is_endless":false,"potions_floor_spawned":[1,7,13,14,16,18,20,24,25,27,30,31,33,35,37,39,41,46],"killed_by":"Shield and Spear","ascension_level":15}}