{"host":"ecaj4hn004xnnrw9","time":1610633495,"event":{"mods":["AchievementEnabler","BaseMod","Better Third Choice","Hermit","Hubris","Infinite Spire","Jorbs\u0027s Wanderer Trilogy","Minty Spire (QoL Compilation)","Quick Restart","Shop Mod","StSLib","The Construct","The Jungle","The Runesmith"],"gold_per_floor":[115,115,132,146,166,166,56,83,83,83,93,93,110,130,130,227,227,239,251,611,623,623,648,648,659,659],"floor_reached":25,"language":"ENG","playtime":847,"items_purged":["Strike_P"],"score":238,"play_id":"b1fd2f34-f0c7-40bf-93db-3541fb2e5288","local_time":"20210114141135","is_ascension_mode":true,"campfire_choices":[{"data":"Wallop","floor":6,"key":"SMITH"},{"data":"BattleHymn","floor":15,"key":"SMITH"},{"data":"Eruption","floor":24,"key":"SMITH"}],"circlet_count":0,"master_deck":["Strike_P","Strike_P","Strike_P+1","Defend_P","Defend_P","Defend_P","Defend_P+1","Eruption+1","Vigilance","Meditate+1","EmptyFist+1","CarveReality","Wallop+1","TalkToTheHand+1","BattleHymn+1","LessonLearned+1","Halt","FlurryOfBlows","Halt","FlurryOfBlows+1","Conclude"],"relics":["hubris:VirtuousBlindfold","hubris:BottledRain"],"acts_visited":["Exordium","TheCity"],"potions_floor_usage":[16,23,23,25],"damage_taken":[{"damage":1,"enemies":"Jaw Worm","floor":1,"turns":2},{"damage":0,"enemies":"Small Slimes","floor":3,"turns":2},{"damage":1,"enemies":"Cultist","floor":4,"turns":3},{"damage":0,"enemies":"2 Fungi Beasts","floor":5,"turns":2},{"damage":9,"enemies":"Lagavulin","floor":8,"turns":5},{"damage":0,"enemies":"Looter","floor":11,"turns":2},{"damage":4,"enemies":"Blue Slaver","floor":13,"turns":2},{"damage":0,"enemies":"Large Slime","floor":14,"turns":3},{"damage":1,"enemies":"Slime Boss","floor":16,"turns":4},{"damage":1,"enemies":"Shell Parasite","floor":18,"turns":4},{"damage":5,"enemies":"Chosen","floor":19,"turns":4},{"damage":0,"enemies":"3 Cultists","floor":21,"turns":4},{"damage":3,"enemies":"Nightmare","floor":23,"turns":9},{"damage":22,"enemies":"Snake Plant","floor":25,"turns":4}],"seed_played":"4723059841280601862","potions_obtained":[{"floor":1,"key":"EssenceOfSteel"},{"floor":5,"key":"SteroidPotion"},{"floor":8,"key":"Dexterity Potion"},{"floor":14,"key":"PowerPotion"},{"floor":16,"key":"SmokeBomb"},{"floor":19,"key":"Fruit Juice"},{"floor":25,"key":"BlessingOfTheForge"}],"is_trial":false,"path_per_floor":["M","?","M","M","M","R","$","E","T","?","M","$","M","M","R","B",null,"M","M","?","M","?","NM","R","M"],"character_chosen":"WATCHER","items_purchased":["TalkToTheHand"],"campfire_rested":0,"item_purchase_floors":[7],"current_hp_per_floor":[71,71,71,70,70,70,70,61,61,61,61,61,57,57,57,56,72,71,66,30,30,54,51,51,34,34],"gold":659,"neow_bonus":"BOSS_RELIC","is_daily":false,"chose_seed":false,"campfire_upgraded":3,"win_rate":0.0,"timestamp":1610633495,"path_taken":["M","?","M","M","M","R","$","E","T","?","M","$","M","M","R","BOSS","M","M","?","?","?","NM","R","M"],"items_purchased_type":["Card"],"build_version":"2020-12-22","purchased_purges":1,"victory":false,"max_hp_per_floor":[72,72,72,72,72,72,72,72,72,72,72,72,72,72,72,72,72,72,72,72,72,72,72,72,77,77],"card_choices":[{"not_picked":["JustLucky","BattleHymn"],"picked":"Meditate","floor":1},{"not_picked":["CutThroughFate","Evaluate"],"picked":"EmptyFist","floor":3},{"not_picked":["FlyingSleeves","Pray"],"picked":"CarveReality","floor":4},{"not_picked":["Crescendo","CrushJoints"],"picked":"Wallop","floor":5},{"not_picked":["ClearTheMind","Swivel"],"picked":"BattleHymn","floor":8},{"not_picked":["Prostrate","Weave"],"picked":"LessonLearned","floor":11},{"not_picked":["FlurryOfBlows","JustLucky"],"picked":"Halt","floor":13},{"not_picked":["Pray","JustLucky"],"picked":"FlurryOfBlows","floor":14},{"not_picked":["CutThroughFate","Weave+1"],"picked":"Halt","floor":18},{"not_picked":["Protect","WheelKick"],"picked":"FlurryOfBlows+1","floor":19},{"not_picked":["ClearTheMind","Vengeance","Crescendo+1"],"picked":"SKIP","floor":21},{"not_picked":["Halt+1","PathToVictory"],"picked":"Conclude","floor":23}],"player_experience":339921,"relics_obtained":[{"floor":23,"key":"hubris:BottledRain"}],"event_choices":[{"damage_healed":0,"gold_gain":360,"player_choice":"GOLD GOLD GOLD GOLD ","damage_taken":36,"max_hp_gain":0,"max_hp_loss":0,"event_name":"Knowing Skull","floor":20,"potions_obtained":[],"gold_loss":0,"cards_obtained":[]},{"damage_healed":24,"gold_gain":0,"player_choice":"Heal","damage_taken":0,"max_hp_gain":0,"max_hp_loss":0,"event_name":"The Library","floor":22,"gold_loss":0}],"is_beta":false,"boss_relics":[{"not_picked":["Calling Bell","Philosopher\u0027s Stone","VioletLotus"]}],"items_purged_floors":[7],"is_endless":false,"potions_floor_spawned":[1,5,8,14,16,19,25],"killed_by":"Snake Plant","ascension_level":1}}