{"host":"0mk07bycsqo1qk03","time":1610646658,"event":{"mods":["BaseMod","Bestiary","Downfall","Hermit","Hubris","Minty Spire (QoL Compilation)","Replay The Spire","StSLib","The Cursed","The Servant 0.9.4"],"gold_per_floor":[112,128,38,38,48,48,61,72,72,264,289,289,309,14,14,114,114,130,130,130,146,39,39,39],"floor_reached":23,"language":"ENG","playtime":829,"items_purged":[],"score":287,"play_id":"4ff35180-a970-451b-be4c-25533a3d40a1","local_time":"20210114185058","is_ascension_mode":true,"campfire_choices":[{"data":"Eruption","floor":6,"key":"SMITH"},{"data":"TalkToTheHand","floor":12,"key":"SMITH"},{"data":"Adaptation","floor":15,"key":"SMITH"}],"circlet_count":0,"master_deck":["AscendersBane","Strike_P","Strike_P","Strike_P","Defend_P","Defend_P","Defend_P","Eruption+1","Vigilance","Evaluate","WreathOfFlame","CrushJoints","Replay:SS_forest_6","EmptyFist","hubris:DuctTapeCard","Adaptation+1","TalkToTheHand+1","Replay:Hum","expansioncontent:Collect","FollowUp","FollowUp","Sadistic Nature","Alpha","FlurryOfBlows","Replay:Anticipation+1","Replay:AtTheReady"],"relics":["PureWater","hubris:DuctTape","Lantern","BargainBundle","Runic Pyramid","Du-Vu Doll"],"acts_visited":["Exordium","TheCity"],"potions_floor_usage":[8,18,23],"damage_taken":[{"damage":0,"enemies":"Cultist","floor":1,"turns":3},{"damage":0,"enemies":"2 Louse","floor":2,"turns":2},{"damage":7,"enemies":"Jaw Worm","floor":5,"turns":5},{"damage":0,"enemies":"Exordium Wildlife","floor":7,"turns":3},{"damage":0,"enemies":"Looter","floor":8,"turns":2},{"damage":14,"enemies":"Gremlin Nob","floor":11,"turns":3},{"damage":0,"enemies":"3 Louse","floor":13,"turns":2},{"damage":31,"enemies":"Hexaghost","floor":16,"turns":13},{"damage":9,"enemies":"Shell Parasite","floor":18,"turns":9},{"damage":16,"enemies":"Spheric Guardian","floor":21,"turns":5},{"damage":20,"enemies":"Gremlin Leader","floor":23,"turns":5}],"seed_played":"-5342004346619376738","potions_obtained":[{"floor":1,"key":"Energy Potion"},{"floor":7,"key":"hexamod:EctoCoolerPotion"},{"floor":8,"key":"LifebloodPotion"},{"floor":13,"key":"DuplicationPotion"}],"is_trial":false,"path_per_floor":["M","M","$","?","M","R","M","M","T","?","E","R","M","$","R","B",null,"M","?","?","M","$","E"],"character_chosen":"WATCHER","items_purchased":["Replay:SS_forest_6","BargainBundle","expansioncontent:Collect","BlessingOfTheForge","FollowUp","Sadistic Nature","Replay:Anticipation+1","Replay:AtTheReady"],"campfire_rested":0,"item_purchase_floors":[3,14,14,14,14,14,22,22],"current_hp_per_floor":[65,65,65,65,58,58,65,65,65,65,51,51,51,51,51,20,54,45,34,34,18,18,0,0],"gold":39,"neow_bonus":"TRANSFORM_TWO_CARDS","is_daily":false,"chose_seed":false,"campfire_upgraded":3,"win_rate":0.0,"timestamp":1610646658,"path_taken":["M","?","$","?","M","R","M","M","T","?","E","R","M","?","R","BOSS","M","?","?","M","$","E"],"items_purchased_type":["Card","Relic","Card","Potion","Card","Card","Card","Card"],"build_version":"2020-12-22","purchased_purges":0,"victory":false,"max_hp_per_floor":[65,65,65,65,65,65,65,65,65,65,65,65,65,65,65,65,65,65,70,70,70,70,70,70],"card_choices":[{"not_picked":["Wallop","InnerPeace"],"picked":"WreathOfFlame","floor":1},{"not_picked":["Replay:Cycle","Perseverance"],"picked":"CrushJoints","floor":2},{"not_picked":["Protect","Sanctity"],"picked":"EmptyFist","floor":5},{"not_picked":["EmptyFist","JustLucky"],"picked":"SandsOfTime","floor":7},{"not_picked":["Replay:DivineShield","Replay:ManipulateFuture","Protect"],"picked":"SKIP","floor":8},{"not_picked":["CrushJoints","Crescendo"],"picked":"Adaptation","floor":10},{"not_picked":["Wallop","EmptyFist"],"picked":"TalkToTheHand","floor":11},{"not_picked":["CutThroughFate","BowlingBash"],"picked":"Replay:Hum","floor":13},{"not_picked":["Vault","Replay:LoomingThreat"],"picked":"Alpha","floor":16},{"not_picked":["Protect+1","WindmillStrike"],"picked":"FlurryOfBlows","floor":18},{"not_picked":["SashWhip","Tantrum","CutThroughFate+1"],"picked":"SKIP","floor":21}],"player_experience":887983,"relics_obtained":[{"floor":9,"key":"hubris:DuctTape"},{"floor":11,"key":"Lantern"}],"event_choices":[{"damage_healed":0,"gold_gain":0,"player_choice":"Leave","damage_taken":0,"max_hp_gain":0,"max_hp_loss":0,"event_name":"The Cleric","floor":4,"gold_loss":0},{"damage_healed":0,"gold_gain":0,"player_choice":"Shed Blood","damage_taken":16,"max_hp_gain":5,"max_hp_loss":0,"event_name":"Forgotten Altar","floor":19,"gold_loss":0}],"is_beta":false,"boss_relics":[{"not_picked":["Painkiller Herb","Black Star"],"picked":"Runic Pyramid"}],"items_purged_floors":[],"is_endless":false,"potions_floor_spawned":[1,7,8,13],"killed_by":"Gremlin Leader","ascension_level":10}}