{"host":"fq1bpa5mgr3rtgnr","time":1610608469,"event":{"mods":["AchievementEnabler","BaseMod","Colored Map","Colored Powertips","Highlight Path","Minty Spire (QoL Compilation)","Relic Stats","StSLib","The Senshi"],"gold_per_floor":[110,73,73,73,93,93,93,93,93,93,127,151,36,36,36,155,155,149,165,188,188,188,220,135,135,135,152,35,35,45,61,61,166,166,182,196,196,176,192,224,234,252,333,191,222,241,241,259,259,259,259,259,32,63,63],"floor_reached":56,"language":"ENG","playtime":3822,"items_purged":["theSenshi:SailorKick","Writhe"],"score":1177,"play_id":"2bda64c5-1d40-4407-96c9-63be968454b2","local_time":"20210114021429","is_ascension_mode":false,"campfire_choices":[{"data":"theSenshi:MoonCrisisMakeUp","floor":6.0,"key":"SMITH"},{"data":"theSenshi:EncouragingSpeech","floor":8.0,"key":"SMITH"},{"data":"theSenshi:SailorStarFighterAssists","floor":10.0,"key":"SMITH"},{"data":"theSenshi:MercurysCunning","floor":15.0,"key":"SMITH"},{"data":"theSenshi:SilverMoonCrystalPowerKiss","floor":32,"key":"SMITH"},{"data":"theSenshi:MoonGorgeousMeditation","floor":47,"key":"SMITH"},{"floor":49,"key":"RECALL"},{"data":"theSenshi:MoonCrisisMakeUp","floor":52,"key":"SMITH"}],"circlet_count":0,"master_deck":["theSenshi:SailorKick","theSenshi:SailorKick","theSenshi:SailorKick","theSenshi:SailorBlock","theSenshi:SailorBlock+1","theSenshi:SailorBlock","theSenshi:SailorBlock","theSenshi:RoseThrow+1","theSenshi:MoonPrismPowerMakeUp","theSenshi:EncouragingSpeech+1","theSenshi:SailorStarFighterAssists+1","theSenshi:MoonCrisisMakeUp+1","theSenshi:MercurysCunning+1","theSenshi:SailorStarHealerAssists","theSenshi:SchoolBag","theSenshi:MoonKick","theSenshi:MoonHealingEscalation","theSenshi:SilverMoonCrystalPowerKiss+1","theSenshi:StudyParty","theSenshi:MoonPrincessHalation+1","theSenshi:MoonGorgeousMeditation+1","theSenshi:SailorVenusAssists+1","Master of Strategy","theSenshi:MoonCrystalPowerMakeUp+1","theSenshi:MoonCrisisMakeUp+1","theSenshi:MoonCrisisMakeUp","theSenshi:UranusStrength+1","theSenshi:YouCanTalk+1","theSenshi:MoonCosmicPowerMakeUp"],"relics":["theSenshi:TransformationBroochRelic","Oddly Smooth Stone","Bloody Idol","Bottled Flame","The Courier","PreservedInsect","Lantern","SlaversCollar","Boot","theSenshi:CutieMoonRodRelic","Dream Catcher","theSenshi:CosmicHeartCompactRelic","Busted Crown","Ancient Tea Set","HornCleat","Membership Card","Bottled Lightning"],"acts_visited":["Exordium","TheCity","TheBeyond","TheEnding"],"potions_floor_usage":[20,23,31,50,55,55,55],"damage_taken":[{"damage":1.0,"enemies":"Jaw Worm","floor":1.0,"turns":5.0},{"damage":1.0,"enemies":"2 Louse","floor":5.0,"turns":2.0},{"damage":37.0,"enemies":"Gremlin Nob","floor":11.0,"turns":6.0},{"damage":0.0,"enemies":"Small Slimes","floor":12.0,"turns":2.0},{"damage":2.0,"enemies":"Slime Boss","floor":16.0,"turns":12.0},{"damage":12.0,"enemies":"2 Thieves","floor":18.0,"turns":4.0},{"damage":21,"enemies":"3 Byrds","floor":19,"turns":8},{"damage":28,"enemies":"Snake Plant","floor":20,"turns":8},{"damage":3,"enemies":"Book of Stabbing","floor":23,"turns":5},{"damage":7,"enemies":"Centurion and Healer","floor":27,"turns":14},{"damage":3,"enemies":"Snecko","floor":30,"turns":7},{"damage":15,"enemies":"Shelled Parasite and Fungi","floor":31,"turns":6},{"damage":38,"enemies":"Collector","floor":33,"turns":8},{"damage":11,"enemies":"Orb Walker","floor":35,"turns":3},{"damage":0,"enemies":"3 Shapes","floor":36,"turns":4},{"damage":12,"enemies":"Spire Growth","floor":39,"turns":4},{"damage":10,"enemies":"Reptomancer","floor":40,"turns":6},{"damage":7,"enemies":"4 Shapes","floor":41,"turns":4},{"damage":11,"enemies":"Writhing Mass","floor":42,"turns":7},{"damage":6,"enemies":"Giant Head","floor":45,"turns":5},{"damage":5,"enemies":"Sphere and 2 Shapes","floor":46,"turns":4},{"damage":53,"enemies":"Transient","floor":48,"turns":5},{"damage":30,"enemies":"Awakened One","floor":50,"turns":9},{"damage":34,"enemies":"Shield and Spear","floor":54,"turns":13},{"damage":40,"enemies":"The Heart","floor":55,"turns":8}],"seed_played":"-4913865559552458114","potions_obtained":[{"floor":12.0,"key":"EntropicBrew"},{"floor":18.0,"key":"PowerPotion"},{"floor":23,"key":"PowerPotion"},{"floor":30,"key":"DistilledChaos"},{"floor":33,"key":"BlessingOfTheForge"},{"floor":35,"key":"Weak Potion"},{"floor":38,"key":"Explosive Potion"},{"floor":39,"key":"GamblersBrew"},{"floor":40,"key":"Swift Potion"},{"floor":46,"key":"Ancient Potion"}],"is_trial":false,"path_per_floor":["M","$","?","?","M","R","?","R","T","R","E","M","$","?","R","B",null,"M","M","M","?","?","E","?","?","T","M","$","?","M","M","R","B",null,"M","M","?","?","M","E","M","M","T","$","E","M","R","M","R","B",null,"R","$","E","B",null],"character_chosen":"THE_SENSHI","items_purchased":["theSenshi:SailorStarFighterAssists","PreservedInsect","theSenshi:SilverMoonCrystalPowerKiss","theSenshi:MoonCrisisMakeUp","theSenshi:MoonCrisisMakeUp","Membership Card","Dexterity Potion","Energy Potion","theSenshi:MoonCosmicPowerMakeUp"],"campfire_rested":0,"item_purchase_floors":[2,13,28,44,44,53,53,53,53],"current_hp_per_floor":[74,74,74,59,58,58,58,58,58,58,21,21,21,14,14,12,69,57,41,18,18,18,35,35,35,35,48,48,48,65,69,69,41,69,68,69,69,69,67,69,67,69,69,69,69,69,69,21,21,11,69,69,69,65,40],"gold":63,"neow_bonus":"RANDOM_COMMON_RELIC","is_daily":false,"chose_seed":false,"campfire_upgraded":7,"win_rate":0.0,"timestamp":1610608469,"path_taken":["M","$","?","?","M","R","?","R","T","R","E","M","$","?","R","BOSS","M","M","M","?","?","E","?","?","T","M","$","?","M","M","R","BOSS","M","M","?","?","M","E","M","?","T","$","E","M","R","M","R","BOSS","R","$","E","BOSS"],"items_purchased_type":["Card","Relic","Card","Card","Card","Relic","Potion","Potion","Card"],"build_version":"2020-12-22","purchased_purges":2,"victory":true,"max_hp_per_floor":[75,75,75,75,75,75,69,69,69,69,69,69,69,69,69,69,69,69,69,69,69,69,69,69,69,69,69,69,69,69,69,69,69,69,69,69,69,69,69,69,69,69,69,69,69,69,69,69,69,69,69,69,69,69,69],"relic_stats":{"Dream Catcher":0,"Busted Crown":22,"counters":[25,159],"Bloody Idol":59,"PreservedInsect":293,"Boot":[25],"obtain_stats":[{"theSenshi:CutieMoonRodRelic":24,"Lantern":14,"Golden Idol":7,"Oddly Smooth Stone":0,"The Courier":11,"PreservedInsect":13,"Boot":23,"Ancient Tea Set":40,"SlaversCollar":17,"Bottled Flame":9,"Dream Catcher":25,"theSenshi:TransformationBroochRelic":0,"Busted Crown":34,"HornCleat":45,"Bloody Idol":21,"Membership Card":53,"Bottled Lightning":54,"theSenshi:CosmicHeartCompactRelic":26},{"theSenshi:CutieMoonRodRelic":9,"Lantern":4,"Golden Idol":2,"Oddly Smooth Stone":0,"The Courier":3,"PreservedInsect":4,"Boot":9,"Ancient Tea Set":17,"SlaversCollar":5,"Bottled Flame":2,"Dream Catcher":9,"theSenshi:TransformationBroochRelic":0,"Busted Crown":13,"HornCleat":20,"Bloody Idol":8,"Membership Card":23,"Bottled Lightning":24,"theSenshi:CosmicHeartCompactRelic":9},{"theSenshi:CutieMoonRodRelic":52,"Lantern":15,"Golden Idol":7,"Oddly Smooth Stone":0,"The Courier":13,"PreservedInsect":15,"Boot":52,"Ancient Tea Set":104,"SlaversCollar":27,"Bottled Flame":7,"Dream Catcher":52,"theSenshi:TransformationBroochRelic":0,"Busted Crown":87,"HornCleat":120,"Bloody Idol":47,"Membership Card":138,"Bottled Lightning":151,"theSenshi:CosmicHeartCompactRelic":52}]},"card_choices":[{"not_picked":["theSenshi:SailorMercuryAssists","theSenshi:Sidestep"],"picked":"theSenshi:EncouragingSpeech","floor":1.0},{"not_picked":["theSenshi:SailorChibiMoonAssists","theSenshi:LunasBite"],"picked":"theSenshi:MoonCrisisMakeUp","floor":5.0},{"not_picked":["theSenshi:LateForSchool","theSenshi:SailorUranusAssists"],"picked":"theSenshi:MercurysCunning","floor":11.0},{"not_picked":["theSenshi:TuxedoSmokingBomber","theSenshi:MercurysCunning","theSenshi:MoonTiaraMagic"],"picked":"SKIP","floor":12.0},{"not_picked":["theSenshi:FatedKiss","theSenshi:IWillPunishYou"],"picked":"theSenshi:SailorStarHealerAssists","floor":16.0},{"not_picked":["theSenshi:SupersonicWaves+1","theSenshi:MoonTiaraMagic"],"picked":"theSenshi:SchoolBag","floor":18.0},{"not_picked":["theSenshi:HesSoDreamy","theSenshi:TuxedoSmokingBomber"],"picked":"theSenshi:MoonKick","floor":19},{"not_picked":["theSenshi:SailorV","theSenshi:SchoolBag"],"picked":"theSenshi:MoonHealingEscalation","floor":20},{"not_picked":["theSenshi:SaturnsMystery","theSenshi:LateForSchool","theSenshi:MoonlightKnight"],"picked":"SKIP","floor":23},{"not_picked":["theSenshi:TallSilhouette","theSenshi:SailorMercuryAssists","theSenshi:SailorV"],"picked":"SKIP","floor":27},{"not_picked":["theSenshi:SchoolBag","theSenshi:TallSilhouette+1"],"picked":"theSenshi:StudyParty","floor":30},{"not_picked":["theSenshi:SailorMarsAssists+1","theSenshi:SailorV"],"picked":"theSenshi:MoonPrincessHalation+1","floor":31},{"not_picked":["theSenshi:SilverMoonCrystalPowerKiss","theSenshi:SailorPlutoAssists"],"picked":"theSenshi:MoonGorgeousMeditation","floor":33},{"not_picked":["theSenshi:MoonTwilightFlash+1"],"picked":"SKIP","floor":35},{"not_picked":[],"picked":"theSenshi:SailorVenusAssists+1","floor":36},{"not_picked":[],"picked":"Master of Strategy","floor":37},{"not_picked":[],"picked":"theSenshi:MoonCrystalPowerMakeUp+1","floor":39},{"not_picked":["theSenshi:OdangoHead+1"],"picked":"SKIP","floor":40},{"not_picked":["theSenshi:MoonTiaraMagic"],"picked":"SKIP","floor":41},{"not_picked":["theSenshi:LateForSchool+1"],"picked":"SKIP","floor":42},{"not_picked":[],"picked":"theSenshi:UranusStrength+1","floor":45},{"not_picked":[],"picked":"theSenshi:YouCanTalk+1","floor":46},{"not_picked":["theSenshi:SailorVenusAssists+1"],"picked":"SKIP","floor":48},{"not_picked":["theSenshi:OdangoHead"],"picked":"SKIP","floor":54}],"player_experience":384724,"relics_obtained":[{"floor":9.0,"key":"Bottled Flame"},{"floor":11.0,"key":"The Courier"},{"floor":23,"key":"Boot"},{"floor":26,"key":"theSenshi:CosmicHeartCompactRelic"},{"floor":40,"key":"Ancient Tea Set"},{"floor":45,"key":"HornCleat"},{"floor":54,"key":"Bottled Lightning"}],"event_choices":[{"damage_healed":0.0,"max_hp_gain":0.0,"max_hp_loss":0.0,"gold_gain":0.0,"event_name":"Liars Game","player_choice":"Ignored","floor":3.0,"gold_loss":0.0,"damage_taken":0.0},{"damage_healed":0.0,"max_hp_gain":0.0,"max_hp_loss":0.0,"gold_gain":0.0,"event_name":"Shining Light","player_choice":"Entered Light","floor":4.0,"gold_loss":0.0,"damage_taken":15.0,"cards_upgraded":["theSenshi:SailorBlock","theSenshi:RoseThrow"]},{"damage_healed":0.0,"max_hp_gain":0.0,"max_hp_loss":6.0,"gold_gain":0.0,"event_name":"Golden Idol","player_choice":"Lose Max HP","floor":7.0,"gold_loss":0.0,"damage_taken":0.0,"relics_obtained":["Golden Idol"]},{"damage_healed":0.0,"max_hp_gain":0.0,"max_hp_loss":0.0,"gold_gain":0.0,"event_name":"Scrap Ooze","player_choice":"Success","floor":14.0,"gold_loss":0.0,"damage_taken":7.0,"relics_obtained":["Lantern"]},{"damage_healed":0,"gold_gain":0,"player_choice":"Gave Idol","damage_taken":0,"relics_obtained":["Bloody Idol"],"max_hp_gain":0,"max_hp_loss":0,"event_name":"Forgotten Altar","floor":21,"relics_lost":["Golden Idol"],"gold_loss":0},{"damage_healed":0,"gold_gain":0,"player_choice":"Ignored","damage_taken":0,"max_hp_gain":0,"max_hp_loss":0,"event_name":"Cursed Tome","floor":22,"gold_loss":0},{"damage_healed":0,"gold_gain":0,"player_choice":"Obtained Relic","damage_taken":0,"relics_obtained":["theSenshi:CutieMoonRodRelic"],"max_hp_gain":0,"max_hp_loss":0,"event_name":"Addict","floor":24,"gold_loss":85},{"damage_healed":0,"gold_gain":0,"player_choice":"Opened","damage_taken":0,"relics_obtained":["Dream Catcher"],"max_hp_gain":0,"max_hp_loss":0,"event_name":"The Mausoleum","floor":25,"gold_loss":0,"cards_obtained":["Writhe"]},{"damage_healed":0,"gold_gain":0,"player_choice":"Ignored","damage_taken":0,"max_hp_gain":0,"max_hp_loss":0,"event_name":"Ghosts","floor":29,"gold_loss":0},{"damage_healed":0,"gold_gain":0,"player_choice":"Memory 1","damage_taken":0,"max_hp_gain":0,"max_hp_loss":0,"event_name":"SensoryStone","floor":37,"gold_loss":0},{"damage_healed":0,"gold_gain":0,"player_choice":"Bought 1 Potion","damage_taken":0,"max_hp_gain":0,"max_hp_loss":0,"event_name":"The Woman in Blue","floor":38,"gold_loss":0}],"is_beta":false,"boss_relics":[{"not_picked":["Snecko Eye","Fusion Hammer"],"picked":"SlaversCollar"},{"not_picked":["Philosopher\u0027s Stone","Runic Dome"],"picked":"Busted Crown"}],"items_purged_floors":[44,53],"is_endless":false,"potions_floor_spawned":[12,18,23,30,33,35,39,40,45,46],"ascension_level":0}}