{"host":"7uuqqk35leady37t","time":1610609411,"event":{"mods":["BaseMod","Colored Map","Colored Powertips","Downfall","Marisa£®ÏF”Í°°ƒß¿Ì…≥£©","Minty Spire (QoL Compilation)","Relic Stats","Remilia£®¿Ÿ√◊¿Ú—«£©","Replay The Spire","Robot Space Explorer","StSLib","The Bug Knight","The Servant 0.9.4","UnlockEverythingMod","Waifu the Spire","Yuri Mod","[IsaacMod]“‘»ˆº‚À˛"],"gold_per_floor":[117,137,153,165,181,181,181,181,197,209,209,2,29,29,82,82,82],"floor_reached":16,"language":"ZHS","playtime":460,"items_purged":[],"score":208,"play_id":"ffb4d13c-7305-4715-b78b-9b9ef1e7f299","local_time":"20210114153011","is_ascension_mode":true,"campfire_choices":[{"data":"BasicCrystalCard","floor":6.0,"key":"SMITH"}],"circlet_count":0,"master_deck":["AscendersBane","Strike_B","Strike_B","Strike_B","Strike_B","Defend_B","Defend_B","Defend_B","Defend_B","Zap","Dualcast","Streamline","Turbo","Ball Lightning","BasicCrystalCard+1","BasicCrystalCard","Time Bomb","Leap","FIFO Queue+1","FIFO Queue+1","Rip and Tear+1","Streamline"],"relics":["Cracked Core","HushsDoor","NeowsBlessing","Tiny Chest","Emotion Chip","Void","Bottled Flame","GnawedLeaf","HollowMod:StagPassRelic","Blue Doll","Replay:Arrowhead","SteamSale","Mirror"],"acts_visited":["Exordium"],"potions_floor_usage":[13],"damage_taken":[{"damage":0.0,"enemies":"Jaw Worm","floor":1.0,"turns":1.0},{"damage":0.0,"enemies":"Cultist","floor":2.0,"turns":1.0},{"damage":0.0,"enemies":"Small Slimes","floor":3.0,"turns":1.0},{"damage":0.0,"enemies":"2 Fungi Beasts","floor":4.0,"turns":2.0},{"damage":14.0,"enemies":"Red Slaver","floor":5.0,"turns":2.0},{"damage":12.0,"enemies":"Large Slime","floor":9.0,"turns":3.0},{"damage":13.0,"enemies":"Blue Slaver","floor":10.0,"turns":3.0},{"damage":24,"enemies":"3 Sentries","floor":13,"turns":4},{"damage":11,"enemies":"Replay:BlueRogue","floor":16,"turns":1}],"seed_played":"6843800261735629824","potions_obtained":[{"floor":1.0,"key":"FocusPotion"},{"floor":9.0,"key":"SpeedPotion"},{"floor":13,"key":"SteroidPotion"}],"is_trial":false,"path_per_floor":["M","M","M","M","M","R","PTL","PTL","M","M","T","$","E","$","?","E"],"character_chosen":"DEFECT","items_purchased":["SteamSale","FIFO Queue","Rip and Tear+1"],"campfire_rested":0,"item_purchase_floors":[12,12,12],"current_hp_per_floor":[64,64,64,64,50,50,50,50,38,25,25,25,1,1,1,0,0],"gold":82,"neow_bonus":"THREE_ENEMY_KILL","is_daily":false,"chose_seed":false,"campfire_upgraded":1,"win_rate":0.0,"timestamp":1610609411,"path_taken":["M","M","M","M","M","R","PTL","PTL","M","M","T","$","E","$","?","E"],"items_purchased_type":["Relic","Card","Card"],"build_version":"2020-12-22","purchased_purges":0,"victory":false,"max_hp_per_floor":[71,71,71,71,71,71,71,71,71,71,71,71,71,71,71,71,71],"relic_stats":{"Emotion Chip":[7,6,0,1,0],"counters":[9,18],"Tiny Chest":0,"obtain_stats":[{"KeepersGift":0,"Damocles":0,"NeowsBlessing":0,"GnawedLeaf":5,"Blue Doll":10,"HollowMod:StagPassRelic":9,"SteamSale":12,"Replay:Arrowhead":11,"Emotion Chip":2,"Bottled Flame":4,"Tiny Chest":1,"Void":3,"Cracked Core":0,"HushsDoor":0,"Mirror":13},{"KeepersGift":0,"Damocles":0,"NeowsBlessing":0,"GnawedLeaf":5,"Blue Doll":7,"HollowMod:StagPassRelic":6,"SteamSale":7,"Replay:Arrowhead":7,"Emotion Chip":2,"Bottled Flame":4,"Tiny Chest":1,"Void":3,"Cracked Core":0,"HushsDoor":0,"Mirror":8},{"KeepersGift":0,"Damocles":0,"NeowsBlessing":0,"GnawedLeaf":7,"Blue Doll":13,"HollowMod:StagPassRelic":10,"SteamSale":13,"Replay:Arrowhead":13,"Emotion Chip":2,"Bottled Flame":5,"Tiny Chest":1,"Void":3,"Cracked Core":0,"HushsDoor":0,"Mirror":17}]},"card_choices":[{"not_picked":[],"picked":"Bomb","floor":0.0},{"not_picked":["Panic Button","Gash"],"picked":"Streamline","floor":1.0},{"not_picked":["Barrage","Streamline"],"picked":"Turbo","floor":2.0},{"not_picked":["Hyperbeam","Cold Snap"],"picked":"Ball Lightning","floor":3.0},{"not_picked":["Chill","Gash"],"picked":"BasicCrystalCard","floor":4.0},{"not_picked":["ReplaySort","Pulse"],"picked":"BasicCrystalCard","floor":5.0},{"not_picked":["Doom and Gloom","ReplayGash"],"picked":"Time Bomb","floor":9.0},{"not_picked":["ReplayTheSpireMod:Repulse","Coolheaded"],"picked":"Leap","floor":10.0},{"not_picked":["All For One","Coolheaded"],"picked":"Streamline","floor":13}],"player_experience":53904,"relics_obtained":[{"floor":1.0,"key":"Tiny Chest"},{"floor":2.0,"key":"Emotion Chip"},{"floor":3.0,"key":"Void"},{"floor":4.0,"key":"Bottled Flame"},{"floor":5.0,"key":"GnawedLeaf"},{"floor":9.0,"key":"HollowMod:StagPassRelic"},{"floor":10.0,"key":"Blue Doll"},{"floor":11.0,"key":"Replay:Arrowhead"},{"floor":13,"key":"Mirror"}],"event_choices":[{"damage_healed":0,"gold_gain":53,"player_choice":"Gained Gold","damage_taken":0,"max_hp_gain":0,"max_hp_loss":0,"event_name":"Golden Wing","floor":15,"gold_loss":0}],"is_beta":false,"boss_relics":[],"items_purged_floors":[],"is_endless":false,"potions_floor_spawned":[1,9,13],"killed_by":"Replay:BlueRogue","ascension_level":20}}