{"host":"alkal8gor0gt4rzw","time":1610634529,"event":{"mods":["AchievementEnabler","BaseMod","Minty Spire (QoL Compilation)","SuperFastMode"],"gold_per_floor":[118,43,43,63,77,77,111,111,185,215,229,229,25,38,38,135,135,148,148,158,178,178,178,211,211,262,262,65,65,83,100,100,204,254,265,315,328,352,397,397,409,409,435,458,570,602,614,614],"floor_reached":47,"language":"KOR","playtime":1547,"items_purged":["Strike_G"],"score":503,"play_id":"fc83e2f3-545d-4992-935b-08eb89ead900","local_time":"20210114232849","is_ascension_mode":true,"campfire_choices":[{"data":"Poisoned Stab","floor":6,"key":"SMITH"},{"data":"Catalyst","floor":8,"key":"SMITH"},{"data":"Bane","floor":15,"key":"SMITH"},{"floor":23,"key":"REST"},{"data":"Ghostly","floor":27,"key":"SMITH"},{"data":"Ghostly","floor":29,"key":"SMITH"},{"data":"Adrenaline","floor":32,"key":"SMITH"},{"data":"Ghostly","floor":40,"key":"SMITH"},{"data":"Acrobatics","floor":42,"key":"SMITH"}],"circlet_count":0,"master_deck":["Strike_G+1","Strike_G+1","Defend_G+1","Defend_G+1","Defend_G+1","Defend_G+1","Defend_G+1","Survivor","Neutralize","Deadly Poison+1","Backflip","Poisoned Stab+1","Catalyst+1","Bane+1","Poisoned Stab+1","Die Die Die","Ghostly+1","Ghostly+1","Ghostly+1","Ghostly","Ghostly","Deflect","Dagger Throw+1","Prepared+1","Catalyst+1","Adrenaline+1","Noxious Fumes+1","Acrobatics+1","Dodge and Roll+1","Well Laid Plans+1"],"relics":["Ring of the Snake","Smiling Mask","Meat on the Bone","Toy Ornithopter","Lee\u0027s Waffle","Empty Cage","Anchor","Eternal Feather","Tiny Chest","DollysMirror","Tiny House","Lizard Tail","Lantern","Ginger","MawBank"],"acts_visited":["TheCity","TheBeyond"],"potions_floor_usage":[7,20,20,20,24,33,36,47,47],"damage_taken":[{"damage":1,"enemies":"Cultist","floor":1,"turns":4},{"damage":5,"enemies":"Small Slimes","floor":4,"turns":4},{"damage":11,"enemies":"2 Louse","floor":5,"turns":3},{"damage":7,"enemies":"Gremlin Nob","floor":7,"turns":3},{"damage":13,"enemies":"Lagavulin","floor":10,"turns":4},{"damage":0,"enemies":"Blue Slaver","floor":11,"turns":2},{"damage":13,"enemies":"2 Fungi Beasts","floor":14,"turns":3},{"damage":28,"enemies":"The Guardian","floor":16,"turns":6},{"damage":22,"enemies":"Shell Parasite","floor":18,"turns":4},{"damage":7,"enemies":"Spheric Guardian","floor":20,"turns":5},{"damage":10,"enemies":"3 Cultists","floor":21,"turns":6},{"damage":27,"enemies":"Gremlin Leader","floor":24,"turns":5},{"damage":3,"enemies":"Centurion and Healer","floor":30,"turns":6},{"damage":18,"enemies":"Cultist and Chosen","floor":31,"turns":6},{"damage":13,"enemies":"Collector","floor":33,"turns":6},{"damage":3,"enemies":"Orb Walker","floor":35,"turns":4},{"damage":0,"enemies":"Mind Bloom Boss Battle","floor":36,"turns":6},{"damage":0,"enemies":"3 Shapes","floor":37,"turns":4},{"damage":49,"enemies":"2 Orb Walkers","floor":39,"turns":7},{"damage":0,"enemies":"Jaw Worm Horde","floor":41,"turns":6},{"damage":34,"enemies":"Spire Growth","floor":44,"turns":4},{"damage":5,"enemies":"Writhing Mass","floor":46,"turns":4},{"damage":51,"enemies":"4 Shapes","floor":47,"turns":3}],"seed_played":"-5187750156110308931","potions_obtained":[{"floor":5,"key":"Poison Potion"},{"floor":10,"key":"PowerPotion"},{"floor":16,"key":"ColorlessPotion"},{"floor":20,"key":"Swift Potion"},{"floor":21,"key":"Poison Potion"},{"floor":24,"key":"CunningPotion"},{"floor":34,"key":"LiquidMemories"},{"floor":44,"key":"DuplicationPotion"}],"is_trial":false,"path_per_floor":["M","$","?","M","M","R","E","R","T","E","M","?","$","M","R","B",null,"M","?","M","M","?","R","E","T","T","R","$","R","M","M","R","B",null,"M","?","M","T","?","R","M","R","T","M","?","M","M"],"character_chosen":"THE_SILENT","items_purchased":["Lee\u0027s Waffle","SkillPotion","DollysMirror","Fire Potion"],"campfire_rested":1,"item_purchase_floors":[13,13,28,28],"current_hp_per_floor":[69,69,69,64,53,53,46,46,46,45,45,45,77,64,64,48,77,55,38,31,21,21,32,22,22,22,34,34,38,35,29,38,25,43,40,43,43,43,28,43,43,43,43,21,21,28,0,0],"gold":614,"neow_bonus":"TRANSFORM_CARD","is_daily":false,"chose_seed":false,"campfire_upgraded":8,"win_rate":0.0,"timestamp":1610634529,"path_taken":["M","$","?","M","?","R","E","R","T","E","M","?","$","M","R","BOSS","M","?","M","M","?","R","E","?","T","R","?","R","?","M","R","BOSS","M","?","M","?","?","R","M","R","T","M","?","M","?"],"items_purchased_type":["Relic","Potion","Relic","Potion"],"build_version":"2020-12-22","purchased_purges":1,"victory":false,"max_hp_per_floor":[70,70,70,70,70,70,70,70,70,70,70,70,77,77,77,77,77,77,38,38,38,38,38,38,38,38,38,38,38,38,38,38,38,43,43,43,43,43,43,43,43,43,43,43,43,43,43,43],"card_choices":[{"not_picked":["Prepared","Dagger Throw"],"picked":"Backflip","floor":1},{"not_picked":["Dagger Throw","Expertise"],"picked":"Infinite Blades","floor":4},{"not_picked":["Crippling Poison","Predator"],"picked":"Poisoned Stab","floor":5},{"not_picked":["Sucker Punch","Dash"],"picked":"Catalyst","floor":7},{"not_picked":["Acrobatics","Tactician"],"picked":"Bane","floor":10},{"not_picked":["Tactician","Cloak And Dagger"],"picked":"Poisoned Stab","floor":11},{"not_picked":["Slice","Outmaneuver","Backstab"],"picked":"SKIP","floor":14},{"not_picked":["After Image","Malaise"],"picked":"Die Die Die","floor":16},{"not_picked":["Blade Dance","Riddle With Holes","Sucker Punch+1"],"picked":"SKIP","floor":18},{"not_picked":["Slice","Cloak And Dagger"],"picked":"Deflect","floor":20},{"not_picked":["Blade Dance","Cloak And Dagger+1"],"picked":"Dagger Throw+1","floor":21},{"not_picked":["Finisher","Eviscerate"],"picked":"Prepared+1","floor":24},{"not_picked":["Prepared","PiercingWail+1"],"picked":"Adrenaline","floor":30},{"not_picked":["Caltrops","Dagger Spray"],"picked":"Noxious Fumes","floor":31},{"not_picked":["Outmaneuver","Slice+1"],"picked":"Acrobatics","floor":34},{"not_picked":["Prepared","Slice+1"],"picked":"Dodge and Roll+1","floor":35},{"not_picked":["PiercingWail","Outmaneuver+1","Flechettes+1"],"picked":"SKIP","floor":37},{"not_picked":["Masterful Stab","Backstab"],"picked":"Well Laid Plans+1","floor":39},{"not_picked":["Expertise","Acrobatics","Poisoned Stab+1"],"picked":"SKIP","floor":41},{"not_picked":["Masterful Stab+1","Leg Sweep+1","Poisoned Stab"],"picked":"SKIP","floor":44},{"not_picked":["Dagger Throw+1","Masterful Stab","Leg Sweep"],"picked":"SKIP","floor":46}],"player_experience":64905,"relics_obtained":[{"floor":7,"key":"Smiling Mask"},{"floor":9,"key":"Meat on the Bone"},{"floor":10,"key":"Toy Ornithopter"},{"floor":24,"key":"Anchor"},{"floor":25,"key":"Eternal Feather"},{"floor":26,"key":"Tiny Chest"},{"floor":36,"key":"Lizard Tail"},{"floor":38,"key":"Lantern"},{"floor":39,"key":"Ginger"},{"floor":43,"key":"MawBank"}],"event_choices":[{"damage_healed":0,"gold_gain":0,"player_choice":"Upgraded","damage_taken":0,"max_hp_gain":0,"max_hp_loss":0,"event_name":"Upgrade Shrine","floor":3,"gold_loss":0,"cards_upgraded":["Deadly Poison"]},{"damage_healed":0,"gold_gain":0,"player_choice":"Grow","damage_taken":0,"max_hp_gain":0,"max_hp_loss":0,"event_name":"Living Wall","floor":12,"gold_loss":0,"cards_upgraded":["Poisoned Stab"]},{"damage_healed":0,"gold_gain":0,"player_choice":"Became a Ghost","damage_taken":0,"max_hp_gain":0,"max_hp_loss":39,"event_name":"Ghosts","floor":19,"gold_loss":0,"cards_obtained":["Ghostly","Ghostly","Ghostly","Ghostly","Ghostly"]},{"damage_healed":0,"gold_gain":0,"player_choice":"Simplicity","damage_taken":0,"max_hp_gain":0,"max_hp_loss":0,"event_name":"Back to Basics","floor":22,"gold_loss":0,"cards_upgraded":["Strike_G","Strike_G","Defend_G","Defend_G","Defend_G","Defend_G","Defend_G"]},{"damage_healed":0,"gold_gain":0,"player_choice":"Fight","damage_taken":0,"max_hp_gain":0,"max_hp_loss":0,"event_name":"MindBloom","floor":36,"gold_loss":0},{"damage_healed":0,"gold_gain":0,"player_choice":"Fight","damage_taken":0,"max_hp_gain":0,"max_hp_loss":0,"event_name":"Mysterious Sphere","floor":39,"gold_loss":0},{"damage_healed":0,"gold_gain":100,"player_choice":"Pray","damage_taken":0,"max_hp_gain":0,"max_hp_loss":0,"event_name":"Golden Shrine","floor":45,"gold_loss":0}],"is_beta":false,"boss_relics":[{"not_picked":["Snecko Eye","WristBlade"],"picked":"Empty Cage"},{"not_picked":["Philosopher\u0027s Stone","SacredBark"],"picked":"Tiny House"}],"items_purged_floors":[2],"is_endless":false,"potions_floor_spawned":[5,10,16,20,21,24,44,46],"killed_by":"4 Shapes","ascension_level":1}}