{"host":"btt6ntw6a1bnaigc","time":1610652449,"event":{"mods":["AchievementEnabler","BaseMod","Downfall","Minty Spire (QoL Compilation)","StSLib"],"gold_per_floor":[99,118,268,286,286,211,287,298,298,313,340,356,281,291,303,405,405,405,418,53,53,53,53,53,53,53,53],"floor_reached":25,"language":"ENG","playtime":2174,"items_purged":["Slimebound:Icky"],"score":201,"play_id":"834dbadc-fe48-4d1a-894b-682cefcd8dbd","local_time":"20210114192729","is_ascension_mode":false,"campfire_choices":[{"floor":1,"key":"RECALL"},{"data":"hexamod:HexaLevel","floor":6,"key":"SMITH"},{"data":"hexamod:Float","floor":9,"key":"SMITH"},{"data":"hexamod:GiftsFromTheDead","floor":13,"key":"SMITH"},{"data":"hexamod:GhostOfSpirePresent","floor":18,"key":"SMITH"},{"data":"Bandage Up","floor":23,"key":"SMITH"}],"circlet_count":0,"master_deck":["hexamod:Strike","hexamod:Strike","hexamod:Strike","hexamod:Strike","hexamod:Defend","hexamod:Defend","hexamod:Defend","hexamod:Defend","hexamod:Sear","hexamod:Float+1","hexamod:HexaLevel+1","hexamod:BacktrackSmack","hexamod:RadiantFlame","hexamod:FastForward","hexamod:SoulSteal","hexamod:GiftsFromTheDead+1","hexamod:GhostOfSpirePresent+1","hexamod:ChargedBarrage","hexamod:ThermalTransfer","hexamod:TimeWarp","hexamod:SpectersWail","hexamod:BurningTouch+1","Bandage Up+1","hexamod:RainOfEmbers","hexamod:Incineration","Writhe"],"relics":["hexamod:SpiritBrand","downfall:HeartBlessingRed","The Courier","Potion Belt","downfall:HeartBlessingGreen","Sozu","Art of War","hexamod:MatchstickCase"],"acts_visited":["Exordium","TheCity"],"potions_floor_usage":[4,11,14,25],"damage_taken":[{"damage":0,"enemies":"Small Slimes","floor":2,"turns":3},{"damage":0,"enemies":"2 Louse","floor":4,"turns":3},{"damage":0,"enemies":"Jaw Worm","floor":8,"turns":3},{"damage":0,"enemies":"Exordium Wildlife","floor":10,"turns":4},{"damage":9,"enemies":"Gremlin Nob","floor":11,"turns":4},{"damage":8,"enemies":"Blue Slaver","floor":12,"turns":3},{"damage":0,"enemies":"2 Fungi Beasts","floor":14,"turns":3},{"damage":2,"enemies":"3 Louse","floor":15,"turns":3},{"damage":24,"enemies":"downfall:Silent","floor":16,"turns":8},{"damage":34,"enemies":"3 Byrds","floor":19,"turns":3},{"damage":4,"enemies":"downfall:FleeingMerchant","floor":20,"turns":4},{"damage":61,"enemies":"Colosseum Nobs","floor":25,"turns":4}],"seed_played":"400531843650850180","potions_obtained":[{"floor":4,"key":"Fruit Juice"},{"floor":10,"key":"Weak Potion"},{"floor":11,"key":"EssenceOfSteel"},{"floor":12,"key":"Block Potion"},{"floor":14,"key":"SpeedPotion"}],"is_trial":false,"path_per_floor":["R","M","?","M","?","R","T","M","R","M","E","M","R","M","M","B",null,"R","M","$","?","?","R","T","?"],"character_chosen":"THE_SPIRIT","items_purchased":["Bandage Up","hexamod:RainOfEmbers","Art of War","hexamod:Incineration"],"campfire_rested":0,"item_purchase_floors":[20,20,20,20],"current_hp_per_floor":[70,70,70,75,80,80,80,80,80,80,71,63,63,63,61,37,80,80,46,42,42,42,42,42,0,0,0],"gold":53,"neow_bonus":"ONE_RANDOM_RARE_CARD","is_daily":false,"chose_seed":false,"campfire_upgraded":5,"win_rate":0.0,"timestamp":1610652449,"path_taken":["R","M","?","M","?","R","T","M","R","M","E","M","R","M","M","BOSS","R","M","$","?","?","R","T","?"],"items_purchased_type":["Card","Card","Relic","Card"],"build_version":"2020-12-22","purchased_purges":1,"victory":false,"max_hp_per_floor":[70,70,70,75,80,80,80,80,80,80,80,80,80,80,80,80,80,80,80,80,80,80,80,80,80,80,80],"card_choices":[{"not_picked":["hexamod:ThermalTransfer","hexamod:HauntingEcho"],"picked":"hexamod:BacktrackSmack","floor":2},{"not_picked":["hexamod:ShieldOfDarkness","hexamod:GhostLash"],"picked":"hexamod:RadiantFlame","floor":4},{"not_picked":["hexamod:BacktrackSmack","hexamod:NightmareGuise"],"picked":"hexamod:FastForward","floor":8},{"not_picked":["hexamod:HeatMetal","hexamod:GhostLash"],"picked":"hexamod:SoulSteal","floor":10},{"not_picked":["hexamod:NecessarySacrifice","hexamod:ChargedBarrage"],"picked":"hexamod:GiftsFromTheDead","floor":11},{"not_picked":["hexamod:InspiringFlames","hexamod:NightmareGuise"],"picked":"hexamod:GhostOfSpirePresent","floor":12},{"not_picked":["hexamod:Firestarter","hexamod:GhostShield"],"picked":"hexamod:ChargedBarrage","floor":14},{"not_picked":["hexamod:GhostLash","hexamod:InspiringFlames"],"picked":"hexamod:ThermalTransfer","floor":15},{"not_picked":["hexamod:GiftsFromTheDead","hexamod:GhostflameInferno"],"picked":"hexamod:TimeWarp","floor":16},{"not_picked":["hexamod:GhostShield","hexamod:SpectralAdrenaline"],"picked":"hexamod:SpectersWail","floor":19},{"not_picked":["hexamod:SecondSeal","hexamod:Again"],"picked":"hexamod:BurningTouch+1","floor":20}],"player_experience":219322,"relics_obtained":[{"floor":7,"key":"The Courier"},{"floor":11,"key":"Potion Belt"}],"event_choices":[{"damage_healed":0,"gold_gain":0,"player_choice":"Donut","damage_taken":0,"max_hp_gain":5,"max_hp_loss":0,"event_name":"Big Fish","floor":5,"gold_loss":0}],"is_beta":false,"boss_relics":[{"not_picked":["Pandora\u0027s Box","SacredBark"],"picked":"Sozu"}],"items_purged_floors":[20],"is_endless":false,"potions_floor_spawned":[4,10,11,12,14,19],"killed_by":"Colosseum Nobs","ascension_level":0}}