{"host":"ecaj4hn004xnnrw9","time":1610631722,"event":{"mods":["AchievementEnabler","BaseMod","Better Third Choice","Hermit","Hubris","Infinite Spire","Jorbs\u0027s Wanderer Trilogy","Minty Spire (QoL Compilation)","Quick Restart","Shop Mod","StSLib","The Construct","The Jungle","The Runesmith"],"gold_per_floor":[118,131,131,150,161,161,48,63,63,90,90,123,23,23,23,123,123],"floor_reached":16,"language":"ENG","playtime":352,"items_purged":["Strike_P","Strike_P"],"score":194,"play_id":"d693fd09-5948-49e0-b58f-4bc4512a78e8","local_time":"20210114134202","is_ascension_mode":true,"campfire_choices":[{"data":"Eruption","floor":6,"key":"SMITH"},{"data":"Strike_P","floor":11,"key":"PURGE"},{"data":"Strike_P","floor":15,"key":"SMITH"}],"circlet_count":0,"master_deck":["Strike_P+1","Defend_P","Defend_P","Defend_P","Defend_P","Eruption+1","Vigilance","Consecrate","FlurryOfBlows","Halt","SashWhip","FearNoEvil","CrushJoints","EmptyBody","Consecrate"],"relics":["construct:WeddingRing","InkBottle","Bottled Flame","Peace Pipe","hubris:TenFootPole","hubris:ToyBattleship"],"acts_visited":["Exordium"],"potions_floor_usage":[],"damage_taken":[{"damage":0,"enemies":"Small Slimes","floor":1,"turns":3},{"damage":0,"enemies":"Cultist","floor":2,"turns":2},{"damage":1,"enemies":"Jaw Worm","floor":4,"turns":2},{"damage":13,"enemies":"Lots of Slimes","floor":5,"turns":3},{"damage":0,"enemies":"3 Louse","floor":8,"turns":1},{"damage":8,"enemies":"Lagavulin","floor":10,"turns":5},{"damage":0,"enemies":"Gremlin Nob","floor":12,"turns":2},{"damage":15,"enemies":"The Guardian","floor":16,"turns":8}],"seed_played":"-7903287655240265347","potions_obtained":[{"floor":2,"key":"ColorlessPotion"},{"floor":10,"key":"GamblersBrew"}],"is_trial":false,"path_per_floor":["M","M","?","M","M","R","$","M","T","E","R","E","$","?","R","B"],"character_chosen":"WATCHER","items_purchased":["FearNoEvil"],"campfire_rested":0,"item_purchase_floors":[7],"current_hp_per_floor":[72,72,72,71,58,58,58,58,58,50,50,50,50,50,50,35,35],"gold":123,"neow_bonus":"BOSS_RELIC","is_daily":false,"chose_seed":false,"campfire_upgraded":2,"win_rate":0.0,"timestamp":1610631722,"path_taken":["M","M","?","M","M","R","$","?","T","E","R","E","$","?","R","BOSS"],"items_purchased_type":["Card"],"build_version":"2020-12-22","purchased_purges":2,"victory":false,"max_hp_per_floor":[72,72,72,72,72,72,72,72,72,72,72,72,72,72,72,72,72],"card_choices":[{"not_picked":["PathToVictory","JustLucky"],"picked":"Consecrate","floor":1},{"not_picked":["Study","Halt"],"picked":"FlurryOfBlows","floor":2},{"not_picked":["JustLucky","ClearTheMind"],"picked":"Halt","floor":4},{"not_picked":["ClearTheMind","InnerPeace"],"picked":"SashWhip","floor":5},{"not_picked":["SignatureMove","Pray"],"picked":"CrushJoints","floor":8},{"not_picked":["BowlingBash","CarveReality"],"picked":"EmptyBody","floor":10},{"not_picked":["SpiritShield","Halt"],"picked":"Consecrate","floor":12}],"player_experience":339921,"relics_obtained":[{"floor":9,"key":"Bottled Flame"},{"floor":10,"key":"Peace Pipe"},{"floor":12,"key":"hubris:TenFootPole"},{"floor":14,"key":"hubris:ToyBattleship"}],"event_choices":[{"damage_healed":0,"gold_gain":0,"player_choice":"Gave Potion","damage_taken":0,"relics_obtained":["InkBottle"],"max_hp_gain":0,"max_hp_loss":0,"event_name":"WeMeetAgain","floor":3,"gold_loss":0},{"damage_healed":0,"gold_gain":0,"player_choice":"Relic","damage_taken":0,"max_hp_gain":0,"max_hp_loss":0,"event_name":"Wheel of Change","floor":14,"gold_loss":0}],"is_beta":false,"boss_relics":[],"items_purged_floors":[7,13],"is_endless":false,"potions_floor_spawned":[2,10],"killed_by":"The Guardian","ascension_level":1}}