{"host":"2zw05eexjythz74b","time":1610590630,"event":{"mods":["AchievementEnabler","BaseMod","Better Altar","Colored Map","Minty Spire (QoL Compilation)","StSLib","everything is the same but u backflip on backflip"],"gold_per_floor":[117,137,137,151,151,151,179,179,203,233,233,246,258,269,269,365,365,378,388,388,137,137,137],"floor_reached":22,"language":"ENG","playtime":1982,"items_purged":[],"score":216,"play_id":"b125a9b1-f699-4e76-a954-4d3b0accc557","local_time":"20210113201710","is_ascension_mode":true,"campfire_choices":[{"data":"Rainbow","floor":6,"key":"SMITH"},{"data":"Dualcast","floor":8,"key":"SMITH"},{"floor":11,"key":"REST"},{"floor":15,"key":"REST"}],"circlet_count":0,"master_deck":["Strike_B","Strike_B","Strike_B","Strike_B","Defend_B","Defend_B","Defend_B","Defend_B","Zap+1","Dualcast+1","Rainbow+1","Hologram","Defragment","Tempest","Amplify","Static Discharge","Necronomicurse","Storm","Master of Strategy"],"relics":["FrozenCore","NeowsBlessing","Bag of Preparation","Nunchaku","Vajra","Necronomicon"],"acts_visited":["TheCity"],"potions_floor_usage":[7,7,12,12,16,19],"damage_taken":[{"damage":0.0,"enemies":"2 Louse","floor":1.0,"turns":1.0},{"damage":0.0,"enemies":"Cultist","floor":2.0,"turns":1.0},{"damage":0.0,"enemies":"Small Slimes","floor":4.0,"turns":1.0},{"damage":32,"enemies":"Lagavulin","floor":7,"turns":4},{"damage":22,"enemies":"Gremlin Nob","floor":10,"turns":4},{"damage":12,"enemies":"Exordium Thugs","floor":12,"turns":3},{"damage":4,"enemies":"Looter","floor":13,"turns":2},{"damage":10,"enemies":"Blue Slaver","floor":14,"turns":3},{"damage":14,"enemies":"Hexaghost","floor":16,"turns":9},{"damage":5,"enemies":"Chosen","floor":18,"turns":4},{"damage":36,"enemies":"3 Byrds","floor":19,"turns":5},{"damage":35,"enemies":"Sentry and Sphere","floor":22,"turns":3}],"seed_played":"-4760461885663783931","potions_obtained":[{"floor":5,"key":"Ancient Potion"},{"floor":5,"key":"EssenceOfDarkness"},{"floor":5,"key":"PotionOfCapacity"},{"floor":7,"key":"EssenceOfDarkness"},{"floor":10,"key":"Swift Potion"},{"floor":12,"key":"PotionOfCapacity"},{"floor":16,"key":"EssenceOfDarkness"},{"floor":18,"key":"Regen Potion"}],"is_trial":false,"path_per_floor":["M","M","?","M","?","R","E","R","T","E","R","M","M","M","R","B",null,"M","M","?","$","M"],"character_chosen":"DEFECT","items_purchased":["Storm","Master of Strategy"],"campfire_rested":2,"item_purchase_floors":[21,21],"current_hp_per_floor":[75,75,75,75,75,75,43,43,43,21,43,31,27,17,39,25,75,70,48,32,32,0,0],"gold":137,"neow_bonus":"THREE_ENEMY_KILL","is_daily":false,"chose_seed":false,"campfire_upgraded":2,"win_rate":0.0,"timestamp":1610590630,"path_taken":["M","M","?","?","?","R","E","R","T","E","R","M","M","M","R","BOSS","M","M","?","$","M"],"items_purchased_type":["Card","Card"],"build_version":"2020-12-22","purchased_purges":0,"victory":false,"max_hp_per_floor":[75,75,75,75,75,75,75,75,75,75,75,75,75,75,75,75,75,75,75,75,75,75,75],"card_choices":[{"not_picked":["Leap","Cold Snap","Hello World"],"picked":"SKIP","floor":1.0},{"not_picked":["Go for the Eyes","Glacier"],"picked":"Rainbow","floor":2.0},{"not_picked":["Coolheaded","Barrage","Go for the Eyes"],"picked":"SKIP","floor":4},{"not_picked":["Sweeping Beam","Leap","Undo"],"picked":"SKIP","floor":7},{"not_picked":["Skim","Machine Learning"],"picked":"Hologram","floor":10},{"not_picked":["Sunder","Beam Cell","BootSequence"],"picked":"SKIP","floor":12},{"not_picked":["Consume","Steam"],"picked":"Defragment","floor":13},{"not_picked":["Turbo","Ball Lightning"],"picked":"Tempest","floor":14},{"not_picked":["Buffer","Thunder Strike"],"picked":"Amplify","floor":16},{"not_picked":["Coolheaded+1","Cold Snap","Recycle+1"],"picked":"SKIP","floor":18},{"not_picked":["Streamline","Conserve Battery"],"picked":"Static Discharge","floor":19}],"player_experience":218644,"relics_obtained":[{"floor":7,"key":"Bag of Preparation"},{"floor":9,"key":"Nunchaku"},{"floor":10,"key":"Vajra"},{"floor":20,"key":"Necronomicon"}],"event_choices":[{"damage_healed":0.0,"max_hp_gain":0.0,"max_hp_loss":0.0,"gold_gain":0.0,"event_name":"Accursed Blacksmith","player_choice":"Forge","floor":3.0,"gold_loss":0.0,"damage_taken":0.0,"cards_upgraded":["Zap"]},{"damage_healed":0,"gold_gain":0,"player_choice":"Got Potions","damage_taken":0,"max_hp_gain":0,"max_hp_loss":0,"event_name":"Lab","floor":5,"gold_loss":0},{"damage_healed":0,"gold_gain":0,"player_choice":"Obtained Book","damage_taken":16,"max_hp_gain":0,"max_hp_loss":0,"event_name":"Cursed Tome","floor":20,"gold_loss":0}],"is_beta":false,"boss_relics":[{"not_picked":["Busted Crown","Cursed Key"],"picked":"FrozenCore"}],"items_purged_floors":[],"is_endless":false,"potions_floor_spawned":[7,10,12,16,18],"killed_by":"Sentry and Sphere","ascension_level":2}}