{"host":"kq2g769nefmuyn7c","time":1610635629,"event":{"mods":["ATMod(°¢èªMod)","Act Like it!","BaseMod","Gensokyo","Koishi","Minty Spire (QoL Compilation)","Replay The Spire","StSLib","The Marked"],"gold_per_floor":[119,129,140,65,82,115,115,115,115],"floor_reached":8,"language":"ZHS","playtime":262,"items_purged":["Koishi:BasicStrike"],"score":73,"play_id":"9b4972ff-820e-4c6f-858b-f0bdcfc631da","local_time":"20210114224709","is_ascension_mode":true,"campfire_choices":[{"data":"Koishi:IdleWhim","floor":7,"key":"SMITH"}],"circlet_count":0,"master_deck":["Koishi:BasicStrike","Koishi:BasicStrike","Koishi:BasicStrike","Koishi:BasicDefend","Koishi:BasicDefend","Koishi:BasicDefend","Koishi:BasicDefend","Koishi:Provoke","Koishi:HauntingSlash","Koishi:Untouchable","Koishi:SubconsciousSweep","Koishi:IdleWhim+1"],"relics":["Koishi:ImaginaryFriend","AT_ATBox","NeowsBlessing","Dream Catcher"],"acts_visited":["Exordium"],"potions_floor_usage":[5,6,8],"damage_taken":[{"damage":0,"enemies":"Cultist","floor":1,"turns":1},{"damage":0,"enemies":"2 Louse","floor":2,"turns":1},{"damage":0,"enemies":"Jaw Worm","floor":3,"turns":1},{"damage":2,"enemies":"Exordium Wildlife","floor":5,"turns":2},{"damage":28,"enemies":"3 Sentries","floor":6,"turns":7},{"damage":24,"enemies":"Lagavulin","floor":8,"turns":6}],"seed_played":"4563087164402908902","potions_obtained":[{"floor":1,"key":"Explosive Potion"},{"floor":3,"key":"LiquidBronze"},{"floor":5,"key":"Weak Potion"}],"is_trial":false,"path_per_floor":["M","M","M","$","M","E","R","E"],"character_chosen":"KOISHI","items_purchased":[],"campfire_rested":0,"item_purchase_floors":[],"current_hp_per_floor":[60,60,60,60,59,31,31,7,7],"gold":115,"neow_bonus":"THREE_ENEMY_KILL","is_daily":false,"chose_seed":false,"campfire_upgraded":1,"win_rate":0.0,"timestamp":1610635629,"path_taken":["M","?","M","$","M","E","R","E"],"items_purchased_type":[],"build_version":"2020-12-22","purchased_purges":1,"victory":false,"max_hp_per_floor":[60,60,60,60,60,60,60,60,60],"card_choices":[{"not_picked":["Koishi:PhilosophyOfTheDespised","Koishi:JumpScare","Koishi:UnansweredLove"],"picked":"SKIP","floor":1},{"not_picked":["Koishi:SpiritedAway","Koishi:StingingMind"],"picked":"Koishi:Untouchable","floor":2},{"not_picked":["Koishi:ParalyzingFear","Koishi:StingingMind","Koishi:Catatonia"],"picked":"SKIP","floor":3},{"not_picked":["Koishi:JumpScare","Koishi:ParalyzingFear"],"picked":"Koishi:SubconsciousSweep","floor":5},{"not_picked":["Koishi:FreudianInstinct","Koishi:Jaunt"],"picked":"Koishi:IdleWhim","floor":6}],"player_experience":101607,"relics_obtained":[{"floor":6,"key":"Dream Catcher"}],"event_choices":[],"is_beta":false,"boss_relics":[],"items_purged_floors":[4],"is_endless":false,"potions_floor_spawned":[1,3,5],"killed_by":"Lagavulin","ascension_level":5}}