{"host":"Connor","time":1610586438,"event":{"mods":["Aspiration","BaseMod","Downfall","Hubris","Marisa????????","Minty Spire (QoL Compilation)","Replay The Spire","StSLib","The Cursed","The Jungle","The Servant 0.9.4"],"gold_per_floor":[119,119,131,131,16,45,61,80,159,169,169,203,221,201,201,280,280,295,93,113,128,141,141,141,141],"floor_reached":24,"language":"ENG","playtime":613,"items_purged":["Strike_R"],"score":458,"play_id":"fae3cd4b-abae-4001-9943-a037a03c9e40","local_time":"20210113170718","is_ascension_mode":true,"campfire_choices":[{"data":"Rampage","floor":11,"key":"SMITH"},{"data":"Inflame","floor":15,"key":"SMITH"},{"data":"Rage","floor":23,"key":"SMITH"}],"circlet_count":0,"master_deck":["AscendersBane","Strike_R","Strike_R","Strike_R","Strike_R","Defend_R","Defend_R","Defend_R","Defend_R","Bash","Rage+1","Inflame+1","Rampage+1","Thunderclap","Carnage","Demon Form","ReplayTheSpireMod:Limb From Limb","Metallicize","True Grit+1","Armaments+1","Iron Wave"],"relics":["Burning Blood","NeowsBlessing","Red Skull","Snack Pack","Juzu Bracelet","Sozu","Lee\u0027s Waffle"],"acts_visited":["Exordium","TheCity"],"potions_floor_usage":[8,12,12,16,16,24],"damage_taken":[{"damage":0,"enemies":"2 Louse","floor":1,"turns":1},{"damage":0,"enemies":"Cultist","floor":3,"turns":1},{"damage":0,"enemies":"Lagavulin","floor":6,"turns":1},{"damage":4,"enemies":"Jaw Worm","floor":7,"turns":3},{"damage":5,"enemies":"Red Slaver","floor":8,"turns":3},{"damage":20,"enemies":"Lots of Slimes","floor":10,"turns":5},{"damage":6,"enemies":"Gremlin Nob","floor":12,"turns":3},{"damage":12,"enemies":"3 Louse","floor":13,"turns":3},{"damage":48,"enemies":"Hexaghost","floor":16,"turns":7},{"damage":51,"enemies":"3 Byrds","floor":18,"turns":6},{"damage":14,"enemies":"Chosen","floor":20,"turns":4},{"damage":33,"enemies":"Snake Plant","floor":21,"turns":4},{"damage":13,"enemies":"Centurion and Healer","floor":22,"turns":5},{"damage":56,"enemies":"Slavers","floor":24,"turns":3}],"seed_played":"-658096928323605782","potions_obtained":[{"floor":2,"key":"EssenceOfSteel"},{"floor":2,"key":"champ:CounterPotion"},{"floor":3,"key":"DuplicationPotion"},{"floor":8,"key":"PowerPotion"},{"floor":10,"key":"Energy Potion"},{"floor":13,"key":"Strength Potion"},{"floor":14,"key":"Elixir"},{"floor":16,"key":"champ:CounterPotion"}],"is_trial":false,"path_per_floor":["M","?","M","?","$","E","M","M","T","M","R","E","M","?","R","B",null,"M","$","M","M","M","R","E"],"character_chosen":"IRONCLAD","items_purchased":["Inflame","Lee\u0027s Waffle","Metallicize"],"campfire_rested":0,"item_purchase_floors":[5,19,19],"current_hp_per_floor":[74,74,75,75,75,75,75,75,75,63,63,65,61,61,61,19,61,20,82,74,49,46,46,0,0],"gold":141,"neow_bonus":"THREE_ENEMY_KILL","is_daily":false,"chose_seed":false,"campfire_upgraded":3,"win_rate":0.0,"timestamp":1610586438,"path_taken":["M","?","?","?","?","E","M","M","T","M","R","E","M","?","R","BOSS","M","$","M","M","M","R","E"],"items_purchased_type":["Card","Relic","Card"],"build_version":"2020-12-18","purchased_purges":1,"victory":false,"max_hp_per_floor":[75,75,75,75,75,75,75,75,75,75,75,75,75,75,75,75,75,75,82,82,82,82,82,82,82],"card_choices":[{"not_picked":["Heavy Blade","Entrench","hubris:ReadiedAction"],"picked":"SKIP","floor":1},{"not_picked":["Evolve","Headbutt"],"picked":"Rage","floor":3},{"not_picked":["Anger","ReplayTheSpireMod:LeadingStrike"],"picked":"Rampage","floor":6},{"not_picked":["Anger","Sever Soul","Evolve"],"picked":"SKIP","floor":7},{"not_picked":["Wild Strike","Body Slam","hubris:CleavingFinish"],"picked":"SKIP","floor":8},{"not_picked":["ReplayTheSpireMod:Limb From Limb","Anger","True Grit"],"picked":"SKIP","floor":10},{"not_picked":["Run Through","Headbutt"],"picked":"Thunderclap","floor":12},{"not_picked":["hubris:CleavingFinish","Havoc"],"picked":"Carnage","floor":13},{"not_picked":["Double Tap","Exhume"],"picked":"Demon Form","floor":16},{"not_picked":["Headbutt","Sever Soul"],"picked":"ReplayTheSpireMod:Limb From Limb","floor":18},{"not_picked":["Thunderclap","hubris:ReadiedAction"],"picked":"True Grit+1","floor":20},{"not_picked":["Evolve+1","Dark Embrace"],"picked":"Armaments+1","floor":21},{"not_picked":["Rampage","Havoc"],"picked":"Iron Wave","floor":22}],"player_experience":627475,"relics_obtained":[{"floor":6,"key":"Snack Pack"},{"floor":12,"key":"Juzu Bracelet"}],"event_choices":[{"damage_healed":0,"gold_gain":0,"player_choice":"Got Potions","damage_taken":0,"max_hp_gain":0,"max_hp_loss":0,"event_name":"Lab","floor":2,"gold_loss":0},{"damage_healed":0,"gold_gain":0,"player_choice":"Gave Potion","damage_taken":0,"relics_obtained":["Red Skull"],"max_hp_gain":0,"max_hp_loss":0,"event_name":"WeMeetAgain","floor":4,"gold_loss":0},{"damage_healed":0,"gold_gain":0,"player_choice":"Bought 1 Potion","damage_taken":0,"max_hp_gain":0,"max_hp_loss":0,"event_name":"The Woman in Blue","floor":14,"gold_loss":0}],"is_beta":true,"boss_relics":[{"not_picked":["hubris:GrandSneckoEye","Replay:Bronze Core"],"picked":"Sozu"}],"items_purged_floors":[5],"is_endless":false,"potions_floor_spawned":[3,8,10,13,16,18],"killed_by":"Slavers","ascension_level":19}}