{"host":"o7j6aatxjwpw1421","time":1610624281,"event":{"mods":["2.2 Compatiblity","AchievementEnabler","BaseMod","Colored Map","DeckTracker","Highlight Path","Keyboard Shortcuts","Minty Spire (QoL Compilation)","Permanent Neow","Quick Restart","StSLib","SuperFastMode","everything is the same but u backflip on backflip"],"gold_per_floor":[361,12,12,26,46,75,89,89,89,106,117,143,158,172,172,172,172],"floor_reached":16,"language":"KOR","playtime":534,"items_purged":["Defend_R"],"score":226,"play_id":"6db54ef4-acd3-4144-b8f5-3a5c136d41f0","local_time":"20210114203801","is_ascension_mode":true,"campfire_choices":[{"data":"Perfected Strike","floor":8.0,"key":"SMITH"},{"data":"Shockwave","floor":15,"key":"SMITH"}],"circlet_count":0,"master_deck":["AscendersBane","Strike_R","Strike_R","Strike_R","Strike_R","Strike_R","Defend_R","Defend_R","Defend_R","Bash","Perfected Strike+1","Wild Strike","Shockwave+1","Shrug It Off","Seeing Red","Dark Embrace+1","Sentinel","Feel No Pain+1"],"relics":["Burning Blood","Question Card","Frozen Egg 2","Meat on the Bone","Kunai"],"acts_visited":["Exordium"],"potions_floor_usage":[12],"damage_taken":[{"damage":13.0,"enemies":"Cultist","floor":1.0,"turns":5.0},{"damage":10.0,"enemies":"2 Louse","floor":4.0,"turns":3.0},{"damage":7.0,"enemies":"Jaw Worm","floor":5.0,"turns":2.0},{"damage":32.0,"enemies":"Gremlin Nob","floor":6.0,"turns":4.0},{"damage":17.0,"enemies":"Large Slime","floor":7.0,"turns":7.0},{"damage":3.0,"enemies":"2 Fungi Beasts","floor":10.0,"turns":3.0},{"damage":0.0,"enemies":"Lots of Slimes","floor":11.0,"turns":3.0},{"damage":22,"enemies":"Lagavulin","floor":12,"turns":6},{"damage":8,"enemies":"3 Louse","floor":13,"turns":4},{"damage":14,"enemies":"Blue Slaver","floor":14,"turns":3},{"damage":44,"enemies":"Hexaghost","floor":16,"turns":9}],"seed_played":"-1809947711154180953","potions_obtained":[{"floor":4.0,"key":"ColorlessPotion"},{"floor":6.0,"key":"ElixirPotion"},{"floor":7.0,"key":"FairyPotion"},{"floor":11.0,"key":"GamblersBrew"}],"is_trial":false,"path_per_floor":["M","$","?","M","M","E","M","R","T","M","M","E","M","M","R","B"],"character_chosen":"IRONCLAD","items_purchased":["Question Card"],"campfire_rested":0,"item_purchase_floors":[2],"current_hp_per_floor":[61,61,61,57,56,30,19,19,19,34,52,48,46,50,50,6,6],"gold":172,"neow_bonus":"TWO_FIFTY_GOLD","is_daily":false,"chose_seed":false,"campfire_upgraded":2,"win_rate":0.0,"timestamp":1610624281,"path_taken":["M","$","?","M","M","E","M","R","T","?","M","E","M","M","R","BOSS"],"items_purchased_type":["Relic"],"build_version":"2020-12-22","purchased_purges":1,"victory":false,"max_hp_per_floor":[68,68,68,68,68,68,68,68,68,68,68,68,68,68,68,68,68],"card_choices":[{"not_picked":["Heavy Blade","Pommel Strike"],"picked":"Perfected Strike","floor":1.0},{"not_picked":["Flex","Body Slam","Heavy Blade"],"picked":"Wild Strike","floor":4.0},{"not_picked":["Flex","Heavy Blade","Spot Weakness"],"picked":"Shockwave","floor":5.0},{"not_picked":["Body Slam","Immolate","Flame Barrier"],"picked":"Shrug It Off","floor":6.0},{"not_picked":["Iron Wave","Pommel Strike","Fire Breathing+1"],"picked":"Seeing Red","floor":7.0},{"not_picked":["Havoc","Heavy Blade","Sever Soul"],"picked":"Dark Embrace+1","floor":10.0},{"not_picked":["Carnage","Body Slam","Blood for Blood"],"picked":"Sentinel","floor":11.0},{"not_picked":["Reckless Charge","Hemokinesis","Disarm","Shrug It Off"],"picked":"SKIP","floor":12},{"not_picked":["Fire Breathing+1","Body Slam","Armaments"],"picked":"Feel No Pain+1","floor":13},{"not_picked":["Armaments","Headbutt","Entrench","Carnage"],"picked":"SKIP","floor":14}],"player_experience":505335,"relics_obtained":[{"floor":6.0,"key":"Frozen Egg 2"},{"floor":9.0,"key":"Meat on the Bone"},{"floor":12,"key":"Kunai"}],"event_choices":[{"damage_healed":0.0,"max_hp_gain":0.0,"max_hp_loss":0.0,"gold_gain":0.0,"event_name":"WeMeetAgain","player_choice":"Ignored","floor":3.0,"gold_loss":0.0,"damage_taken":0.0}],"is_beta":false,"boss_relics":[],"items_purged_floors":[2],"is_endless":false,"potions_floor_spawned":[4,6,7,10,11],"killed_by":"Hexaghost","ascension_level":19}}