{"host":"sc0o2qwpf9j16a4i","time":1610660070,"event":{"mods":["AchievementEnabler","BaseMod","BetterRewards","Block Reminder","Colored Map","Colored Powertips","Custom Start","Highlight Path","Minty Spire (QoL Compilation)","Relic Stats"],"gold_per_floor":[164,182,182,9,29,29,61,71,98,98,98],"floor_reached":10,"language":"ENG","playtime":275,"items_purged":[],"score":136,"play_id":"009878e1-a977-4a5a-a2b5-b5ed0c95a034","local_time":"20210114233430","is_ascension_mode":true,"campfire_choices":[{"floor":6,"key":"REST"}],"circlet_count":0,"master_deck":["AscendersBane","Strike_P","Strike_P","Strike_P","Strike_P","Defend_P+1","Defend_P+1","Defend_P","Defend_P+1","Eruption","Vigilance","CrushJoints","EmptyFist","Conclude","Protect","CutThroughFate","BowlingBash"],"relics":["Tiny House","Bag of Marbles","Ancient Tea Set","Regal Pillow"],"acts_visited":["Exordium"],"potions_floor_usage":[7,7,10],"damage_taken":[{"damage":2,"enemies":"Jaw Worm","floor":1,"turns":3},{"damage":4,"enemies":"Small Slimes","floor":2,"turns":4},{"damage":0,"enemies":"2 Louse","floor":5,"turns":2},{"damage":9,"enemies":"3 Sentries","floor":7,"turns":6},{"damage":14,"enemies":"Exordium Wildlife","floor":8,"turns":3},{"damage":52,"enemies":"Lagavulin","floor":10,"turns":11}],"seed_played":"4418687274387520627","potions_obtained":[{"floor":0,"key":"EntropicBrew"},{"floor":2,"key":"BottledMiracle"}],"is_trial":false,"path_per_floor":["M","M","?","$","M","R","E","M","T","E"],"character_chosen":"WATCHER","items_purchased":["Bag of Marbles"],"campfire_rested":1,"item_purchase_floors":[4],"current_hp_per_floor":[64,60,38,38,38,59,50,36,36,0,0],"gold":98,"neow_bonus":"BOSS_RELIC","is_daily":false,"chose_seed":false,"campfire_upgraded":0,"win_rate":0.0,"timestamp":1610660070,"path_taken":["M","M","?","$","M","R","E","M","T","E"],"items_purchased_type":["Relic"],"build_version":"2020-12-22","purchased_purges":0,"victory":false,"max_hp_per_floor":[73,73,73,73,73,73,73,73,73,73,73],"relic_stats":{"Regal Pillow":0,"counters":[6,29],"obtain_stats":[{"Regal Pillow":9,"Tiny House":0,"Bag of Marbles":4,"PureWater":0,"Ancient Tea Set":7},{"Regal Pillow":5,"Tiny House":0,"Bag of Marbles":2,"PureWater":0,"Ancient Tea Set":4},{"Regal Pillow":18,"Tiny House":0,"Bag of Marbles":7,"PureWater":0,"Ancient Tea Set":15}]},"card_choices":[{"not_picked":["Crescendo","EmptyBody"],"picked":"CrushJoints","floor":0},{"not_picked":["Study","ClearTheMind"],"picked":"EmptyFist","floor":1},{"not_picked":["SandsOfTime","Protect"],"picked":"Conclude","floor":2},{"not_picked":["WheelKick","Nirvana"],"picked":"Protect","floor":5},{"not_picked":["ThirdEye","Evaluate"],"picked":"CutThroughFate","floor":7},{"not_picked":["SashWhip","DeceiveReality"],"picked":"BowlingBash","floor":8}],"player_experience":642603,"relics_obtained":[{"floor":7,"key":"Ancient Tea Set"},{"floor":9,"key":"Regal Pillow"}],"event_choices":[{"damage_healed":0,"gold_gain":0,"player_choice":"Entered Light","damage_taken":22,"max_hp_gain":0,"max_hp_loss":0,"event_name":"Shining Light","floor":3,"gold_loss":0,"cards_upgraded":["Defend_P","Defend_P"]}],"is_beta":false,"boss_relics":[],"items_purged_floors":[],"is_endless":false,"potions_floor_spawned":[2,7],"killed_by":"Lagavulin","ascension_level":20}}