{"host":"jf9sa0j18a3cnoxw","time":1610603664,"event":{"mods":["Act Like it!","Bartender","BaseMod","Minty Spire (QoL Compilation)","Relic Stats","Replay The Spire","StSLib","The Bug Knight","The Saiyan"],"gold_per_floor":[117,71,89,164,179,205,221,221,221,250,263,277,296,309,309,404,404,416,432,45,60,60,60,60],"floor_reached":23,"language":"ENG","playtime":2362,"items_purged":[],"score":207,"play_id":"a1d072fb-3322-480d-8ac6-9dee07cfe2b0","local_time":"20210114005424","is_ascension_mode":false,"campfire_choices":[{"data":"Dragonkick","floor":8,"key":"SMITH"},{"floor":15,"key":"REST"}],"circlet_count":0,"master_deck":["Strike_Bartender","Strike_Bartender","Strike_Bartender","Strike_Bartender","Defend_Bartender","Defend_Bartender","Defend_Bartender","Defend_Bartender","Somersault","Power_Up_Punch","Dragonkick+1","Alacrity","Snap_Punch","Stick_and_Move","Fading_Blow","Form_Shift","Feint","OpoOpo_Form","Sucker_Punch","With_A_Twist","Storage","Training_Dummy+1","Ripple+1","Rope_A_Dope","Well_Drinks+1","Hallucinations"],"relics":["Sneakers","NeowsBlessing","Calipers","Incense Burner","Lizard Tail","Runic Pyramid","StoneCalendar","Ring of Peace","Ring of Fury"],"acts_visited":["Exordium","TheCity"],"potions_floor_usage":[6,11,12,16,23,23],"damage_taken":[{"damage":0,"enemies":"2 Louse","floor":1,"turns":1},{"damage":0,"enemies":"Cultist","floor":3,"turns":1},{"damage":0,"enemies":"Jaw Worm","floor":5,"turns":1},{"damage":2,"enemies":"Gremlin Nob","floor":6,"turns":3},{"damage":10,"enemies":"Looter","floor":7,"turns":3},{"damage":23,"enemies":"Lagavulin","floor":10,"turns":6},{"damage":21,"enemies":"Large Slime","floor":11,"turns":5},{"damage":0,"enemies":"2 Fungi Beasts","floor":12,"turns":3},{"damage":27,"enemies":"Gremlin Gang","floor":13,"turns":4},{"damage":4,"enemies":"Blue Slaver","floor":14,"turns":3},{"damage":11,"enemies":"Fading Forest","floor":16,"turns":11},{"damage":14,"enemies":"Spheric Guardian","floor":18,"turns":8},{"damage":8,"enemies":"Chosen","floor":19,"turns":3},{"damage":24,"enemies":"Snake Plant","floor":21,"turns":5},{"damage":26,"enemies":"Slavers","floor":23,"turns":4}],"seed_played":"5210534177963867639","potions_obtained":[{"floor":1,"key":"Dexterity Potion"},{"floor":5,"key":"Block Potion"},{"floor":6,"key":"AttackPotion"},{"floor":11,"key":"Adrenaline Potion"},{"floor":14,"key":"BlessingOfTheForge"},{"floor":16,"key":"Doom Potion"},{"floor":21,"key":"BlessingOfTheForge"}],"is_trial":false,"path_per_floor":["M","$","M","?","M","E","M","R","T","E","M","M","M","M","R","B",null,"M","M","$","M","?","E"],"character_chosen":"BARTENDER","items_purchased":["Dragonkick","StoneCalendar","Rope_A_Dope"],"campfire_rested":1,"item_purchase_floors":[2,20,20],"current_hp_per_floor":[70,70,70,63,63,61,51,51,51,28,7,7,22,18,39,38,70,56,48,48,24,24,0,0],"gold":60,"neow_bonus":"THREE_ENEMY_KILL","is_daily":false,"chose_seed":false,"campfire_upgraded":1,"win_rate":0.0,"timestamp":1610603664,"path_taken":["M","$","M","?","M","E","M","R","T","E","M","M","?","?","R","BOSS","M","M","$","M","?","E"],"items_purchased_type":["Card","Relic","Card"],"build_version":"2020-12-22","purchased_purges":0,"victory":false,"max_hp_per_floor":[70,70,70,70,70,70,70,70,70,70,70,70,70,70,70,70,70,70,70,70,70,70,70,70],"relic_stats":{"Lizard Tail":35,"counters":[15,58],"StoneCalendar":[0],"obtain_stats":[{"Lizard Tail":10,"Sneakers":0,"Calipers":6,"NeowsBlessing":0,"Ring of Peace":22,"StoneCalendar":20,"Ring of Fury":22,"Incense Burner":9,"Runic Pyramid":17},{"Lizard Tail":6,"Sneakers":0,"Calipers":4,"NeowsBlessing":0,"Ring of Peace":14,"StoneCalendar":13,"Ring of Fury":14,"Incense Burner":5,"Runic Pyramid":11},{"Lizard Tail":15,"Sneakers":0,"Calipers":6,"NeowsBlessing":0,"Ring of Peace":54,"StoneCalendar":50,"Ring of Fury":54,"Incense Burner":9,"Runic Pyramid":40}]},"card_choices":[{"not_picked":["Glare","Step_Of_The_Wind"],"picked":"Power_Up_Punch","floor":1},{"not_picked":["Foot_Thrust","Rising_Crane"],"picked":"Alacrity","floor":3},{"not_picked":["Foot_Thrust","Scoop"],"picked":"Snap_Punch","floor":5},{"not_picked":["Ball_Of_Ice","Glare"],"picked":"Stick_and_Move","floor":6},{"not_picked":["Hook","Bitters"],"picked":"Fading_Blow","floor":7},{"not_picked":["Coeurl_Form","Glare"],"picked":"Form_Shift","floor":10},{"not_picked":["Blizzard_Spikes","Snap_Punch"],"picked":"Feint","floor":11},{"not_picked":["Vortex","Free_Pour"],"picked":"OpoOpo_Form","floor":12},{"not_picked":["Ball_Of_Ice","On_The_Rocks"],"picked":"Sucker_Punch","floor":13},{"not_picked":["Axe_Heel_Kick","On_The_Rocks"],"picked":"With_A_Twist","floor":14},{"not_picked":["Liquid_Armor","Cold_Blooded"],"picked":"Storage","floor":16},{"not_picked":["Wall_of_Ice","Stick_and_Move+1"],"picked":"Training_Dummy+1","floor":18},{"not_picked":["Bitters","Stick_and_Move+1"],"picked":"Ripple+1","floor":19},{"not_picked":["Free_Pour","Glare"],"picked":"Well_Drinks+1","floor":21}],"player_experience":116514,"relics_obtained":[{"floor":6,"key":"Calipers"},{"floor":9,"key":"Incense Burner"},{"floor":10,"key":"Lizard Tail"},{"floor":22,"key":"Ring of Peace"},{"floor":22,"key":"Ring of Fury"}],"event_choices":[{"damage_healed":0,"gold_gain":75,"player_choice":"Touch","damage_taken":7,"max_hp_gain":0,"max_hp_loss":0,"event_name":"FaceTrader","floor":4,"gold_loss":0}],"is_beta":false,"boss_relics":[{"not_picked":["ReplayTheSpireMod:DimensionalGlitch","Cursed Key"],"picked":"Runic Pyramid"}],"items_purged_floors":[],"is_endless":false,"potions_floor_spawned":[1,5,6,11,14,16,21],"killed_by":"Slavers","ascension_level":0}}