{"host":"jscggscbx0p7706o","time":1610618331,"event":{"mods":["AchievementEnabler","BaseMod","Block Reminder","Colored Powertips","Minty Spire (QoL Compilation)","Permanent Neow","Quick Restart","StSLib"],"gold_per_floor":[119,135,210,135,150,150,164,179,179,197,197,147,167,167,167,167,167],"floor_reached":16,"language":"ENG","playtime":442,"items_purged":["Defend_R"],"score":94,"play_id":"20fc3bd9-5382-4193-a0f5-b53f7c53ba02","local_time":"20210114175851","is_ascension_mode":false,"campfire_choices":[{"data":"Bash","floor":6.0,"key":"SMITH"},{"data":"Defend_R","floor":11.0,"key":"SMITH"},{"floor":15.0,"key":"REST"}],"circlet_count":0,"master_deck":["Strike_R","Strike_R","Strike_R","Defend_R+1","Defend_R","Defend_R","Bash+1"],"relics":["Burning Blood","Centennial Puzzle","Golden Idol"],"acts_visited":["Exordium"],"potions_floor_usage":[16,16],"damage_taken":[{"damage":6.0,"enemies":"Cultist","floor":1.0,"turns":3.0},{"damage":2.0,"enemies":"2 Louse","floor":2.0,"turns":3.0},{"damage":1.0,"enemies":"Jaw Worm","floor":5.0,"turns":3.0},{"damage":13.0,"enemies":"3 Louse","floor":7.0,"turns":4.0},{"damage":2.0,"enemies":"Large Slime","floor":8.0,"turns":7.0},{"damage":0.0,"enemies":"Gremlin Gang","floor":10.0,"turns":7.0},{"damage":7.0,"enemies":"2 Fungi Beasts","floor":13.0,"turns":4.0},{"damage":78,"enemies":"Hexaghost","floor":16,"turns":14}],"seed_played":"989249617519733243","potions_obtained":[{"floor":1.0,"key":"Energy Potion"},{"floor":5.0,"key":"Weak Potion"},{"floor":7.0,"key":"Regen Potion"},{"floor":10.0,"key":"Strength Potion"}],"is_trial":false,"path_per_floor":["M","M","?","$","M","R","M","M","T","M","R","?","M","?","R","B"],"character_chosen":"IRONCLAD","items_purchased":[],"campfire_rested":1,"item_purchase_floors":[],"current_hp_per_floor":[80,80,69,69,74,74,67,71,71,77,77,77,76,56,80,2,2],"gold":167,"neow_bonus":"REMOVE_CARD","is_daily":false,"chose_seed":false,"campfire_upgraded":2,"win_rate":0.0,"timestamp":1610618331,"path_taken":["M","?","?","$","M","R","M","M","T","M","R","?","M","?","R","BOSS"],"items_purchased_type":[],"build_version":"2020-12-22","purchased_purges":1,"victory":false,"max_hp_per_floor":[80,80,80,80,80,80,80,80,80,80,80,80,80,80,80,80,80],"card_choices":[{"not_picked":["Spot Weakness","Shockwave","True Grit"],"picked":"SKIP","floor":1.0},{"not_picked":["Feel No Pain","Pommel Strike","Thunderclap"],"picked":"SKIP","floor":2.0},{"not_picked":["Warcry","True Grit","Fire Breathing"],"picked":"SKIP","floor":5.0},{"not_picked":["True Grit","Power Through","Shockwave"],"picked":"SKIP","floor":7.0},{"not_picked":["Wild Strike","Juggernaut","Body Slam"],"picked":"SKIP","floor":8.0},{"not_picked":["Iron Wave","Heavy Blade","Pummel"],"picked":"SKIP","floor":10.0},{"not_picked":["Twin Strike","True Grit","Thunderclap"],"picked":"SKIP","floor":13.0}],"player_experience":250323,"relics_obtained":[{"floor":9.0,"key":"Centennial Puzzle"}],"event_choices":[{"damage_healed":0.0,"max_hp_gain":0.0,"max_hp_loss":0.0,"gold_gain":75.0,"event_name":"World of Goop","player_choice":"Gather Gold","floor":3.0,"gold_loss":0.0,"damage_taken":11.0},{"cards_removed":["Strike_R"],"damage_healed":0.0,"max_hp_gain":0.0,"max_hp_loss":0.0,"gold_gain":0.0,"event_name":"The Cleric","player_choice":"Card Removal","floor":12.0,"gold_loss":50.0,"damage_taken":0.0},{"damage_healed":0.0,"max_hp_gain":0.0,"max_hp_loss":0.0,"gold_gain":0.0,"event_name":"Golden Idol","player_choice":"Take Damage","floor":14.0,"gold_loss":0.0,"damage_taken":20.0,"relics_obtained":["Golden Idol"]}],"is_beta":false,"boss_relics":[],"items_purged_floors":[4],"is_endless":false,"potions_floor_spawned":[1,5,7,10],"killed_by":"Hexaghost","ascension_level":0}}