{"host":"9qgbal69wq5palas","time":1610620925,"event":{"mods":["2.2 Compatiblity","Abigail Mod","AchievementEnabler","Act Like it!","Aspiration","Astrologer","Bartender","BaseMod","Better Altar","Better Note","Better Skull","Better Third Choice","Colored Powertips","Hallownest","Hermit","Highlight Path","Hubris","Infinite Spire","Jorbs\u0027s Wanderer Trilogy","Koishi","Lobotomy","Minty Spire (QoL Compilation)","Potionbrewer","Quick Restart","Random Character Button","Replay The Spire","Shade Mod","Shop Mod","Spicy Shops","StSLib","The Animator","The Bug Knight","The Cursed","The Disciple","The Exalted","The Hierophant","The Necromancer","The Servant 0.9.4","Wandering Minibosses"],"gold_per_floor":[119,44,44,57,68,98,113,113,113,148,148,148,174,198,198,198,198],"floor_reached":16,"language":"ENG","playtime":831,"items_purged":["astrologer:Strike"],"score":136,"play_id":"fe7806f6-d0a1-45f6-ac8f-24566968adfd","local_time":"20210114114205","is_ascension_mode":true,"campfire_choices":[{"floor":8,"key":"REST"},{"floor":12,"key":"REST"}],"circlet_count":0,"master_deck":["astrologer:Strike+1","astrologer:Strike+1","astrologer:Defend+1","astrologer:Defend+1","astrologer:Defend","astrologer:Defend","astrologer:NorthStar","astrologer:TheFool","astrologer:NeutronStar","astrologer:Conjunction","astrologer:ShiningStar","astrologer:DarkMatter","astrologer:SolarFlare+1","astrologer:Prismatic","astrologer:FrozenStar","astrologer:GlassStar"],"relics":["Ring of Chaos","Gremlin Food","Bromod:ArcaneTempo","Whetstone","Odd Mushroom"],"acts_visited":["Exordium"],"potions_floor_usage":[6,10,14,14],"damage_taken":[{"damage":6,"enemies":"2 Louse","floor":1,"turns":3},{"damage":1,"enemies":"Small Slimes","floor":4,"turns":3},{"damage":12,"enemies":"Jaw Worm","floor":5,"turns":4},{"damage":3,"enemies":"Gremlin Nob","floor":6,"turns":3},{"damage":13,"enemies":"Exordium Wildlife","floor":7,"turns":4},{"damage":28,"enemies":"Lagavulin","floor":10,"turns":8},{"damage":23,"enemies":"3 Sentries","floor":13,"turns":8},{"damage":5,"enemies":"The Mushroom Lair","floor":14,"turns":5},{"damage":26,"enemies":"The Guardian","floor":16,"turns":9}],"seed_played":"-1376655721081634566","potions_obtained":[{"floor":1,"key":"Fire Potion"},{"floor":5,"key":"Dexterity Potion"},{"floor":13,"key":"Flashbang"},{"floor":14,"key":"Fruit Juice"}],"is_trial":false,"path_per_floor":["M","$","?","M","M","E","M","R","T","E","?","R","E","?","R","B"],"character_chosen":"ASTROLOGER","items_purchased":[],"campfire_rested":2,"item_purchase_floors":[],"current_hp_per_floor":[64,64,64,63,51,48,35,56,56,28,28,49,26,26,26,0,0],"gold":198,"neow_bonus":"BOSS_RELIC","is_daily":false,"chose_seed":false,"campfire_upgraded":0,"win_rate":0.0,"timestamp":1610620925,"path_taken":["M","$","?","M","M","E","M","R","T","E","?","R","E","?","R","BOSS"],"items_purchased_type":[],"build_version":"2020-12-22","purchased_purges":1,"victory":false,"max_hp_per_floor":[70,70,70,70,70,70,70,70,70,70,70,70,70,75,75,75,75],"card_choices":[{"not_picked":["astrologer:TheHierophant","astrologer:ShiningStar"],"picked":"astrologer:NeutronStar","floor":1},{"not_picked":["astrologer:SolarFlare","astrologer:Confirmation"],"picked":"astrologer:Conjunction","floor":4},{"not_picked":["astrologer:Conjunction","astrologer:CrystalBall"],"picked":"astrologer:ShiningStar","floor":5},{"not_picked":["astrologer:SpaceDust","astrologer:Wish"],"picked":"astrologer:DarkMatter","floor":6},{"not_picked":["astrologer:Eclipse","astrologer:Still"],"picked":"astrologer:SolarFlare","floor":7},{"not_picked":["astrologer:TheTower","astrologer:NeutronStar","astrologer:Radiance"],"picked":"SKIP","floor":10},{"not_picked":["astrologer:Eclipse","astrologer:Strength"],"picked":"astrologer:Prismatic","floor":13},{"not_picked":["astrologer:Opposition","astrologer:Radiance"],"picked":"astrologer:FrozenStar","floor":14}],"player_experience":2706904,"relics_obtained":[{"floor":6,"key":"Gremlin Food"},{"floor":10,"key":"Bromod:ArcaneTempo"},{"floor":13,"key":"Whetstone"},{"floor":14,"key":"Odd Mushroom"}],"event_choices":[{"damage_healed":0,"gold_gain":0,"player_choice":"Fought Mushrooms","damage_taken":0,"max_hp_gain":0,"max_hp_loss":0,"event_name":"Mushrooms","floor":14,"gold_loss":0}],"is_beta":false,"boss_relics":[],"items_purged_floors":[2],"is_endless":false,"potions_floor_spawned":[1,5,13,14],"killed_by":"The Guardian","ascension_level":3}}