{"host":"n4fty02wqqi95laq","time":1610621302,"event":{"mods":["BaseMod","Highlight Path","Minty Spire (QoL Compilation)","Quick Restart","Rare Cards Sparkle","StSLib"],"gold_per_floor":[14,14,29,42,61,61,86,86,86,86,106,118,137,147,147,147,147],"floor_reached":16,"language":"ZHS","playtime":1025,"items_purged":[],"score":212,"play_id":"c1f2696e-ce13-4aa8-bd1f-9a302f4a141d","local_time":"20210114184822","is_ascension_mode":true,"campfire_choices":[{"data":"Apotheosis","floor":6.0,"key":"SMITH"},{"floor":8.0,"key":"REST"},{"data":"Feel No Pain","floor":15,"key":"SMITH"}],"circlet_count":0,"master_deck":["AscendersBane","Strike_R","Strike_R","Strike_R","Defend_R","Defend_R","Defend_R","Defend_R","Bash","Apotheosis+1","Evolve","Feel No Pain+1","Dropkick","Disarm","Corruption","Headbutt","Pommel Strike","Body Slam","Ghostly Armor"],"relics":["Burning Blood","Anchor","Lantern"],"acts_visited":["Exordium"],"potions_floor_usage":[16],"damage_taken":[{"damage":8.0,"enemies":"Jaw Worm","floor":1.0,"turns":4.0},{"damage":3.0,"enemies":"Cultist","floor":3.0,"turns":4.0},{"damage":14.0,"enemies":"2 Louse","floor":4.0,"turns":4.0},{"damage":12.0,"enemies":"Large Slime","floor":5.0,"turns":5.0},{"damage":39.0,"enemies":"Gremlin Nob","floor":7.0,"turns":4.0},{"damage":28.0,"enemies":"Exordium Thugs","floor":11.0,"turns":6.0},{"damage":6,"enemies":"3 Louse","floor":12,"turns":6},{"damage":7,"enemies":"Gremlin Gang","floor":13,"turns":5},{"damage":6,"enemies":"Blue Slaver","floor":14,"turns":4},{"damage":32,"enemies":"Slime Boss","floor":16,"turns":9}],"seed_played":"8732340805241927583","potions_obtained":[{"floor":4.0,"key":"LiquidMemories"},{"floor":5.0,"key":"Swift Potion"},{"floor":7.0,"key":"BloodPotion"},{"floor":14,"key":"SpeedPotion"}],"is_trial":false,"path_per_floor":["M","?","M","M","M","R","E","R","T","?","M","M","M","M","R","B"],"character_chosen":"IRONCLAD","items_purchased":[],"campfire_rested":1,"item_purchase_floors":[],"current_hp_per_floor":[66,66,69,61,55,55,22,44,44,44,22,22,21,21,21,4,4],"gold":147,"neow_bonus":"RANDOM_COLORLESS_2","is_daily":false,"chose_seed":false,"campfire_upgraded":2,"win_rate":0.0,"timestamp":1610621302,"path_taken":["M","?","M","?","M","R","E","R","T","?","M","M","M","?","R","BOSS"],"items_purchased_type":[],"build_version":"2020-12-22","purchased_purges":0,"victory":false,"max_hp_per_floor":[75,75,75,75,75,75,75,75,75,75,75,75,75,75,75,75,75],"card_choices":[{"not_picked":["Panache","Magnetism"],"picked":"Apotheosis","floor":0.0},{"not_picked":["Perfected Strike","Anger"],"picked":"Evolve","floor":1.0},{"not_picked":["Fire Breathing","Armaments"],"picked":"Feel No Pain","floor":3.0},{"not_picked":["Intimidate","Sever Soul"],"picked":"Dropkick","floor":4.0},{"not_picked":["Combust","Intimidate"],"picked":"Disarm","floor":5.0},{"not_picked":["Second Wind","Hemokinesis"],"picked":"Corruption","floor":7.0},{"not_picked":["Iron Wave","Clothesline","Cleave"],"picked":"SKIP","floor":11.0},{"not_picked":["Havoc","Clash"],"picked":"Pommel Strike","floor":12},{"not_picked":["Reckless Charge","Clothesline"],"picked":"Body Slam","floor":13},{"not_picked":["Sever Soul","Infernal Blade"],"picked":"Ghostly Armor","floor":14}],"player_experience":668318,"relics_obtained":[{"floor":7.0,"key":"Anchor"},{"floor":9.0,"key":"Lantern"}],"event_choices":[{"cards_removed":["Strike_R"],"damage_healed":0.0,"max_hp_gain":0.0,"max_hp_loss":0.0,"gold_gain":0.0,"event_name":"Purifier","player_choice":"Purged","floor":2.0,"gold_loss":0.0,"damage_taken":0.0},{"damage_healed":0.0,"max_hp_gain":0.0,"max_hp_loss":0.0,"gold_gain":0.0,"cards_transformed":["Strike_R"],"event_name":"Transmorgrifier","player_choice":"Transformed","floor":10.0,"gold_loss":0.0,"damage_taken":0.0,"cards_obtained":["Headbutt"]}],"is_beta":false,"boss_relics":[],"items_purged_floors":[],"is_endless":false,"potions_floor_spawned":[4,5,7,14],"killed_by":"Slime Boss","ascension_level":20}}