{"host":"0hb9w7uizu7y13wj","time":1610632298,"event":{"mods":["Act Like it!","Aspiration","BaseMod","BetterRewards","Colored Map","Conspire","Downfall","Energized Spire","FTL Soundtrack","Friendly Minions","Halation","Hubris","Infinite Spire","Minty Spire (QoL Compilation)","Quick Restart","Replay The Spire","StSLib","Synergy Search","The Factory","The Hierophant","The Jungle","The Poker Player","Trackpad","everything is the same but u backflip on backflip","vexMod"],"gold_per_floor":[119,132,132,161,161,161,190,190,190,190,190,237,132,160,160,232,232,271,8,8,8,8,8,33,33,33,33,33,133,167,223,223,301,301,322,341,609,609,676,676,701,701,701,701,701],"floor_reached":44,"language":"ENG","playtime":3617,"items_purged":["Strike_P","Strike_P"],"score":1081,"play_id":"a0a34cd8-93e5-4c60-b665-759d48d992b5","local_time":"20210114135138","is_ascension_mode":true,"campfire_choices":[{"data":"FollowUp","floor":6.0,"key":"SMITH"},{"data":"EmptyFist","floor":8.0,"key":"SMITH"},{"data":"FollowUp","floor":11.0,"key":"SMITH"},{"data":"Omniscience","floor":15.0,"key":"SMITH"},{"data":"FollowUp","floor":23.0,"key":"SMITH"},{"data":"Ragnarok","floor":25.0,"key":"SMITH"},{"data":"LikeWater","floor":27.0,"key":"SMITH"},{"floor":32.0,"key":"REST"},{"data":"Wish","floor":40,"key":"SMITH"},{"floor":42,"key":"REST"}],"circlet_count":0,"master_deck":["AscendersBane","Strike_P","Strike_P","Defend_P+1","Defend_P","Defend_P+1","Defend_P","Eruption+1","Vigilance+1","FollowUp+1","Prostrate+1","FollowUp+1","EmptyFist+1","Consecrate+1","FollowUp+1","Omniscience+1","Scrawl","LikeWater+1","Ragnarok+1","Devotion","Prostrate+1","Devotion","TalkToTheHand","ClearTheMind","infinitespire:Gouge","Wish+1","Replay:Hum","Writhe"],"relics":["PureWater","NeowsBlessing","trackpad:PetRock","Smiling Mask","trackpad:HandOfMidas","conspire:BottledYoYo","trackpad:Trackpad","hubris:CrystalStatue","War Paint","Akabeko","trackpad:ToughGloves","vexMod:RetaliationKit","ReplayTheSpireMod:Shallot","Replay:Bottled Eggs","vexMod:BigBerry","Cursed Key","Counterbalance","infinitespire:ShieldingShard"],"acts_visited":["Exordium","TheCity","TheBeyond"],"potions_floor_usage":[41],"damage_taken":[{"damage":0.0,"enemies":"2 Louse","floor":1.0,"turns":1.0},{"damage":0.0,"enemies":"Small Slimes","floor":2.0,"turns":1.0},{"damage":0.0,"enemies":"conspire:MimicChest","floor":4.0,"turns":1.0},{"damage":0.0,"enemies":"Gremlin Nob","floor":7.0,"turns":2.0},{"damage":0.0,"enemies":"Cultist","floor":12.0,"turns":1.0},{"damage":2.0,"enemies":"3 Sentries","floor":14.0,"turns":3.0},{"damage":51.0,"enemies":"Fading Forest","floor":16.0,"turns":13.0},{"damage":0.0,"enemies":"Spheric Guardian","floor":18.0,"turns":2.0},{"damage":0.0,"enemies":"Gremlin Leader","floor":24.0,"turns":4.0},{"damage":0.0,"enemies":"Colosseum Slavers","floor":29.0,"turns":1.0},{"damage":18.0,"enemies":"Colosseum Nobs","floor":29.0,"turns":4.0},{"damage":12.0,"enemies":"Nightmare","floor":30.0,"turns":6.0},{"damage":0.0,"enemies":"3 Byrds","floor":31.0,"turns":2.0},{"damage":16.0,"enemies":"conspire:MysteriousRune","floor":33.0,"turns":4.0},{"damage":14,"enemies":"3 Darklings","floor":35,"turns":5},{"damage":0,"enemies":"3 Shapes","floor":36,"turns":6},{"damage":0,"enemies":"Maw","floor":37,"turns":2},{"damage":10,"enemies":"Spire Growth","floor":39,"turns":3},{"damage":37,"enemies":"Reptomancer","floor":41,"turns":7},{"damage":60,"enemies":"Giant Head","floor":44,"turns":7}],"seed_played":"3228520391712328678","potions_obtained":[{"floor":4.0,"key":"hexamod:EctoCoolerPotion"},{"floor":7.0,"key":"DistilledChaos"},{"floor":30.0,"key":"SpeedPotion"},{"floor":31.0,"key":"AttackPotion"},{"floor":39,"key":"Flashbang"}],"is_trial":false,"path_per_floor":["M","M","?","?","?","R","E","R","T","?","R","M","$","E","R","B",null,"M","$","$","?","T","R","E","R","T","R","$","?","NM","M","R","B",null,"M","M","M","AVR","M","R","E","R","T","E"],"character_chosen":"WATCHER","items_purchased":["FollowUp","hubris:CrystalStatue"],"campfire_rested":2,"item_purchase_floors":[13,19],"current_hp_per_floor":[61,61,61,61,41,41,41,41,41,41,41,41,41,39,39,10,54,54,54,54,54,54,54,54,54,54,54,54,36,24,24,44,28,88,74,74,74,74,64,64,27,56,56,0,0],"gold":701,"neow_bonus":"THREE_ENEMY_KILL","is_daily":false,"chose_seed":false,"campfire_upgraded":8,"win_rate":0.0,"timestamp":1610632298,"path_taken":["M","M","?","?","?","R","E","R","T","?","R","M","?","E","R","BOSS","M","?","$","?","?","R","E","R","T","R","$","?","NM","M","R","BOSS","M","M","M","AVR","M","R","E","R","T","E"],"items_purchased_type":["Card","Relic"],"build_version":"2020-12-22","purchased_purges":2,"victory":false,"max_hp_per_floor":[68,68,68,68,68,68,68,68,68,68,68,68,68,68,68,68,68,68,68,68,68,68,68,68,68,68,68,68,68,68,68,68,68,98,98,98,98,98,98,98,98,98,98,98,98],"card_choices":[{"not_picked":["Replay:Vibes","Replay:ManipulateFuture"],"picked":"FollowUp","floor":1.0},{"not_picked":["Evaluate","SashWhip"],"picked":"Prostrate","floor":2.0},{"not_picked":["BowlingBash","EmptyFist"],"picked":"FollowUp","floor":4.0},{"not_picked":["Crescendo","Consecrate"],"picked":"EmptyFist","floor":7.0},{"not_picked":["Replay:ManipulateFuture","BowlingBash"],"picked":"Consecrate","floor":12.0},{"not_picked":["ThirdEye","Halt"],"picked":"Omniscience","floor":14.0},{"not_picked":["Alpha","Brilliance"],"picked":"Scrawl","floor":16.0},{"not_picked":["EmptyBody","JustLucky"],"picked":"LikeWater","floor":18.0},{"not_picked":["Study+1","Worship"],"picked":"Ragnarok","floor":24.0},{"not_picked":["Consecrate","ThirdEye"],"picked":"Devotion","floor":30.0},{"not_picked":["Replay:ManipulateFuture","PathToVictory"],"picked":"Prostrate+1","floor":31.0},{"not_picked":["Brilliance","SpiritShield"],"picked":"Devotion","floor":33.0},{"not_picked":["CrushJoints","ThirdEye+1"],"picked":"TalkToTheHand","floor":35},{"not_picked":["ThirdEye","Replay:Cycle"],"picked":"ClearTheMind","floor":36},{"not_picked":["CutThroughFate","CrushJoints","Perseverance"],"picked":"SKIP","floor":37},{"not_picked":["Protect+1","DeceiveReality"],"picked":"Wish","floor":39},{"not_picked":["Meditate","Perseverance"],"picked":"Replay:Hum","floor":41}],"player_experience":935912,"relics_obtained":[{"floor":4.0,"key":"trackpad:PetRock"},{"floor":7.0,"key":"Smiling Mask"},{"floor":9.0,"key":"trackpad:HandOfMidas"},{"floor":14.0,"key":"conspire:BottledYoYo"},{"floor":22.0,"key":"War Paint"},{"floor":24.0,"key":"Akabeko"},{"floor":26.0,"key":"trackpad:ToughGloves"},{"floor":29.0,"key":"vexMod:RetaliationKit"},{"floor":29.0,"key":"ReplayTheSpireMod:Shallot"},{"floor":30.0,"key":"Replay:Bottled Eggs"},{"floor":41,"key":"infinitespire:ShieldingShard"}],"event_choices":[{"damage_healed":0.0,"max_hp_gain":0.0,"max_hp_loss":0.0,"gold_gain":0.0,"event_name":"Shining Light","player_choice":"Entered Light","floor":5.0,"gold_loss":0.0,"damage_taken":20.0,"cards_upgraded":["Vigilance","Defend_P"]},{"damage_healed":0.0,"max_hp_gain":0.0,"max_hp_loss":0.0,"gold_gain":0.0,"event_name":"Colosseum","player_choice":"Fight","floor":29.0,"gold_loss":0.0,"damage_taken":0.0},{"damage_healed":0.0,"max_hp_gain":0.0,"max_hp_loss":0.0,"gold_gain":0.0,"event_name":"Colosseum","player_choice":"Fought Nobs","floor":29.0,"gold_loss":0.0,"damage_taken":0.0}],"is_beta":false,"boss_relics":[{"not_picked":["Coffee Dripper","energizedSpire:HugeHouse"],"picked":"trackpad:Trackpad"},{"not_picked":["hubris:BlackHole","Astrolabe"],"picked":"vexMod:BigBerry"}],"items_purged_floors":[13,38],"is_endless":false,"potions_floor_spawned":[4,7,30,31,39],"killed_by":"Giant Head","ascension_level":20}}