{"host":"3j2m8n0ywf988fwb","time":1610619258,"event":{"mods":["2.2 Compatiblity","Act Like it!","Aspiration","Astrologer","BaseMod","Beaked The Cultist","Better Altar","Better Match","Better Note","Better Sensory Stone","Better Skull","Better Third Choice","CCEM","Colored Map","Colored Powertips","Conspire","Dark Map","Energized Spire","Evolution","Fireblade Mod","GifTheSpireLib","Googly Eyes","Halation","Hallownest","Highlight Path","Hubris","Infinite Spire","Jedi Mod","Marisa????????","Marked Mod","Mimic Mod","Minty Spire (QoL Compilation)","Random Character Button","Relic Stats","Replay The Spire","Robot Space Explorer","Shop Mod","Somnambulant","StSLib","Stuff the Spire","The Bug Knight","The Hierophant","The Marked","The Runesmith","TheFirefly","Unceasing Turn Reminder","everything is the same but u backflip on backflip"],"gold_per_floor":[118,293,20,36,47,47,81,81,104,104,104,117,127,27,27,129,129,142,142,142,142,17,50,50,50,87,87,87,103,67,99,99,196,196,210,229,229,245,95,95,95],"floor_reached":40,"language":"ENG","playtime":1469,"items_purged":["Doubt","Strike_R","Strike_R","Doubt"],"score":496,"play_id":"061830d2-892c-4387-9b08-11f4d4379c1e","local_time":"20210114041418","is_ascension_mode":true,"campfire_choices":[{"data":"Havoc","floor":6,"key":"SMITH"},{"data":"Havoc","floor":10,"key":"SMITH"},{"floor":15,"key":"REST"},{"data":"ReplayTheSpireMod:Strike From Hell","floor":24,"key":"SMITH"},{"floor":28,"key":"REST"},{"data":"Strike_R","floor":32,"key":"PURGE"}],"circlet_count":0,"master_deck":["StuffTheSpire:Incineration+1","StuffTheSpire:Incineration","Defend_R","Defend_R+1","Defend_R+1","Defend_R","Bash","Hemogenesis+1","Havoc+1","Havoc+1","ReplayTheSpireMod:Strike From Hell+1","infinitespire:OneForAll","Demon Form","Flex","Berserk","Bandage Up","jedi:forcepull","Hallownest:attackFallenFury","Havoc+1","UltimateShortwave","ReplayTheSpireMod:Strike From Hell"],"relics":["Burning Blood","EVO:Axolotl","Guide Book","Matryoshka","Juzu Bracelet","StuffTheSpire:Gunfinga","CCEMRelics:GrindingGear","Replay:Mystery Machine","hubris:SlimyHat","aspiration:MarisaSkillbook","Mercury Hourglass","King of Hearts","Iron Hammer","Simple Rune","Black Star","StuffTheSpire:GreaterSneckoEye"],"acts_visited":["Exordium","Exordium","TheBeyond"],"potions_floor_usage":[12,31,33,40],"damage_taken":[{"damage":0,"enemies":"Small Slimes","floor":1,"turns":3},{"damage":2,"enemies":"Jaw Worm","floor":4,"turns":2},{"damage":1,"enemies":"Cultist","floor":5,"turns":3},{"damage":23,"enemies":"Gremlin Nob","floor":7,"turns":4},{"damage":18,"enemies":"Large Slime","floor":12,"turns":2},{"damage":16,"enemies":"Lots of Slimes","floor":13,"turns":3},{"damage":40,"enemies":"Hexaghost","floor":16,"turns":9},{"damage":50,"enemies":"Hallownest:2_Mistakes","floor":18,"turns":6},{"damage":25,"enemies":"Hallownest:Nosk","floor":23,"turns":4},{"damage":1,"enemies":"Hallownest:Guard_and_Sentry","floor":26,"turns":5},{"damage":12,"enemies":"Hallownest:Guard_and_Sentry","floor":29,"turns":3},{"damage":22,"enemies":"Hallownest:eliteWatcherKnight","floor":31,"turns":9},{"damage":54,"enemies":"Hallownest:BossGrimm","floor":33,"turns":8},{"damage":0,"enemies":"Orb Walker","floor":35,"turns":2},{"damage":48,"enemies":"3 Darklings","floor":36,"turns":4},{"damage":4,"enemies":"4 Shapes","floor":38,"turns":8},{"damage":67,"enemies":"Nightmare","floor":40,"turns":3}],"seed_played":"9107553567372964410","potions_obtained":[{"floor":1,"key":"Swift Potion"},{"floor":4,"key":"BloodPotion"},{"floor":16,"key":"Strength Potion"},{"floor":29,"key":"BloodPotion"},{"floor":31,"key":"EssenceOfSteel"}],"is_trial":false,"path_per_floor":["M","?","$","M","M","R","E","?","T","R","?","M","M","$","R","B",null,"M","?","?","?","$","E","R","?","MIM","?","R","M","$","E","R_BF","B",null,"M","M","?","M","$","NM"],"character_chosen":"IRONCLAD","items_purchased":["Guide Book","Havoc","Havoc+1"],"campfire_rested":2,"item_purchase_floors":[3,3,30],"current_hp_per_floor":[72,72,72,72,72,72,55,70,70,70,24,26,16,16,37,11,72,28,28,28,28,28,21,21,21,38,38,59,53,53,49,49,16,72,72,38,18,32,32,0,0],"gold":95,"neow_bonus":"THREE_RARE_CARDS","is_daily":false,"chose_seed":false,"campfire_upgraded":3,"win_rate":0.0,"timestamp":1610619258,"path_taken":["M","?","?","M","?","R","E","?","T","R","?","M","M","$","R","BOSS","M","?","?","?","?","E","R","?","MIM","?","R","M","$","E","R_BF","BOSS","M","M","?","M","$","NM"],"items_purchased_type":["Relic","Card","Card"],"build_version":"2020-12-22","purchased_purges":4,"victory":false,"max_hp_per_floor":[72,72,72,72,72,72,72,72,72,72,72,72,72,72,72,72,72,72,72,72,72,72,72,72,72,72,72,72,72,72,72,72,72,72,72,72,72,72,72,72,72],"relic_stats":{"counters":[17,78],"Juzu Bracelet":2,"Black Star":0,"obtain_stats":[{"Guide Book":3,"King of Hearts":26,"Juzu Bracelet":9,"hubris:SlimyHat":11,"EVO:Axolotl":0,"Replay:Mystery Machine":11,"Burning Blood":0,"Mercury Hourglass":23,"StuffTheSpire:Gunfinga":9,"Matryoshka":7,"StuffTheSpire:GreaterSneckoEye":37,"Simple Rune":31,"CCEMRelics:GrindingGear":11,"Iron Hammer":26,"Black Star":34,"aspiration:MarisaSkillbook":17},{"Guide Book":1,"King of Hearts":10,"Juzu Bracelet":4,"hubris:SlimyHat":4,"EVO:Axolotl":0,"Replay:Mystery Machine":4,"Burning Blood":0,"Mercury Hourglass":9,"StuffTheSpire:Gunfinga":4,"Matryoshka":4,"StuffTheSpire:GreaterSneckoEye":15,"Simple Rune":12,"CCEMRelics:GrindingGear":4,"Iron Hammer":10,"Black Star":13,"aspiration:MarisaSkillbook":7},{"Guide Book":3,"King of Hearts":41,"Juzu Bracelet":12,"hubris:SlimyHat":12,"EVO:Axolotl":0,"Replay:Mystery Machine":12,"Burning Blood":0,"Mercury Hourglass":36,"StuffTheSpire:Gunfinga":12,"Matryoshka":12,"StuffTheSpire:GreaterSneckoEye":67,"Simple Rune":53,"CCEMRelics:GrindingGear":12,"Iron Hammer":41,"Black Star":61,"aspiration:MarisaSkillbook":26}],"Burning Blood":73,"Mercury Hourglass":[160]},"card_choices":[{"not_picked":["Offering","Juggernaut"],"picked":"Hemogenesis","floor":0},{"not_picked":["True Grit","Thunderclap"],"picked":"Havoc","floor":1},{"not_picked":["Armaments","Thunderclap"],"picked":"ReplayTheSpireMod:Strike From Hell","floor":4},{"not_picked":["Fire Breathing","Headbutt"],"picked":"infinitespire:OneForAll","floor":5},{"not_picked":["Pummel","True Grit"],"picked":"Demon Form","floor":7},{"not_picked":["Clash","Wild Strike"],"picked":"Flex","floor":12},{"not_picked":["StuffTheSpire:Pyroclast","hubris:ReadiedAction","Blood for Blood"],"picked":"SKIP","floor":13},{"not_picked":["jedi:unlimitedpower","Hemogenesis"],"picked":"Berserk","floor":16},{"not_picked":["Iron Wave","Anger","Clothesline+1","infinitespire:OneForAll"],"picked":"SKIP","floor":18},{"not_picked":["Transmutation","Madness","Violence"],"picked":"Bandage Up","floor":20},{"not_picked":["Impatience","Magnetism","Transmutation"],"picked":"jedi:forcepull","floor":20},{"not_picked":["Run Through","DC","Life Link","MysteriousBeam"],"picked":"SKIP","floor":23},{"not_picked":["Occultation","jedi:hate","MysteriousBeam","hubris:ReadiedAction"],"picked":"SKIP","floor":29},{"not_picked":["MaximisePower","MysteriousBeam+1","JA","ManaConvection"],"picked":"SKIP","floor":31},{"not_picked":["Hemogenesis","Bludgeon","Impervious"],"picked":"UltimateShortwave","floor":33},{"not_picked":["hubris:ReadiedAction+1","StuffTheSpire:Slingshot+1","Heavy Blade","Fire Breathing+1"],"picked":"SKIP","floor":35},{"not_picked":["IllusionStar","Perfected Strike","StuffTheSpire:Incineration+1","MysteriousBeam+1"],"picked":"SKIP","floor":36},{"not_picked":["jedi:unlimitedpower","Perfected Strike","jedi:collectorstrike"],"picked":"ReplayTheSpireMod:Strike From Hell","floor":38}],"player_experience":1067342,"relics_obtained":[{"floor":7,"key":"Matryoshka"},{"floor":9,"key":"Juzu Bracelet"},{"floor":9,"key":"StuffTheSpire:Gunfinga"},{"floor":23,"key":"Mercury Hourglass"},{"floor":26,"key":"King of Hearts"},{"floor":26,"key":"Iron Hammer"},{"floor":31,"key":"Simple Rune"},{"floor":37,"key":"StuffTheSpire:GreaterSneckoEye"}],"event_choices":[{"damage_healed":0,"gold_gain":175,"player_choice":"AGREE","damage_taken":118,"max_hp_gain":0,"max_hp_loss":0,"event_name":"betterThird:BetterSerpent","floor":2,"gold_loss":0},{"damage_healed":0,"gold_gain":0,"player_choice":"RE RE RE ","damage_taken":52,"relics_obtained":["CCEMRelics:GrindingGear","Replay:Mystery Machine","hubris:SlimyHat"],"max_hp_gain":0,"max_hp_loss":0,"event_name":"betterSkull:BetterSkull","floor":11,"gold_loss":0,"cards_upgraded":[]},{"damage_healed":0,"gold_gain":2,"player_choice":"1","damage_taken":0,"max_hp_gain":0,"max_hp_loss":0,"event_name":"betterStone:BetterStone","floor":20,"gold_loss":0}],"is_beta":false,"boss_relics":[{"not_picked":["halation:CatFaceCupcake","aspiration:MobileForge"],"picked":"aspiration:MarisaSkillbook"},{"not_picked":["energizedSpire:OgreHead","Runic Cube"],"picked":"Black Star"}],"items_purged_floors":[3,14,22,39],"is_endless":false,"potions_floor_spawned":[1,4,16,29,31],"killed_by":"Nightmare","ascension_level":4}}