{"host":"zxkjcgzis4pm3za5","time":1610597270,"event":{"mods":["AchievementEnabler","Act Like it!","BaseMod","Colored Map","Colored Powertips","Friendly Minions","GifTheSpireLib","Minty Spire (QoL Compilation)","Quick Restart","RNG Fix","Random Character Button","Relic Sorter","Relic Stats","StSLib"],"gold_per_floor":[213,229,229,72,85,104,104,129,129,129,129,157,157,185,185,259,259,275,275,365,221,238,238,272,272,272,272,299,312,346,15,15,89,89,99,150,195,212,227,254,254,282,282,311,311,323,337,357,357,357,357,357,25,54,54],"floor_reached":56,"language":"ENG","playtime":2670,"items_purged":["Writhe","Strike_P","Strike_P"],"score":2370,"play_id":"3e5d7089-d9bd-436b-8426-d8b54f86ca67","local_time":"20210114093750","is_ascension_mode":true,"campfire_choices":[{"data":"TalkToTheHand","floor":7,"key":"SMITH"},{"data":"Eruption","floor":10,"key":"SMITH"},{"data":"Vigilance","floor":13,"key":"SMITH"},{"data":"DevaForm","floor":15,"key":"SMITH"},{"data":"1","floor":23,"key":"LIFT"},{"data":"2","floor":25,"key":"LIFT"},{"data":"3","floor":32,"key":"LIFT"},{"data":"TalkToTheHand","floor":41,"key":"SMITH"},{"floor":45,"key":"RECALL"},{"data":"Wish","floor":49,"key":"SMITH"},{"data":"Omniscience","floor":52,"key":"SMITH"}],"circlet_count":0,"master_deck":["AscendersBane","Strike_P","Defend_P","Defend_P","Defend_P","Defend_P","Eruption+1","Vigilance+1","Consecrate","Crescendo","TalkToTheHand+1","EmptyBody","CarveReality","JustLucky","CutThroughFate","DevaForm+1","Wish+1","TalkToTheHand+1","DeusExMachina","ThirdEye","Tantrum","SashWhip+1","Protect+1","Scrawl","FlurryOfBlows+1","Omniscience+1","MentalFortress+1","Ragnarok+1","Sanctity+1","FearNoEvil+1","Evaluate","Wallop+1","InnerPeace","FollowUp+1","CrushJoints+1","Secret Technique","Study+1"],"relics":["HolyWater","Sling","Anchor","Question Card","Pocketwatch","HornCleat","Girya","Frozen Egg 2","Vajra","Sundial","Molten Egg 2","Bronze Scales","Membership Card","Yang","Sozu","Mango","Juzu Bracelet","Gambling Chip","Mummified Hand","Kunai","Centennial Puzzle"],"acts_visited":["TheCity","TheBeyond","TheEnding"],"potions_floor_usage":[8,16,24,28,36,55],"damage_taken":[{"damage":5,"enemies":"2 Louse","floor":1,"turns":3},{"damage":2,"enemies":"Cultist","floor":2,"turns":3},{"damage":3,"enemies":"Jaw Worm","floor":5,"turns":4},{"damage":5,"enemies":"Looter","floor":6,"turns":4},{"damage":0,"enemies":"Gremlin Nob","floor":8,"turns":2},{"damage":8,"enemies":"3 Sentries","floor":12,"turns":4},{"damage":4,"enemies":"Lagavulin","floor":14,"turns":4},{"damage":0,"enemies":"Slime Boss","floor":16,"turns":5},{"damage":2,"enemies":"Shell Parasite","floor":18,"turns":4},{"damage":0,"enemies":"Chosen","floor":22,"turns":3},{"damage":3,"enemies":"Book of Stabbing","floor":24,"turns":5},{"damage":0,"enemies":"Slavers","floor":28,"turns":4},{"damage":0,"enemies":"Sentry and Sphere","floor":29,"turns":2},{"damage":6,"enemies":"Gremlin Leader","floor":30,"turns":4},{"damage":21,"enemies":"Collector","floor":33,"turns":8},{"damage":0,"enemies":"Orb Walker","floor":35,"turns":3},{"damage":3,"enemies":"2 Orb Walkers","floor":36,"turns":4},{"damage":0,"enemies":"3 Darklings","floor":37,"turns":6},{"damage":0,"enemies":"Sphere and 2 Shapes","floor":38,"turns":1},{"damage":0,"enemies":"Maw","floor":39,"turns":6},{"damage":0,"enemies":"Nemesis","floor":40,"turns":5},{"damage":0,"enemies":"Giant Head","floor":42,"turns":5},{"damage":0,"enemies":"Reptomancer","floor":44,"turns":3},{"damage":0,"enemies":"Jaw Worm Horde","floor":46,"turns":2},{"damage":1,"enemies":"4 Shapes","floor":47,"turns":3},{"damage":0,"enemies":"Maw","floor":48,"turns":3},{"damage":18,"enemies":"Donu and Deca","floor":50,"turns":7},{"damage":6,"enemies":"Shield and Spear","floor":54,"turns":3},{"damage":48,"enemies":"The Heart","floor":55,"turns":8}],"seed_played":"-2574570368066053416","potions_obtained":[{"floor":2,"key":"SneckoOil"},{"floor":6,"key":"Fruit Juice"},{"floor":8,"key":"Energy Potion"},{"floor":16,"key":"Explosive Potion"},{"floor":18,"key":"Dexterity Potion"},{"floor":22,"key":"Fruit Juice"},{"floor":24,"key":"DistilledChaos"},{"floor":29,"key":"SpeedPotion"}],"is_trial":false,"path_per_floor":["M","M","?","$","M","M","R","E","T","R","?","E","R","E","R","B",null,"M","?","?","$","M","R","E","R","T","T","E","M","E","$","R","B",null,"M","?","M","M","M","E","R","E","T","E","R","M","M","M","R","B",null,"R","$","E","B",null],"character_chosen":"WATCHER","items_purchased":["Sling","DeusExMachina","Membership Card","FlurryOfBlows+1","Yang","Kunai","CrushJoints+1","Secret Technique","Study+1"],"campfire_rested":0,"item_purchase_floors":[4,21,31,31,31,53,53,53,53],"current_hp_per_floor":[56,54,54,54,51,46,46,46,46,46,39,31,31,27,27,32,63,61,61,49,49,49,49,51,51,51,51,51,51,45,45,45,24,65,65,76,76,76,76,76,76,76,76,76,76,76,75,75,75,57,83,83,83,77,29],"gold":54,"neow_bonus":"HUNDRED_GOLD","is_daily":false,"chose_seed":false,"campfire_upgraded":7,"win_rate":0.0,"timestamp":1610597270,"path_taken":["M","M","?","$","M","M","R","E","T","R","?","E","R","E","R","BOSS","M","?","?","$","?","R","E","R","T","?","E","?","E","$","R","BOSS","M","?","M","M","M","E","R","E","T","E","R","M","M","M","R","BOSS","R","$","E","BOSS"],"items_purchased_type":["Relic","Card","Relic","Card","Relic","Relic","Card","Card","Card"],"build_version":"2020-12-22","purchased_purges":3,"victory":true,"max_hp_per_floor":[68,68,68,68,68,68,68,68,68,68,68,68,68,68,68,73,73,73,73,73,73,73,73,78,78,78,78,78,78,78,78,78,78,78,78,92,92,92,92,92,92,92,92,92,92,92,92,92,92,92,92,92,92,92,92],"relic_stats":{"counters":[29,118],"Yang":[220],"Juzu Bracelet":0,"Question Card":22,"Sozu":6,"Centennial Puzzle":[3],"Sundial":[6],"Mummified Hand":[14],"Bronze Scales":[238],"Gambling Chip":[18],"Kunai":[10],"obtain_stats":[{"Girya":19,"Vajra":26,"Yang":31,"Mango":36,"Juzu Bracelet":40,"Frozen Egg 2":24,"Sling":4,"Question Card":9,"Sozu":34,"Anchor":8,"Centennial Puzzle":54,"HornCleat":14,"Sundial":27,"Mummified Hand":44,"Bronze Scales":30,"Gambling Chip":42,"HolyWater":17,"Molten Egg 2":28,"Membership Card":31,"Kunai":53,"PureWater":0,"Pocketwatch":12},{"Girya":9,"Vajra":11,"Yang":14,"Mango":17,"Juzu Bracelet":21,"Frozen Egg 2":11,"Sling":2,"Question Card":5,"Sozu":15,"Anchor":5,"Centennial Puzzle":28,"HornCleat":7,"Sundial":11,"Mummified Hand":23,"Bronze Scales":14,"Gambling Chip":22,"HolyWater":8,"Molten Egg 2":12,"Membership Card":14,"Kunai":27,"PureWater":0,"Pocketwatch":6},{"Girya":33,"Vajra":41,"Yang":51,"Mango":66,"Juzu Bracelet":84,"Frozen Egg 2":41,"Sling":6,"Question Card":16,"Sozu":59,"Anchor":16,"Centennial Puzzle":110,"HornCleat":24,"Sundial":41,"Mummified Hand":92,"Bronze Scales":51,"Gambling Chip":89,"HolyWater":29,"Molten Egg 2":45,"Membership Card":51,"Kunai":107,"PureWater":0,"Pocketwatch":20}],"Pocketwatch":[26]},"card_choices":[{"not_picked":["Crescendo","ThirdEye"],"picked":"Consecrate","floor":1},{"not_picked":["Worship","Collect"],"picked":"Crescendo","floor":2},{"not_picked":["Protect","Consecrate"],"picked":"EmptyBody","floor":5},{"not_picked":["PathToVictory","Perseverance"],"picked":"CarveReality","floor":6},{"not_picked":["EmptyBody","WindmillStrike"],"picked":"JustLucky","floor":8},{"not_picked":["Prostrate","FollowUp","ThirdEye"],"picked":"CutThroughFate","floor":12},{"not_picked":["FlyingSleeves","Prostrate","Consecrate"],"picked":"DevaForm","floor":14},{"not_picked":["Omniscience","DevaForm","MasterReality"],"picked":"Wish","floor":16},{"not_picked":["FollowUp","LikeWater","Perseverance"],"picked":"TalkToTheHand","floor":18},{"not_picked":["ReachHeaven+1","FollowUp","BowlingBash"],"picked":"ThirdEye","floor":22},{"not_picked":["ThirdEye","EmptyFist","Collect"],"picked":"Tantrum","floor":24},{"not_picked":["Protect","SignatureMove+1","Alpha"],"picked":"SashWhip+1","floor":28},{"not_picked":["PathToVictory","InnerPeace","WindmillStrike+1"],"picked":"Protect+1","floor":29},{"not_picked":["Brilliance+1","Collect","FearNoEvil+1"],"picked":"Scrawl","floor":30},{"not_picked":["LessonLearned+1","Vault","ConjureBlade"],"picked":"Omniscience","floor":33},{"not_picked":["ClearTheMind+1","EmptyBody","Protect"],"picked":"MentalFortress+1","floor":35},{"not_picked":["MentalFortress+1","Halt","Adaptation+1"],"picked":"Ragnarok+1","floor":36},{"not_picked":["Perseverance","Prostrate","CutThroughFate+1","PathToVictory"],"picked":"SKIP","floor":37},{"not_picked":["Halt","ClearTheMind+1","Judgement"],"picked":"Sanctity+1","floor":38},{"not_picked":["CutThroughFate+1","FlyingSleeves+1","Consecrate+1","ThirdEye"],"picked":"SKIP","floor":39},{"not_picked":["Protect","EmptyFist+1","Prostrate"],"picked":"FearNoEvil+1","floor":40},{"not_picked":["PathToVictory","Blasphemy","ClearTheMind"],"picked":"Evaluate","floor":42},{"not_picked":["SandsOfTime+1","Indignation+1","FlyingSleeves+1"],"picked":"Wallop+1","floor":44},{"not_picked":["BattleHymn+1","Crescendo+1","EmptyBody","JustLucky+1"],"picked":"SKIP","floor":46},{"not_picked":["SashWhip+1","Evaluate+1","PathToVictory"],"picked":"InnerPeace","floor":47},{"not_picked":["Judgement","ClearTheMind","Protect"],"picked":"FollowUp+1","floor":48},{"not_picked":["CutThroughFate+1","MasterReality+1","Worship","CrushJoints+1"],"picked":"SKIP","floor":54}],"player_experience":214442,"relics_obtained":[{"floor":8,"key":"Anchor"},{"floor":9,"key":"Question Card"},{"floor":12,"key":"Pocketwatch"},{"floor":14,"key":"HornCleat"},{"floor":24,"key":"Frozen Egg 2"},{"floor":26,"key":"Vajra"},{"floor":27,"key":"Sundial"},{"floor":28,"key":"Molten Egg 2"},{"floor":30,"key":"Bronze Scales"},{"floor":36,"key":"Mango"},{"floor":40,"key":"Juzu Bracelet"},{"floor":42,"key":"Gambling Chip"},{"floor":44,"key":"Mummified Hand"},{"floor":54,"key":"Centennial Puzzle"}],"event_choices":[{"damage_healed":0,"gold_gain":0,"player_choice":"1 cards matched","damage_taken":0,"max_hp_gain":0,"max_hp_loss":0,"event_name":"Match and Keep!","floor":3,"gold_loss":0,"cards_obtained":["TalkToTheHand"]},{"cards_removed":["Strike_P"],"damage_healed":0,"gold_gain":0,"player_choice":"Card Removal","damage_taken":7,"max_hp_gain":0,"max_hp_loss":0,"event_name":"Golden Wing","floor":11,"gold_loss":0},{"damage_healed":0,"gold_gain":0,"player_choice":"Opened","damage_taken":0,"relics_obtained":["Girya"],"max_hp_gain":0,"max_hp_loss":0,"event_name":"The Mausoleum","floor":19,"gold_loss":0,"cards_obtained":["Writhe"]},{"damage_healed":0,"gold_gain":90,"player_choice":"GOLD ","damage_taken":12,"max_hp_gain":0,"max_hp_loss":0,"event_name":"Knowing Skull","floor":20,"potions_obtained":[],"gold_loss":0,"cards_obtained":[]},{"damage_healed":0,"gold_gain":0,"player_choice":"Fight","damage_taken":0,"max_hp_gain":0,"max_hp_loss":0,"event_name":"Mysterious Sphere","floor":36,"gold_loss":0}],"is_beta":false,"boss_relics":[{"not_picked":["Pandora\u0027s Box","Ectoplasm"],"picked":"HolyWater"},{"not_picked":["Runic Pyramid","Runic Dome"],"picked":"Sozu"}],"items_purged_floors":[21,31,53],"is_endless":false,"potions_floor_spawned":[2,6,8,16,18,22,24,29,36,38,40,44,48,54],"ascension_level":14}}