{"host":"ygfasg9u7olr7skw","time":1610586345,"event":{"mods":["AchievementEnabler","BaseMod","Better Note","Better Vampires","Colored Powertips","Minty Spire (QoL Compilation)","Replay The Spire","Spicy Shops","StSLib","The IronCluck"],"gold_per_floor":[118,118,118,43,43,58,58,90,137,157,167,202,202,215,215,318,318,336,353,268,543,557,582,582,582,582,582,595,12,38,38,38,138,138,152,112,9,22,39,39,67,67,67,67,67],"floor_reached":44,"language":"ENG","playtime":5899,"items_purged":["Hallucinations","Regret"],"score":754,"play_id":"82c34c5e-3d75-45cb-88f8-2dc1a7292191","local_time":"20210113200545","is_ascension_mode":true,"campfire_choices":[{"data":"Chill","floor":7.0,"key":"SMITH"},{"floor":13.0,"key":"REST"},{"floor":15.0,"key":"REST"},{"floor":24.0,"key":"REST"},{"floor":27.0,"key":"REST"},{"data":"Loop","floor":32.0,"key":"SMITH"},{"floor":40.0,"key":"RECALL"},{"floor":42,"key":"REST"}],"circlet_count":0,"master_deck":["Strike_B","Strike_B","Defend_B","Defend_B","Defend_B","Defend_B","Zap","Dualcast","Chill+1","Streamline+1","Ball Lightning","Loop+1","Cold Snap","Cold Snap","ReplayTheSpireMod:Reroute Power","Redo","Cold Snap","Lockon","Electrodynamics","BootSequence+1","Loop","Decay","ReplayRNGCard","Capacitor","Ball Lightning","Defragment"],"relics":["Cracked Core","Ring of Fury","Ring of Hypnosis","Turnip","MealTicket","Sozu","Question Card","Oddly Smooth Stone","Bag of Marbles","Replay:Ringing Soul","PreservedInsect","Pantograph","Replay:Grab Bag","Fusion Hammer","Busted Crown","Black Star","Letter Opener","Ancient Tea Set","Symbiotic Virus"],"acts_visited":["Exordium","TheCity","TheBeyond"],"potions_floor_usage":[],"damage_taken":[{"damage":7.0,"enemies":"Small Slimes","floor":1.0,"turns":3.0},{"damage":0.0,"enemies":"2 Louse","floor":6.0,"turns":3.0},{"damage":15.0,"enemies":"Lagavulin","floor":8.0,"turns":5.0},{"damage":2.0,"enemies":"Cultist","floor":10.0,"turns":3.0},{"damage":3.0,"enemies":"Large Slime","floor":11.0,"turns":4.0},{"damage":11.0,"enemies":"Gremlin Nob","floor":12.0,"turns":4.0},{"damage":5.0,"enemies":"Looter","floor":14.0,"turns":3.0},{"damage":8.0,"enemies":"Fading Forest","floor":16.0,"turns":11.0},{"damage":4.0,"enemies":"Shell Parasite","floor":18.0,"turns":5.0},{"damage":0.0,"enemies":"3 Byrds","floor":19.0,"turns":5.0},{"damage":11.0,"enemies":"Centurion and Healer","floor":22.0,"turns":5.0},{"damage":46.0,"enemies":"Gremlin Leader","floor":23.0,"turns":10.0},{"damage":0.0,"enemies":"3 Cultists","floor":28.0,"turns":4.0},{"damage":14.0,"enemies":"Book of Stabbing","floor":30.0,"turns":4.0},{"damage":23.0,"enemies":"Pondfish","floor":33.0,"turns":11.0},{"damage":23.0,"enemies":"3 Darklings","floor":35.0,"turns":4.0},{"damage":0.0,"enemies":"3 Shapes","floor":38.0,"turns":3.0},{"damage":12.0,"enemies":"3 Darklings","floor":39.0,"turns":4.0},{"damage":69,"enemies":"Giant Head","floor":41,"turns":7},{"damage":44,"enemies":"Maw","floor":44,"turns":4}],"seed_played":"7681226139536100217","potions_obtained":[{"floor":6.0,"key":"Flashbang"},{"floor":12.0,"key":"Energy Potion"},{"floor":14.0,"key":"DistilledChaos"},{"floor":16.0,"key":"DistilledChaos"}],"is_trial":false,"path_per_floor":["M","?","?","$","?","M","R","E","T","M","M","E","R","M","R","B",null,"M","M","?","?","M","E","R","?","T","R","M","$","E","?","R","B",null,"M","?","$","M","M","R","E","R","T","M"],"character_chosen":"DEFECT","items_purchased":["Bag of Marbles","Replay:Ringing Soul","PreservedInsect","Ball Lightning","Defragment"],"campfire_rested":5,"item_purchase_floors":[29,29,29,37,37],"current_hp_per_floor":[75,75,75,75,75,75,75,60,60,58,55,44,68,63,82,74,82,78,78,78,78,67,21,45,45,45,69,69,82,71,74,74,68,91,71,71,89,89,77,77,8,37,37,0,0],"gold":67,"neow_bonus":"TEN_PERCENT_HP_BONUS","is_daily":false,"chose_seed":false,"campfire_upgraded":2,"win_rate":0.0,"timestamp":1610586345,"path_taken":["M","?","?","$","?","M","R","E","T","M","M","E","R","M","R","BOSS","M","M","?","?","?","E","R","?","T","R","M","$","E","?","R","BOSS","M","?","?","M","?","R","E","R","T","M"],"items_purchased_type":["Relic","Relic","Relic","Card","Card"],"build_version":"2020-12-22","purchased_purges":2,"victory":false,"max_hp_per_floor":[82,82,82,82,82,82,82,82,82,82,82,82,82,82,82,82,82,82,82,82,82,82,82,82,82,82,82,82,82,85,88,88,91,91,94,94,97,97,97,97,97,97,97,97,97],"card_choices":[{"not_picked":["Hologram","Auto Shields"],"picked":"Chill","floor":1.0},{"not_picked":["Stack","ReplayTheSpireMod:GoodbyeWorld"],"picked":"Ball Lightning","floor":6.0},{"not_picked":["ReplayTheSpireMod:Repulse","Conserve Battery"],"picked":"Loop","floor":8.0},{"not_picked":["Turbo","Rip and Tear"],"picked":"Cold Snap","floor":10.0},{"not_picked":["Thunder Strike","Chill"],"picked":"Cold Snap","floor":11.0},{"not_picked":["Hologram","Cold Snap"],"picked":"ReplayTheSpireMod:Reroute Power","floor":12.0},{"not_picked":["ReplayTheSpireMod:GoodbyeWorld","Reprogram"],"picked":"Redo","floor":14.0},{"not_picked":["Redo","BasicCrystalCard+1"],"picked":"Cold Snap","floor":18.0},{"not_picked":["Compile Driver+1","Chaos"],"picked":"Lockon","floor":19.0},{"not_picked":["Leap","Loop","Streamline","Sweeping Beam"],"picked":"SKIP","floor":22.0},{"not_picked":["ReplayTheSpireMod:GoodbyeWorld","Conserve Battery","Mirror Shield"],"picked":"Electrodynamics","floor":23.0},{"not_picked":["BasicCrystalCard","ReplaySolidLightProjector+1","White Noise"],"picked":"BootSequence+1","floor":28.0},{"not_picked":["Aggregate","Beam Cell","Coolheaded"],"picked":"Loop","floor":30.0},{"not_picked":["ReplayTheSpireMod:Omega Cannon","ReplayTheSpireMod:Fabricate Wheel","Electrodynamics"],"picked":"ReplayRNGCard","floor":33.0},{"not_picked":["Go for the Eyes+1"],"picked":"Capacitor","floor":35.0},{"not_picked":["BasicCrystalCard","Turbo+1"],"picked":"SKIP","floor":38.0},{"not_picked":["Panic Button","Recycle"],"picked":"SKIP","floor":39.0},{"not_picked":["Streamline+1","Rebound+1"],"picked":"SKIP","floor":41}],"player_experience":273126,"relics_obtained":[{"floor":3.0,"key":"Ring of Fury"},{"floor":3.0,"key":"Ring of Hypnosis"},{"floor":8.0,"key":"Turnip"},{"floor":9.0,"key":"MealTicket"},{"floor":23.0,"key":"Oddly Smooth Stone"},{"floor":30.0,"key":"Pantograph"},{"floor":41,"key":"Letter Opener"},{"floor":41,"key":"Ancient Tea Set"},{"floor":43,"key":"Symbiotic Virus"}],"event_choices":[{"cards_removed":["Strike_B"],"damage_healed":0.0,"max_hp_gain":0.0,"max_hp_loss":0.0,"gold_gain":0.0,"event_name":"Living Wall","player_choice":"Forget","floor":5.0,"gold_loss":0.0,"damage_taken":0.0},{"damage_healed":0.0,"max_hp_gain":0.0,"max_hp_loss":0.0,"gold_gain":0.0,"event_name":"Addict","player_choice":"Obtained Relic","floor":20.0,"gold_loss":85.0,"damage_taken":0.0,"relics_obtained":["Question Card"]},{"damage_healed":0.0,"max_hp_gain":0.0,"max_hp_loss":0.0,"gold_gain":275.0,"event_name":"Golden Shrine","player_choice":"Desecrate","floor":21.0,"gold_loss":0.0,"damage_taken":0.0,"cards_obtained":["Regret"]},{"damage_healed":0.0,"max_hp_gain":0.0,"max_hp_loss":0.0,"gold_gain":0.0,"event_name":"Cursed Tome","player_choice":"Ignored","floor":25.0,"gold_loss":0.0,"damage_taken":0.0},{"damage_healed":0.0,"max_hp_gain":0.0,"max_hp_loss":0.0,"gold_gain":0.0,"event_name":"Forgotten Altar","player_choice":"Smashed Altar","floor":31.0,"gold_loss":0.0,"damage_taken":0.0,"cards_obtained":["Decay"]},{"damage_healed":0.0,"max_hp_gain":0.0,"max_hp_loss":0.0,"gold_gain":0.0,"event_name":"The Woman in Blue","player_choice":"Bought 3 Potions","floor":36.0,"gold_loss":0.0,"damage_taken":0.0}],"is_beta":false,"boss_relics":[{"not_picked":["Velvet Choker","Ring of Chaos"],"picked":"Sozu"},{"not_picked":["Tiny House","ReplayTheSpireMod:DimensionalGlitch"],"picked":"Replay:Grab Bag"},{"not_picked":["Cursed Key","Coffee Dripper"],"picked":"Fusion Hammer"},{"not_picked":["Philosopher\u0027s Stone","Replay:Bronze Core"],"picked":"Busted Crown"},{"not_picked":["FrozenCore","SacredBark"],"picked":"Black Star"}],"items_purged_floors":[4,29],"is_endless":false,"potions_floor_spawned":[6,12,14,16,22,28,30,33,41],"killed_by":"Maw","ascension_level":3}}