{"host":"9eojso4kl4lidi9b","time":1610664645,"event":{"mods":["BaseMod","Beaked The Cultist","Better Skull","Colored Map","Colored Powertips","Conspire","Downfall","GifTheSpireLib","Minty Spire (QoL Compilation)","Random Character Button","Relic Sorter","Replay The Spire","Small Relic Pack","StSLib","Stuff the Spire","The Blackbeard","The Druid","The Factory","The Judge","The Necromancer","The Poker Player","The Wild Card","Trackpad","Unceasing Turn Reminder","Yuri Mod"],"gold_per_floor":[99,114,129,144,159,68,93,93,123,138,138,9,24,49,64,164,164,164,179,194,294,309,14,64,157,187,187,202,217,217,15,30,130,130,130,145,160,160,160,160,185,200,215,234,249,264,264,294,309,309],"floor_reached":51,"language":"ENG","playtime":3074,"items_purged":[],"score":955,"play_id":"e1a155d5-e6ed-41df-9f76-4a004abbcbfc","local_time":"20210114165045","daily_mods":["Specialized","Red Cards","downfall:WorldOfGoo"],"is_ascension_mode":false,"campfire_choices":[{"data":"theWildCard:Arsene","floor":1,"key":"SMITH"},{"floor":18,"key":"DIG"},{"floor":27,"key":"REST"},{"data":"theWildCard:AllOutAttack","floor":30,"key":"SMITH"},{"data":"theWildCard:AllOutAttack","floor":35,"key":"SMITH"},{"data":"theWildCard:SeveringSlash","floor":40,"key":"SMITH"},{"floor":47,"key":"REST"}],"circlet_count":0,"master_deck":["theWildCard:BasicStrike","theWildCard:BasicStrike","theWildCard:BasicStrike","theWildCard:BasicStrike","theWildCard:BasicDefend","theWildCard:BasicDefend","theWildCard:BasicDefend","theWildCard:BasicDefend","theWildCard:CallToAdventure","theWildCard:Arsene+1","theWildCard:StingingStrike","theWildCard:StingingStrike","theWildCard:StingingStrike","theWildCard:StingingStrike","theWildCard:StingingStrike","theWildCard:PowerOfTheArcana","theWildCard:Alice","theWildCard:ArcaneArts","theWildCard:Michael","theWildCard:AllOutAttack+1","Pot Of Greed","Pot Of Greed","theWildCard:ManOfManyFaces","theWildCard:Scathach","PokerPlayerMod:Club2","PokerPlayerMod:Club3","PokerPlayerMod:Club4","PokerPlayerMod:Club5","PokerPlayerMod:Club6","Pot Of Greed","theWildCard:Polydeuces","theWildCard:Sakuya","theWildCard:MaskChange+1","theWildCard:IdentityTheft","theWildCard:MagicMettle","theWildCard:PaleRider","theWildCard:TheUniverse","AbeCurse","Pot Of Greed","theWildCard:Sakuya+1","theWildCard:SeveringSlash+1","theWildCard:SeveringSlash","theWildCard:PowerOfTheArcana","ReplayTheSpireMod:Private Reserves","theWildCard:Odin","theWildCard:SeveringSlash","theWildCard:Michael","theWildCard:Sakuya+1","theWildCard:Sakuya","theWildCard:StalwartBlade","theWildCard:BladeOfGenerations+1","theWildCard:EnergyTheft","Pot Of Greed","Delirium","conspire:Banana+1","theWildCard:SeveringSlash","theWildCard:AllOutAttack+1","theWildCard:Abstinence+1","theWildCard:ShieldOfMany+1","theWildCard:ArcaneArts+1","theWildCard:MaskChange","theWildCard:Odin","theWildCard:ArcanaArtistry+1","theWildCard:SeveringSlash","theWildCard:UnendingRitual+1","Pot Of Greed"],"relics":["theWildCard:VelvetContract","Blue Doll","Grinning Jar","hexamod:BolsterEngine","Lantern","Abe\u0027s Treasure","ReplayFunnel","Replay:Towering Pillar of Hats","Regal Pillow","StuffTheSpire:Mouthbags","StuffTheSpire:Gunfinga","ReplayTheSpireMod:CursedCoin","Ice Cream","Painkiller Herb","Toy Ornithopter","Replay:PocketPolymizer","trackpad:WondrousWand"],"acts_visited":["Exordium","TheCity","TheBeyond"],"potions_floor_usage":[12,12,23,33,36],"damage_taken":[{"damage":0,"enemies":"Cultist","floor":2,"turns":2},{"damage":7,"enemies":"2 Louse","floor":3,"turns":3},{"damage":1,"enemies":"Small Slimes","floor":4,"turns":3},{"damage":1,"enemies":"Blue Slaver","floor":5,"turns":4},{"damage":0,"enemies":"downfall:FleeingMerchant","floor":6,"turns":4},{"damage":9,"enemies":"3 Sentries","floor":9,"turns":5},{"damage":0,"enemies":"3 Louse","floor":10,"turns":3},{"damage":8,"enemies":"downfall:FleeingMerchant","floor":12,"turns":5},{"damage":0,"enemies":"Gremlin Gang","floor":13,"turns":3},{"damage":0,"enemies":"Red Slaver","floor":15,"turns":2},{"damage":0,"enemies":"Slime Boss","floor":16,"turns":4},{"damage":0,"enemies":"Chosen","floor":19,"turns":1},{"damage":0,"enemies":"conspire:FuzzyDice","floor":20,"turns":2},{"damage":0,"enemies":"Centurion and Healer","floor":22,"turns":4},{"damage":0,"enemies":"downfall:FleeingMerchant","floor":23,"turns":3},{"damage":19,"enemies":"Book of Stabbing","floor":26,"turns":4},{"damage":20,"enemies":"conspire:HollyBat","floor":28,"turns":7},{"damage":10,"enemies":"Snake Plant","floor":29,"turns":5},{"damage":0,"enemies":"Cultist and Chosen","floor":32,"turns":3},{"damage":4,"enemies":"downfall:Silent","floor":33,"turns":5},{"damage":22,"enemies":"3 Shapes","floor":36,"turns":2},{"damage":0,"enemies":"3 Darklings","floor":37,"turns":2},{"damage":5,"enemies":"Jaw Worm Horde","floor":42,"turns":3},{"damage":0,"enemies":"Spire Growth","floor":43,"turns":2},{"damage":0,"enemies":"2 Orb Walkers","floor":44,"turns":4},{"damage":3,"enemies":"Writhing Mass","floor":45,"turns":6},{"damage":17,"enemies":"4 Shapes","floor":46,"turns":3},{"damage":0,"enemies":"Nemesis","floor":48,"turns":3},{"damage":0,"enemies":"Jaw Worm Horde","floor":49,"turns":2},{"damage":4,"enemies":"downfall:Ironclad","floor":50,"turns":3}],"seed_played":"-4891952413640654339","potions_obtained":[{"floor":2,"key":"PowerPotion"},{"floor":5,"key":"FearPotion"},{"floor":10,"key":"Flashbang"},{"floor":13,"key":"Swift Potion"},{"floor":15,"key":"Elixir"},{"floor":26,"key":"SneckoOil"},{"floor":28,"key":"Fire Potion"},{"floor":32,"key":"Dexterity Potion"},{"floor":33,"key":"ColorlessPotion"},{"floor":37,"key":"Energy Potion"},{"floor":48,"key":"PowerPotion"}],"is_trial":false,"path_per_floor":["R","M","M","M","M","$","T","?","E","M","?","$","M","T","M","B",null,"R_BF","M","M","?","M","$","T","?","E","R","M","M","R","$","M","B",null,"T","?","?","?","?","T","T","?","?","?","?","?","T","E","?","B",null],"character_chosen":"THE_WILD_CARD","items_purchased":["theWildCard:AllOutAttack","theWildCard:Sakuya","theWildCard:MaskChange+1","theWildCard:IdentityTheft","Replay:Towering Pillar of Hats","Regal Pillow","ReplayTheSpireMod:Private Reserves","theWildCard:Odin","ReplayTheSpireMod:CursedCoin","Ice Cream","conspire:Banana+1"],"campfire_rested":2,"item_purchase_floors":[6,12,12,12,23,23,23,23,31,31,31],"current_hp_per_floor":[60,60,53,52,51,51,51,48,39,39,39,34,34,34,34,34,60,60,60,60,60,60,60,60,45,26,59,49,58,58,58,58,58,62,62,42,59,59,59,59,59,56,58,66,70,55,72,74,74,70],"gold":309,"neow_bonus":"","is_daily":true,"chose_seed":false,"campfire_upgraded":4,"win_rate":0.0,"timestamp":1610664645,"path_taken":["R","M","?","M","M","?","T","?","E","M","?","$","M","?","M","BOSS","R_BF","M","M","?","?","?","T","?","E","R","M","M","R","$","M","BOSS","T","?","?","?","?","T","T","?","?","?","?","?","T","E","?","BOSS"],"items_purchased_type":["Card","Card","Card","Card","Relic","Relic","Card","Card","Relic","Relic","Card"],"build_version":"2020-12-22","purchased_purges":0,"victory":true,"max_hp_per_floor":[60,60,60,60,60,60,60,60,60,60,60,60,60,60,60,60,60,60,60,60,60,60,60,60,60,60,60,60,60,60,60,60,62,62,62,64,64,64,64,64,64,66,68,68,70,72,72,74,74,74],"card_choices":[{"not_picked":["theWildCard:Odin","theWildCard:Proficiency"],"picked":"theWildCard:PowerOfTheArcana","floor":2},{"not_picked":["theWildCard:MaskChange","theWildCard:UnderLockAndKey"],"picked":"theWildCard:SeveringSlash","floor":3},{"not_picked":["theWildCard:Loki","theWildCard:Metatron"],"picked":"theWildCard:Alice","floor":4},{"not_picked":["theWildCard:TheGreatSeal","theWildCard:Patience"],"picked":"theWildCard:ArcaneArts","floor":5},{"not_picked":["theWildCard:StalwartBlade","theWildCard:BladeOfGenerations"],"picked":"theWildCard:Michael","floor":6},{"not_picked":["theWildCard:ArcaneArts","theWildCard:SacrificialStroke"],"picked":"theWildCard:ManOfManyFaces","floor":9},{"not_picked":["theWildCard:Unburden","theWildCard:TheUniverse"],"picked":"theWildCard:Scathach","floor":10},{"not_picked":["theWildCard:Salvation","theWildCard:TheGreatSeal"],"picked":"theWildCard:Polydeuces","floor":12},{"not_picked":["theWildCard:ArcaneArts","theWildCard:Proficiency"],"picked":"theWildCard:MagicMettle","floor":13},{"not_picked":["theWildCard:StingingStrike","theWildCard:Patience"],"picked":"theWildCard:PaleRider","floor":15},{"not_picked":["theWildCard:FinalHour","theWildCard:TheArcanaUnleashed"],"picked":"theWildCard:TheUniverse","floor":16},{"not_picked":["theWildCard:MaskChange","theWildCard:LadyLuck"],"picked":"theWildCard:Sakuya+1","floor":19},{"not_picked":["theWildCard:Proficiency+1","theWildCard:ArcaneArts"],"picked":"theWildCard:SeveringSlash","floor":20},{"not_picked":["theWildCard:EnergizedStroke","theWildCard:Michael"],"picked":"theWildCard:SeveringSlash","floor":22},{"not_picked":["theWildCard:MaskChange","theWildCard:CryOfAgony"],"picked":"theWildCard:PowerOfTheArcana","floor":23},{"not_picked":["theWildCard:Attunement","theWildCard:ArchaicAssault"],"picked":"theWildCard:Michael","floor":25},{"not_picked":["theWildCard:Thanatos","theWildCard:Unburden"],"picked":"theWildCard:Sakuya+1","floor":25},{"not_picked":["theWildCard:PowerOfTheArcana","theWildCard:Unburden"],"picked":"theWildCard:Sakuya","floor":25},{"not_picked":["theWildCard:Safeguard+1","theWildCard:ArcaneArts"],"picked":"theWildCard:StalwartBlade","floor":26},{"not_picked":["theWildCard:ArcaneArts","theWildCard:StingingStrike"],"picked":"theWildCard:BladeOfGenerations+1","floor":28},{"not_picked":["theWildCard:Abstinence+1","theWildCard:Deicide"],"picked":"theWildCard:EnergyTheft","floor":29},{"not_picked":["theWildCard:Unburden+1","theWildCard:Proficiency"],"picked":"theWildCard:SeveringSlash","floor":32},{"not_picked":["theWildCard:Caesar","theWildCard:Desolation"],"picked":"theWildCard:AllOutAttack","floor":33},{"not_picked":["theWildCard:StingingStrike","theWildCard:CryOfAgony+1"],"picked":"theWildCard:Abstinence+1","floor":36},{"not_picked":["theWildCard:Proficiency","theWildCard:Unburden+1"],"picked":"theWildCard:ShieldOfMany+1","floor":37},{"not_picked":["theWildCard:Alice","theWildCard:EnergizedStroke+1"],"picked":"theWildCard:ArcaneArts+1","floor":42},{"not_picked":["theWildCard:TheUniverse","theWildCard:SacrificialStroke"],"picked":"theWildCard:MaskChange","floor":43},{"not_picked":["theWildCard:MaskChange+1","theWildCard:SacrificialStroke+1"],"picked":"theWildCard:Odin","floor":44},{"not_picked":["theWildCard:EnergyTheft+1","theWildCard:Providence"],"picked":"theWildCard:ArcanaArtistry+1","floor":45},{"not_picked":["theWildCard:StingingStrike+1","theWildCard:ArcaneArts+1"],"picked":"theWildCard:SeveringSlash","floor":46},{"not_picked":["theWildCard:BladeOfGenerations","theWildCard:MaskChange+1"],"picked":"theWildCard:UnendingRitual+1","floor":48},{"not_picked":["theWildCard:Michael+1","theWildCard:CryOfAgony+1","theWildCard:Polydeuces+1"],"picked":"SKIP","floor":49}],"player_experience":1165589,"relics_obtained":[{"floor":7,"key":"Blue Doll"},{"floor":9,"key":"hexamod:BolsterEngine"},{"floor":14,"key":"Lantern"},{"floor":18,"key":"ReplayFunnel"},{"floor":24,"key":"StuffTheSpire:Mouthbags"},{"floor":26,"key":"StuffTheSpire:Gunfinga"},{"floor":41,"key":"Toy Ornithopter"},{"floor":44,"key":"Replay:PocketPolymizer"},{"floor":48,"key":"trackpad:WondrousWand"}],"event_choices":[{"damage_healed":0,"gold_gain":0,"player_choice":"Success","damage_taken":3,"relics_obtained":["Grinning Jar"],"max_hp_gain":0,"max_hp_loss":0,"event_name":"Scrap Ooze","floor":8,"gold_loss":0},{"damage_healed":0,"gold_gain":0,"player_choice":"Jackpot","damage_taken":0,"max_hp_gain":0,"max_hp_loss":0,"event_name":"PokerPlayerMod:ExordiumClub","floor":11,"gold_loss":0,"cards_obtained":["PokerPlayerMod:Club2","PokerPlayerMod:Club3","PokerPlayerMod:Club4","PokerPlayerMod:Club5","PokerPlayerMod:Club6"]},{"damage_healed":0,"gold_gain":0,"player_choice":"Jackpot","damage_taken":0,"max_hp_gain":0,"max_hp_loss":0,"event_name":"PokerPlayerMod:ExordiumClub","floor":11,"gold_loss":0,"cards_obtained":["PokerPlayerMod:Club2","PokerPlayerMod:Club3","PokerPlayerMod:Club4","PokerPlayerMod:Club5","PokerPlayerMod:Club6"]},{"damage_healed":0,"gold_gain":0,"player_choice":"Jackpot","damage_taken":0,"max_hp_gain":0,"max_hp_loss":0,"event_name":"PokerPlayerMod:ExordiumClub","floor":11,"gold_loss":0,"cards_obtained":["PokerPlayerMod:Club2","PokerPlayerMod:Club3","PokerPlayerMod:Club4","PokerPlayerMod:Club5","PokerPlayerMod:Club6"]},{"damage_healed":0,"gold_gain":0,"player_choice":"Jackpot","damage_taken":0,"max_hp_gain":0,"max_hp_loss":0,"event_name":"PokerPlayerMod:ExordiumClub","floor":11,"gold_loss":0,"cards_obtained":["PokerPlayerMod:Club2","PokerPlayerMod:Club3","PokerPlayerMod:Club4","PokerPlayerMod:Club5","PokerPlayerMod:Club6"]},{"damage_healed":0,"gold_gain":0,"player_choice":"Jackpot","damage_taken":0,"max_hp_gain":0,"max_hp_loss":0,"event_name":"PokerPlayerMod:ExordiumClub","floor":11,"gold_loss":0,"cards_obtained":["PokerPlayerMod:Club2","PokerPlayerMod:Club3","PokerPlayerMod:Club4","PokerPlayerMod:Club5","PokerPlayerMod:Club6"]},{"damage_healed":0,"gold_gain":0,"player_choice":"Fight","damage_taken":0,"max_hp_gain":0,"max_hp_loss":0,"event_name":"Mysterious Sphere","floor":44,"gold_loss":0}],"is_beta":false,"boss_relics":[{"not_picked":["Astrolabe","relicPack:StarArrow"],"picked":"Abe\u0027s Treasure"},{"not_picked":["StuffTheSpire:Kangaroo","Snecko Heart"],"picked":"Painkiller Herb"}],"items_purged_floors":[],"is_endless":false,"potions_floor_spawned":[2,5,10,13,15,26,28,32,33,37,43,45,48],"ascension_level":0}}