{"host":"po0gzr6h085cygwo","time":1610629798,"event":{"mods":["AchievementEnabler","BaseMod","Colored Map","DeckTracker","KOR Keyword Fix","Minty Spire (QoL Compilation)","Rare Cards Sparkle","Replay The Spire","StSLib","SuperFastMode"],"gold_per_floor":[99,119,129,54,69,96,96,96,121,121,36,36,48,64,64,143,143,162,179,104,119,30,30,30,30,54,74,90,100,114,132,132,209,209,227,186,202,214,76,76,86,86,86,101,0,28,348,362,362,441,441,457,533,533,594,369,369,369,369,392,392,406,124,124,124,124,219,219,219,219],"floor_reached":69,"language":"KOR","playtime":3618,"items_purged":["Entrench","Parasite","Rampage"],"score":3472,"play_id":"18c32e97-f108-473b-8d2e-01d1a96e6bb1","local_time":"20210114220958","daily_mods":["Draft","Vintage","Heirloom","Flight"],"is_ascension_mode":true,"campfire_choices":[{"data":"Seeing Red","floor":7.0,"key":"SMITH"},{"data":"Life Link","floor":8.0,"key":"SMITH"},{"data":"Spot Weakness","floor":12.0,"key":"SMITH"},{"data":"True Grit","floor":15.0,"key":"SMITH"},{"data":"Eclipse","floor":23.0,"key":"SMITH"},{"data":"Dark Embrace","floor":24.0,"key":"SMITH"},{"data":"ReplayTheSpireMod:Limb From Limb","floor":25.0,"key":"SMITH"},{"data":"ReplayTheSpireMod:Strike From Hell","floor":32.0,"key":"SMITH"},{"data":"Demon Form","floor":40.0,"key":"SMITH"},{"data":"Run Through","floor":42,"key":"SMITH"},{"data":"ReplayTheSpireMod:Muscle Training","floor":49,"key":"SMITH"},{"data":"Feel No Pain","floor":57,"key":"SMITH"},{"data":"Corruption","floor":58,"key":"SMITH"},{"data":"Feel No Pain","floor":59,"key":"SMITH"},{"data":"Flame Barrier","floor":61,"key":"SMITH"}],"circlet_count":0,"master_deck":["AscendersBane","True Grit+1","Seeing Red+1","Run Through+1","ReplayTheSpireMod:Limb From Limb+1","ReplayTheSpireMod:Strike From Hell+1","Havoc+1","Flame Barrier+1","Ghostly Armor","True Grit+1","Uppercut+1","Thunderclap+1","Life Link+1","Shrug It Off+1","Iron Wave+1","Defy Death+1","Spot Weakness+1","Eclipse+1","Dark Embrace+1","Demon Form+1","Feel No Pain+1","ReplayTheSpireMod:Muscle Training+1","Corruption+1","Feel No Pain+1","Feel No Pain+1"],"relics":["Burning Blood","replay:Trail_Library","Thread and Needle","Anchor","Toy Ornithopter","Mango","Pen Nib","Blood Vial","War Paint","Strawberry","SlaversCollar","Bottled Tornado","ReplayFunnel","Centennial Puzzle","Whetstone","Bag of Marbles","ReplayTheSpireMod:Spearhead","ReplayTheSpireMod:Ninjato","Matryoshka","Durian","Philosopher\u0027s Stone","King of Hearts","Self Forming Clay","Omamori","FossilizedHelix","Vajra","MealTicket","White Beast Statue","Mercury Hourglass","Red Mask","Singing Bowl","Old Coin","Boot","Painkiller Herb","Bag of Preparation","Regal Pillow","Akabeko","Blue Doll","Potion Belt","Ancient Tea Set","Toolbox","Golden Idol","Snecko Eye"],"acts_visited":["Exordium","TheCity","TheBeyond","Exordium","TheCity"],"potions_floor_usage":[41,44,55],"damage_taken":[{"damage":0.0,"enemies":"Cultist","floor":2.0,"turns":3.0},{"damage":0.0,"enemies":"2 Louse","floor":3.0,"turns":2.0},{"damage":0.0,"enemies":"Small Slimes","floor":5.0,"turns":4.0},{"damage":0.0,"enemies":"Replay:BlueRogue","floor":6.0,"turns":7.0},{"damage":10.0,"enemies":"Looter","floor":13.0,"turns":3.0},{"damage":3.0,"enemies":"Exordium Wildlife","floor":14.0,"turns":4.0},{"damage":80.0,"enemies":"Fading Forest","floor":16.0,"turns":13.0},{"damage":0.0,"enemies":"Shell Parasite","floor":18.0,"turns":5.0},{"damage":20.0,"enemies":"2 Thieves","floor":19.0,"turns":5.0},{"damage":30.0,"enemies":"Cultist and Chosen","floor":21.0,"turns":7.0},{"damage":2.0,"enemies":"Snake Plant","floor":27.0,"turns":3.0},{"damage":3.0,"enemies":"Centurion and Healer","floor":28.0,"turns":7.0},{"damage":11.0,"enemies":"Shelled Parasite and Fungi","floor":29.0,"turns":2.0},{"damage":0.0,"enemies":"Snecko","floor":30.0,"turns":3.0},{"damage":8.0,"enemies":"3 Cultists","floor":31.0,"turns":5.0},{"damage":0.0,"enemies":"Pondfish","floor":33.0,"turns":7.0},{"damage":3.0,"enemies":"Orb Walker","floor":35.0,"turns":3.0},{"damage":13.0,"enemies":"3 Shapes","floor":37.0,"turns":3.0},{"damage":0.0,"enemies":"Writhing Mass","floor":38.0,"turns":4.0},{"damage":23,"enemies":"Jaw Worm Horde","floor":41,"turns":4},{"damage":0,"enemies":"3 Darklings","floor":44,"turns":5},{"damage":2,"enemies":"Reptomancer","floor":46,"turns":5},{"damage":0,"enemies":"Transient","floor":47,"turns":6},{"damage":6,"enemies":"4 Shapes","floor":48,"turns":6},{"damage":0,"enemies":"Time Eater","floor":50,"turns":5},{"damage":0,"enemies":"Jaw Worm","floor":52,"turns":2},{"damage":3,"enemies":"Lagavulin Event","floor":55,"turns":4},{"damage":0,"enemies":"Cultist","floor":62,"turns":3},{"damage":0,"enemies":"Hexaghost","floor":67,"turns":3},{"damage":0,"enemies":"2 Thieves","floor":69,"turns":1}],"seed_played":"6141707139663232025","potions_obtained":[{"floor":3.0,"key":"SkillPotion"},{"floor":5.0,"key":"Adrenaline Potion"},{"floor":18.0,"key":"LiquidBronze"},{"floor":21.0,"key":"EssenceOfSteel"},{"floor":28.0,"key":"HeartOfIron"},{"floor":29.0,"key":"ElixirPotion"},{"floor":33.0,"key":"SteroidPotion"},{"floor":41,"key":"Venom Potion"},{"floor":44,"key":"AttackPotion"},{"floor":55,"key":"Dexterity Potion"},{"floor":62,"key":"Elixir"},{"floor":66,"key":"LiquidMemories"}],"is_trial":true,"path_per_floor":["?","M","M","?","M","E","R","R","T","?","$","R","M","M","R","B",null,"M","M","$","M","$","R","R","R","T","M","M","M","M","M","R","B",null,"M","$","M","M","$","R","M","R","T","M","?","E","M","M","R","B",null,"?","?","?","?","T","T","T","T","T","T","?","T","?","?","T","B",null,"?"],"character_chosen":"IRONCLAD","items_purchased":["Spot Weakness","Dark Embrace","Feel No Pain","FossilizedHelix","Akabeko","Feel No Pain","Toolbox"],"campfire_rested":0,"item_purchase_floors":[11,22,36,39,56,56,63],"current_hp_per_floor":[68,74,75,75,89,89,89,89,89,89,89,89,85,96,96,22,78,86,79,79,57,57,57,57,57,57,68,73,75,83,88,88,96,100,101,101,94,101,98,98,86,86,86,98,98,100,100,100,100,100,100,100,100,100,102,102,102,102,102,102,102,102,102,102,71,71,81,98,100,100],"gold":219,"neow_bonus":"","is_daily":false,"chose_seed":false,"campfire_upgraded":15,"win_rate":0.0,"timestamp":1610629798,"path_taken":["?","M","M","?","M","E","R","R","T","?","$","R","M","M","R","BOSS","M","M","$","M","$","R","R","R","T","M","M","M","M","M","R","BOSS","M","$","M","M","$","R","M","R","T","M","?","E","M","M","R","BOSS","?","?","?","?","T","T","T","T","T","T","?","T","?","?","T","BOSS","?"],"items_purchased_type":["Card","Card","Card","Relic","Relic","Card","Relic"],"build_version":"2020-12-22","purchased_purges":3,"victory":false,"max_hp_per_floor":[75,75,75,75,89,89,89,89,89,89,89,89,89,96,96,96,96,96,96,96,96,96,96,96,96,96,96,96,96,96,101,101,101,101,101,101,101,101,98,98,98,98,98,98,98,100,100,100,100,100,100,100,100,100,102,102,102,102,102,102,102,102,102,102,102,102,104,104,104,104],"card_choices":[{"not_picked":["Twin Strike","Anger"],"picked":"True Grit","floor":0.0},{"not_picked":["Pommel Strike","Twin Strike"],"picked":"Seeing Red","floor":0.0},{"not_picked":["Body Slam","Flex"],"picked":"Run Through","floor":0.0},{"not_picked":["Wild Strike","Heavy Blade"],"picked":"ReplayTheSpireMod:Limb From Limb","floor":0.0},{"not_picked":["Flex","Headbutt"],"picked":"ReplayTheSpireMod:Strike From Hell","floor":0.0},{"not_picked":["Warcry","Replay:Undeath\u0027s Touch"],"picked":"Havoc","floor":0.0},{"not_picked":["Flex","Iron Wave"],"picked":"Flame Barrier","floor":0.0},{"not_picked":["ReplayTheSpireMod:Limb From Limb","Warcry"],"picked":"Ghostly Armor","floor":0.0},{"not_picked":["Headbutt","Havoc"],"picked":"True Grit","floor":0.0},{"not_picked":["Dark Embrace","Flex"],"picked":"Uppercut","floor":0.0},{"not_picked":["Clash","ReplayTheSpireMod:Muscle Training"],"picked":"Thunderclap","floor":0.0},{"not_picked":["Clothesline","Armaments"],"picked":"Rupture","floor":0.0},{"not_picked":["ReplayTheSpireMod:Strike From Hell","Run Through"],"picked":"Life Link","floor":0.0},{"not_picked":["Warcry","Wild Strike"],"picked":"Shrug It Off","floor":0.0},{"not_picked":["Pummel","Battle Trance"],"picked":"Iron Wave","floor":0.0},{"not_picked":["ReplayTheSpireMod:Strike From Hell","Dropkick"],"picked":"Entrench","floor":6.0},{"not_picked":["Limit Break","Exhume"],"picked":"Eclipse","floor":16.0},{"not_picked":["Impervious","Immolate"],"picked":"Demon Form","floor":33.0},{"not_picked":["Pommel Strike","ReplayTheSpireMod:Strike From Hell","Flex"],"picked":"Singing Bowl","floor":46},{"not_picked":["Hemogenesis","Fiend Fire"],"picked":"Corruption","floor":50},{"not_picked":["Thunderclap","Havoc","Infernal Blade"],"picked":"Singing Bowl","floor":55},{"not_picked":["Brutality","Juggernaut","Corruption"],"picked":"Singing Bowl","floor":67}],"player_experience":70019,"relics_obtained":[{"floor":2.0,"key":"Anchor"},{"floor":3.0,"key":"Toy Ornithopter"},{"floor":5.0,"key":"Mango"},{"floor":6.0,"key":"Pen Nib"},{"floor":9.0,"key":"Blood Vial"},{"floor":13.0,"key":"War Paint"},{"floor":14.0,"key":"Strawberry"},{"floor":18.0,"key":"Bottled Tornado"},{"floor":19.0,"key":"ReplayFunnel"},{"floor":21.0,"key":"Centennial Puzzle"},{"floor":26.0,"key":"Whetstone"},{"floor":27.0,"key":"Bag of Marbles"},{"floor":28.0,"key":"ReplayTheSpireMod:Spearhead"},{"floor":29.0,"key":"ReplayTheSpireMod:Ninjato"},{"floor":30.0,"key":"Matryoshka"},{"floor":31.0,"key":"Durian"},{"floor":35.0,"key":"King of Hearts"},{"floor":37.0,"key":"Self Forming Clay"},{"floor":38.0,"key":"Omamori"},{"floor":41,"key":"Vajra"},{"floor":43,"key":"MealTicket"},{"floor":43,"key":"White Beast Statue"},{"floor":44,"key":"Mercury Hourglass"},{"floor":46,"key":"Singing Bowl"},{"floor":47,"key":"Old Coin"},{"floor":48,"key":"Boot"},{"floor":52,"key":"Bag of Preparation"},{"floor":55,"key":"Regal Pillow"},{"floor":60,"key":"Blue Doll"},{"floor":60,"key":"Potion Belt"},{"floor":62,"key":"Ancient Tea Set"}],"event_choices":[{"cards_removed":["Disarm"],"damage_healed":0.0,"max_hp_gain":0.0,"max_hp_loss":0.0,"gold_gain":0.0,"event_name":"The Cleric","player_choice":"Card Removal","floor":4.0,"gold_loss":75.0,"damage_taken":0.0},{"damage_healed":0.0,"max_hp_gain":0.0,"max_hp_loss":0.0,"gold_gain":0.0,"event_name":"Living Wall","player_choice":"Grow","floor":10.0,"gold_loss":0.0,"damage_taken":0.0,"cards_upgraded":["Iron Wave"]},{"damage_healed":0,"gold_gain":0,"player_choice":"Paid","damage_taken":0,"relics_obtained":["Red Mask"],"max_hp_gain":0,"max_hp_loss":0,"event_name":"Tomb of Lord Red Mask","floor":45,"gold_loss":101},{"damage_healed":0,"gold_gain":76,"player_choice":"Gained Gold","damage_taken":0,"max_hp_gain":0,"max_hp_loss":0,"event_name":"Golden Wing","floor":53,"gold_loss":0},{"damage_healed":0,"gold_gain":0,"player_choice":"Searched \u00271\u0027 times","damage_taken":0,"max_hp_gain":0,"max_hp_loss":0,"event_name":"Dead Adventurer","floor":55,"gold_loss":0},{"damage_healed":0,"gold_gain":0,"player_choice":"Take Wound","damage_taken":0,"relics_obtained":["Golden Idol"],"max_hp_gain":0,"max_hp_loss":0,"event_name":"Golden Idol","floor":64,"gold_loss":0,"cards_obtained":["Injury"]},{"damage_healed":0,"gold_gain":0,"player_choice":"Entered Light","damage_taken":31,"max_hp_gain":0,"max_hp_loss":0,"event_name":"Shining Light","floor":65,"gold_loss":0,"cards_upgraded":["Feel No Pain","Shrug It Off"]}],"is_beta":false,"boss_relics":[{"not_picked":["Kintsugi","Honey Jar"],"picked":"SlaversCollar"},{"not_picked":["Fusion Hammer","Replay:Drink Me"],"picked":"Philosopher\u0027s Stone"},{"not_picked":["Replay:Bronze Core","Busted Crown"],"picked":"Painkiller Herb"},{"not_picked":["Replay:Wanted Poster","Ring of Chaos"],"picked":"Snecko Eye"}],"items_purged_floors":[20,39,63],"is_endless":true,"potions_floor_spawned":[3,5,18,21,28,29,33,38,41,44,46,47,48,50,52,55,62,67],"killed_by":"2 Thieves","ascension_level":19}}