{"host":"a331l7x7bue2m35h","time":1610647016,"event":{"mods":["BaseMod","Lobotomy","Minty Spire (QoL Compilation)","Replay The Spire","StSLib","The Cursed"],"gold_per_floor":[113,131,81,81,81,97,117,117,117,117],"floor_reached":9,"language":"KOR","playtime":369,"items_purged":[],"score":56,"play_id":"a4f6c4e9-f85d-4fa9-9d97-38bb3da6e4bf","local_time":"20210115025656","is_ascension_mode":true,"campfire_choices":[{"data":"Hologram","floor":8,"key":"SMITH"}],"circlet_count":0,"master_deck":["Strike_B","Strike_B","Strike_B","Strike_B","Defend_B","Defend_B","Defend_B","Defend_B","Zap","Dualcast","Gash","MHz","Double Energy","Hologram+1"],"relics":["Cracked Core","CogitoBucket"],"acts_visited":["Exordium"],"potions_floor_usage":[],"damage_taken":[{"damage":0,"enemies":"Small Slimes","floor":1,"turns":3},{"damage":2,"enemies":"2 Louse","floor":2,"turns":2},{"damage":1,"enemies":"Jaw Worm","floor":6,"turns":3},{"damage":21,"enemies":"Lots of Slimes","floor":7,"turns":4},{"damage":52,"enemies":"3 Sentries","floor":9,"turns":6}],"seed_played":"-1062487243375351803","potions_obtained":[{"floor":1,"key":"Reflective Coating"}],"is_trial":false,"path_per_floor":["M","M","?","PTL","PTL","M","M","R","E"],"character_chosen":"DEFECT","items_purchased":[],"campfire_rested":0,"item_purchase_floors":[],"current_hp_per_floor":[75,73,73,73,73,72,51,51,0,0],"gold":117,"neow_bonus":"","is_daily":false,"chose_seed":false,"campfire_upgraded":1,"win_rate":0.0,"timestamp":1610647016,"path_taken":["M","M","?","PTL","PTL","M","M","R","E"],"items_purchased_type":[],"build_version":"2020-12-22","purchased_purges":0,"victory":false,"max_hp_per_floor":[75,75,75,75,75,75,75,75,75,75],"card_choices":[{"not_picked":["Glacier","Rebound","ReplayTheSpireMod:GoodbyeWorld"],"picked":"SKIP","floor":1},{"not_picked":["VoidDream","MHz"],"picked":"FairyFestival","floor":2},{"not_picked":["Stack","Beam Cell"],"picked":"Gash","floor":2},{"not_picked":["CrumblingArmor","Scorched"],"picked":"MHz","floor":6},{"not_picked":["Leap","Rainbow"],"picked":"Double Energy","floor":6},{"not_picked":["Time Bomb","ReplaySolidLightProjector"],"picked":"Hologram","floor":7}],"player_experience":162417,"relics_obtained":[],"event_choices":[{"cards_removed":["FairyFestival"],"damage_healed":0,"gold_gain":0,"player_choice":"Card Removal","damage_taken":0,"max_hp_gain":0,"max_hp_loss":0,"event_name":"The Cleric","floor":3,"gold_loss":50}],"is_beta":false,"boss_relics":[],"items_purged_floors":[],"is_endless":false,"potions_floor_spawned":[1],"killed_by":"3 Sentries","ascension_level":1}}