{"host":"uceopoba4zvqsgiy","time":1610653740,"event":{"mods":["Act Like it!","BaseMod","Better Skull","Better Third Choice","Elementarium","Evolution","GifTheSpireLib","Hermit","Humility","Infinite Spire","Jorbs\u0027s Wanderer Trilogy","Marked Mod","Minty Spire (QoL Compilation)","Potionbrewer","Replay The Spire","Robot Space Explorer","Shade Mod","Spicy Shops","StSLib","Stuff the Spire","The Blue Laboratory","The Caster","The Cursed","The Dragon Tamer","The Hierophant","The Judge","The Jungle","Wandering Minibosses"],"gold_per_floor":[109,109,109,109,126,158,158,170,170,170,170],"floor_reached":10,"language":"ENG","playtime":491,"items_purged":[],"score":118,"play_id":"838c65a1-75cd-4e44-9a03-611677453df9","local_time":"20210115061900","is_ascension_mode":true,"campfire_choices":[{"data":"Replay:Poison Smokescreen","floor":7,"key":"SMITH"}],"circlet_count":0,"master_deck":["Flying Knee","Strike_G","Strike_G","Strike_G","Strike_G","Defend_G","Defend_G","Defend_G","Defend_G","Defend_G","Survivor","Neutralize","StuffTheSpire:CuriosityCurse","Burn","StuffTheSpire:BrimstoneBlast","Replay:Poison Smokescreen+1"],"relics":["infinitespire:DarkRift","EVO:Axolotl","NeowsBlessing","infinitespire:Cubic Diamond","Toy Ornithopter","Turnip","Replay:Accelerometer"],"acts_visited":["Exordium"],"potions_floor_usage":[],"damage_taken":[{"damage":0,"enemies":"Jaw Worm","floor":1,"turns":1},{"damage":0,"enemies":"Small Slimes","floor":5,"turns":2},{"damage":0,"enemies":"Gremlin Nob","floor":6,"turns":1},{"damage":0,"enemies":"Cultist","floor":8,"turns":3},{"damage":68,"enemies":"3 Sentries","floor":10,"turns":7}],"seed_played":"2144040754801487989","potions_obtained":[{"floor":5,"key":"BlessingOfTheForge"},{"floor":8,"key":"potionbrewer:BlacksmithPotion"}],"is_trial":false,"path_per_floor":["M","?","?","?","M","E","R","M","T","E"],"character_chosen":"THE_SILENT","items_purchased":[],"campfire_rested":0,"item_purchase_floors":[],"current_hp_per_floor":[63,63,63,63,63,63,63,63,63,0,0],"gold":170,"neow_bonus":"THREE_ENEMY_KILL","is_daily":false,"chose_seed":false,"campfire_upgraded":1,"win_rate":0.0,"timestamp":1610653740,"path_taken":["M","?","?","?","M","E","R","M","T","E"],"items_purchased_type":[],"build_version":"2020-12-22","purchased_purges":0,"victory":false,"max_hp_per_floor":[70,70,70,70,70,70,70,70,70,70,70],"card_choices":[{"not_picked":["Backflip","Prepared","Dagger Throw"],"picked":"SKIP","floor":1},{"not_picked":["Hidden Blade","Flechettes"],"picked":"StuffTheSpire:BrimstoneBlast","floor":5},{"not_picked":["Skewer","Blade Dance"],"picked":"Replay:Poison Smokescreen","floor":6},{"not_picked":["PiercingWail","Underhanded Strike","Sucker Punch"],"picked":"SKIP","floor":8}],"player_experience":1680459,"relics_obtained":[{"floor":6,"key":"Turnip"},{"floor":9,"key":"Replay:Accelerometer"}],"event_choices":[{"damage_healed":63,"gold_gain":0,"player_choice":"Embrace Burn","damage_taken":0,"max_hp_gain":0,"max_hp_loss":70,"event_name":"betterThird:BetterShining","floor":4,"gold_loss":0}],"is_beta":false,"boss_relics":[],"items_purged_floors":[],"is_endless":false,"potions_floor_spawned":[5,8],"killed_by":"3 Sentries","ascension_level":6}}