{"host":"m1hsm1cztz438mir","time":1610644501,"event":{"mods":["2.2 Compatiblity","AchievementEnabler","Act Like it!","Aspiration","BaseMod","Better Altar","Better Match","Better Sensory Stone","Better Skull","Better Third Choice","Colored Map","Minty Spire (QoL Compilation)","Relic Stats","Replay The Spire","Shop Mod","StSLib","The Servant 0.9.4"],"gold_per_floor":[116,116,132,132,72,101,101,111,135,162,162,162,192,208,208,303,303,322,27,27,47,47,47,80,80,103,103,113,139,149,49,49,147,147,165,165,6,21,39,69,69,103,103,116,132,158,158,8,8,8,8,8,8,35,35],"floor_reached":56,"language":"ENG","playtime":8801,"items_purged":["Strike_S","Strike_S","Spreading Infection","Defend_S"],"score":1676,"play_id":"950c4c1d-e2f6-4c20-bbde-13d79741ed88","local_time":"20210114171500","is_ascension_mode":true,"campfire_choices":[{"data":"Inflame","floor":7,"key":"SMITH"},{"data":"InstantArmor","floor":11,"key":"SMITH"},{"data":"MoonPhase","floor":15,"key":"SMITH"},{"data":"GearUp","floor":23,"key":"SMITH"},{"data":"KidneyShot","floor":25,"key":"SMITH"},{"data":"Luminosity","floor":27,"key":"SMITH"},{"floor":32,"key":"RECALL"},{"data":"RealityMarble","floor":41,"key":"SMITH"},{"data":"Starlight","floor":49,"key":"SMITH"},{"data":"Heavy Blade","floor":52,"key":"SMITH"}],"circlet_count":0,"master_deck":["Strike_S","Strike_S","Defend_S","Defend_S","KidneyShot+1","Exchange+1","Luminosity+1","MoonPhase+1","Inflame+1","Hightail+1","RealityMarble+1","InstantArmor+1","Spot Weakness","Injury","SilverBlades+1","Heavy Blade+1","Demon Form+1","Luminosity+1","GearUp+1","StarChef+1","ReplayUltimateDefense+1","Starlight+1","Misdirection","FloweringNight+1","Moonlight+1","Ricochet","KillingDoll","Sabotage","Luminosity+1","Moonlight+1","MoonPhase+1","ForgedInTime+1"],"relics":["ReplayFunnel","m_ScarletBlood","Replay:Baseball","Boot","Blood Vial","Frozen Egg 2","Broom","Sozu","BargainBundle","Gremlin Food","Anchor","Oddly Smooth Stone","ChewingGum","ReplayTheSpireMod:Ring of Collecting","Ring of Hypnosis","aspiration:ChemicalBlood","Mango","Ring of Fangs","Letter Opener","Golden Egg"],"acts_visited":["Exordium","TheCity","TheBeyond","TheEnding"],"potions_floor_usage":[6,18,39,55],"damage_taken":[{"damage":7,"enemies":"2 Louse","floor":1,"turns":3},{"damage":5,"enemies":"Jaw Worm","floor":3,"turns":5},{"damage":13,"enemies":"3 Sentries","floor":6,"turns":11},{"damage":4,"enemies":"Small Slimes","floor":8,"turns":4},{"damage":1,"enemies":"Replay:BlueRogue","floor":10,"turns":7},{"damage":3,"enemies":"3 Sentries","floor":13,"turns":14},{"damage":0,"enemies":"2 Fungi Beasts","floor":14,"turns":5},{"damage":25,"enemies":"Fading Forest","floor":16,"turns":11},{"damage":5,"enemies":"3 Byrds","floor":18,"turns":6},{"damage":0,"enemies":"Spheric Guardian","floor":21,"turns":6},{"damage":12,"enemies":"Book of Stabbing","floor":24,"turns":8},{"damage":0,"enemies":"Snake Plant","floor":28,"turns":4},{"damage":0,"enemies":"Replay:Snechameleon","floor":29,"turns":5},{"damage":0,"enemies":"Shelled Parasite and Fungi","floor":30,"turns":5},{"damage":0,"enemies":"Champ","floor":33,"turns":8},{"damage":7,"enemies":"3 Darklings","floor":35,"turns":4},{"damage":0,"enemies":"Orb Walker","floor":38,"turns":6},{"damage":16,"enemies":"Transient","floor":39,"turns":5},{"damage":6,"enemies":"Nemesis","floor":40,"turns":5},{"damage":0,"enemies":"Giant Head","floor":42,"turns":6},{"damage":0,"enemies":"Jaw Worm Horde","floor":44,"turns":3},{"damage":15,"enemies":"4 Shapes","floor":45,"turns":5},{"damage":0,"enemies":"Nemesis","floor":46,"turns":5},{"damage":9,"enemies":"Time Eater","floor":50,"turns":7},{"damage":32,"enemies":"Shield and Spear","floor":54,"turns":5},{"damage":0,"enemies":"The Heart","floor":55,"turns":8}],"seed_played":"-4405662047580594910","potions_obtained":[{"floor":1,"key":"LiquidBronze"},{"floor":3,"key":"FearPotion"},{"floor":14,"key":"Milkshake"},{"floor":16,"key":"Fire Potion"}],"is_trial":false,"path_per_floor":["M","?","M","?","$","E","R","M","T","E","R","?","E","M","R","B",null,"M","$","?","M","?","R","E","R","T","R","M","E","M","$","R","B",null,"M","?","$","M","M","E","R","E","T","M","M","E","?","$","R","B",null,"R","$","E","B",null],"character_chosen":"THE_SERVANT","items_purchased":["Hightail+1","BargainBundle","GearUp","StarChef+1","ReplayUltimateDefense+1","Starlight","Luminosity+1"],"campfire_rested":0,"item_purchase_floors":[5,19,19,19,19,19,37],"current_hp_per_floor":[58,58,53,53,53,40,40,36,36,35,35,35,34,36,36,13,52,49,49,49,51,51,51,41,41,41,41,43,45,47,47,47,49,61,56,56,56,58,44,40,40,56,56,58,45,47,79,79,79,70,77,77,77,47,49],"gold":35,"neow_bonus":"RANDOM_COMMON_RELIC","is_daily":false,"chose_seed":false,"campfire_upgraded":9,"win_rate":0.0,"timestamp":1610644500,"path_taken":["M","?","M","?","$","E","R","M","T","E","R","?","E","M","R","BOSS","M","$","?","M","?","R","E","R","T","R","M","E","M","$","R","BOSS","M","?","$","M","M","E","R","E","T","M","M","E","?","$","R","BOSS","R","$","E","BOSS"],"items_purchased_type":["Card","Relic","Card","Card","Card","Card","Card"],"build_version":"2020-12-22","purchased_purges":4,"victory":true,"max_hp_per_floor":[65,65,65,65,65,65,65,65,65,65,65,65,65,65,65,65,65,65,65,65,65,65,65,65,65,65,65,65,65,65,65,65,65,65,65,65,65,65,65,65,65,79,79,79,79,79,79,79,79,79,79,79,79,79,79],"relic_stats":{"Blood Vial":40,"Sozu":8,"counters":[26,161],"Letter Opener":[15],"Boot":[73],"obtain_stats":[{"ReplayFunnel":0,"Gremlin Food":24,"Golden Egg":54,"BargainBundle":19,"Ring of Hypnosis":36,"Oddly Smooth Stone":29,"Mango":42,"Uniform":0,"Broom":13,"Letter Opener":46,"Frozen Egg 2":12,"Boot":9,"Blood Vial":10,"Sozu":17,"m_ScarletBlood":4,"Replay:Baseball":6,"Anchor":26,"Ring of Fangs":43,"ReplayTheSpireMod:Ring of Collecting":36,"ChewingGum":34,"aspiration:ChemicalBlood":40},{"ReplayFunnel":0,"Gremlin Food":11,"Golden Egg":25,"BargainBundle":9,"Ring of Hypnosis":16,"Oddly Smooth Stone":13,"Mango":20,"Uniform":0,"Broom":6,"Letter Opener":23,"Frozen Egg 2":5,"Boot":4,"Blood Vial":5,"Sozu":8,"m_ScarletBlood":2,"Replay:Baseball":3,"Anchor":11,"Ring of Fangs":20,"ReplayTheSpireMod:Ring of Collecting":16,"ChewingGum":15,"aspiration:ChemicalBlood":19},{"ReplayFunnel":0,"Gremlin Food":80,"Golden Egg":153,"BargainBundle":66,"Ring of Hypnosis":106,"Oddly Smooth Stone":89,"Mango":128,"Uniform":0,"Broom":44,"Letter Opener":141,"Frozen Egg 2":30,"Boot":23,"Blood Vial":30,"Sozu":60,"m_ScarletBlood":8,"Replay:Baseball":19,"Anchor":80,"Ring of Fangs":128,"ReplayTheSpireMod:Ring of Collecting":106,"ChewingGum":102,"aspiration:ChemicalBlood":122}]},"card_choices":[{"not_picked":["TimeTheft","Foresight"],"picked":"Luminosity","floor":1},{"not_picked":["Deadline","Read"],"picked":"MoonPhase","floor":3},{"not_picked":["FastForward","Read"],"picked":"RealityMarble","floor":6},{"not_picked":["Replace","Ricochet"],"picked":"InstantArmor","floor":8},{"not_picked":["Spin","Unruled"],"picked":"Spot Weakness","floor":10},{"not_picked":["InstantArmor","Deadline"],"picked":"SilverBlades+1","floor":13},{"not_picked":["Revamp","Spin"],"picked":"Heavy Blade","floor":14},{"not_picked":["Deny","SilverMatrix+1"],"picked":"Demon Form+1","floor":16},{"not_picked":["Starlight+1","Alleviate"],"picked":"Luminosity+1","floor":18},{"not_picked":["Spin","Rearm"],"picked":"Misdirection","floor":21},{"not_picked":["Unruled","ShatteredReality"],"picked":"FloweringNight+1","floor":24},{"not_picked":["Rearm","BottledTime"],"picked":"Moonlight+1","floor":28},{"not_picked":["BottledTime+1","Revamp"],"picked":"Ricochet","floor":29},{"not_picked":["Spin+1","DoubleEdge","Replace"],"picked":"SKIP","floor":30},{"not_picked":["TheWorld","SilverMatrix+1"],"picked":"KillingDoll","floor":33},{"not_picked":["Defy","TimeWarp+1"],"picked":"Sabotage","floor":35},{"not_picked":["BottledTime+1","DancingSilver+1","DoubleEdge+1"],"picked":"SKIP","floor":38},{"not_picked":["Spin","Revamp","Unruled+1"],"picked":"SKIP","floor":39},{"not_picked":["TimeWarp+1","Defy+1"],"picked":"Moonlight+1","floor":40},{"not_picked":["Sunlight","Misdirection+1","Rewind"],"picked":"SKIP","floor":42},{"not_picked":["Rewind+1","Unruled","BottledTime"],"picked":"SKIP","floor":44},{"not_picked":["Rewind+1","Misdirection+1","Ricochet+1"],"picked":"SKIP","floor":45},{"not_picked":["Rewind","Defy+1"],"picked":"MoonPhase+1","floor":46},{"not_picked":["BottledTime+1","Foresight+1"],"picked":"ForgedInTime","floor":54}],"player_experience":351899,"relics_obtained":[{"floor":6,"key":"Replay:Baseball"},{"floor":9,"key":"Boot"},{"floor":10,"key":"Blood Vial"},{"floor":13,"key":"Broom"},{"floor":24,"key":"Gremlin Food"},{"floor":26,"key":"Anchor"},{"floor":29,"key":"Oddly Smooth Stone"},{"floor":36,"key":"ReplayTheSpireMod:Ring of Collecting"},{"floor":36,"key":"Ring of Hypnosis"},{"floor":40,"key":"aspiration:ChemicalBlood"},{"floor":42,"key":"Mango"},{"floor":43,"key":"Ring of Fangs"},{"floor":46,"key":"Letter Opener"},{"floor":54,"key":"Golden Egg"}],"event_choices":[{"cards_removed":["Defend_S"],"damage_healed":0,"gold_gain":0,"player_choice":"Elegance","damage_taken":0,"max_hp_gain":0,"max_hp_loss":0,"event_name":"betterThird:BetterWriting","floor":22,"gold_loss":0},{"damage_healed":32,"gold_gain":0,"player_choice":"Full Heal","damage_taken":0,"max_hp_gain":0,"max_hp_loss":0,"event_name":"Wheel of Change","floor":47,"gold_loss":0}],"is_beta":false,"boss_relics":[{"not_picked":["aspiration:SilentSkillbook","Fusion Hammer"],"picked":"Sozu"},{"not_picked":["Kintsugi","aspiration:RitualDagger"],"picked":"ChewingGum"}],"items_purged_floors":[19,31,37,48],"is_endless":false,"potions_floor_spawned":[1,3,14,16,29,30,33,40,42,45,46,54],"ascension_level":5}}