{"host":"4kqumtn9vzgpomuw","time":1610668244,"event":{"mods":["AchievementEnabler","BaseMod","Colored Map","Minty Spire (QoL Compilation)","StSLib"],"gold_per_floor":[116,44,44,44,119,119,130,144,168,15,15,30,30,47,47,47,47],"floor_reached":16,"language":"KOR","playtime":984,"items_purged":["Regret"],"score":90,"play_id":"083f6a39-da00-4d93-a8db-e18489e39ad7","local_time":"20210115085044","is_ascension_mode":false,"campfire_choices":[{"data":"Chill","floor":6,"key":"SMITH"},{"data":"Coolheaded","floor":15,"key":"SMITH"}],"circlet_count":0,"master_deck":["Strike_B","Strike_B","Strike_B","Defend_B","Defend_B","Defend_B","Defend_B","Zap","Dualcast+1","Glacier","Chill+1","Ball Lightning","Barrage","Leap","Iron Wave","Coolheaded+1"],"relics":["Cracked Core","NeowsBlessing","Toy Ornithopter","Mummified Hand","Boot"],"acts_visited":["Exordium"],"potions_floor_usage":[12,16],"damage_taken":[{"damage":0,"enemies":"Jaw Worm","floor":1,"turns":1},{"damage":0,"enemies":"Small Slimes","floor":7,"turns":2},{"damage":0,"enemies":"Cultist","floor":8,"turns":1},{"damage":1,"enemies":"Exordium Wildlife","floor":12,"turns":4},{"damage":0,"enemies":"Looter","floor":14,"turns":3},{"damage":57,"enemies":"Hexaghost","floor":16,"turns":16}],"seed_played":"3576153890809164624","potions_obtained":[{"floor":1,"key":"Dexterity Potion"},{"floor":8,"key":"GamblersBrew"},{"floor":14,"key":"AttackPotion"}],"is_trial":false,"path_per_floor":["M","$","?","?","?","R","M","M","T","$","?","M","?","M","R","B"],"character_chosen":"DEFECT","items_purchased":["Chill","PotionOfCapacity"],"campfire_rested":0,"item_purchase_floors":[2,10],"current_hp_per_floor":[75,75,57,57,46,46,46,46,46,46,46,50,50,50,50,0,0],"gold":47,"neow_bonus":"THREE_ENEMY_KILL","is_daily":false,"chose_seed":false,"campfire_upgraded":2,"win_rate":0.0,"timestamp":1610668244,"path_taken":["M","$","?","?","?","R","?","?","T","$","?","M","?","M","R","BOSS"],"items_purchased_type":["Card","Potion"],"build_version":"2020-12-22","purchased_purges":1,"victory":false,"max_hp_per_floor":[75,75,75,75,75,75,75,75,75,75,75,75,75,75,75,75,75],"card_choices":[{"not_picked":["Reinforced Body","Coolheaded"],"picked":"Glacier","floor":1},{"not_picked":["Beam Cell","Sweeping Beam"],"picked":"Ball Lightning","floor":7},{"not_picked":["Compile Driver","Gash"],"picked":"Barrage","floor":8},{"not_picked":["Force Field","Consume"],"picked":"Leap","floor":12},{"not_picked":["Hologram","Darkness"],"picked":"Coolheaded","floor":14}],"player_experience":3076,"relics_obtained":[{"floor":9,"key":"Boot"}],"event_choices":[{"damage_healed":0,"gold_gain":0,"player_choice":"Success","damage_taken":18,"relics_obtained":["Toy Ornithopter"],"max_hp_gain":0,"max_hp_loss":0,"event_name":"Scrap Ooze","floor":3,"gold_loss":0},{"damage_healed":0,"gold_gain":0,"player_choice":"Box","damage_taken":0,"relics_obtained":["Mummified Hand"],"max_hp_gain":0,"max_hp_loss":0,"event_name":"Big Fish","floor":4,"gold_loss":0,"cards_obtained":["Regret"]},{"damage_healed":0,"gold_gain":75,"player_choice":"Gather Gold","damage_taken":11,"max_hp_gain":0,"max_hp_loss":0,"event_name":"World of Goop","floor":5,"gold_loss":0},{"damage_healed":0,"gold_gain":0,"player_choice":"Grow","damage_taken":0,"max_hp_gain":0,"max_hp_loss":0,"event_name":"Living Wall","floor":11,"gold_loss":0,"cards_upgraded":["Dualcast"]},{"cards_removed":["Strike_B"],"damage_healed":0,"gold_gain":0,"player_choice":"Took Card","damage_taken":0,"max_hp_gain":0,"max_hp_loss":0,"event_name":"NoteForYourself","floor":13,"gold_loss":0,"cards_obtained":["Iron Wave"]}],"is_beta":false,"boss_relics":[],"items_purged_floors":[10],"is_endless":false,"potions_floor_spawned":[1,8,14],"killed_by":"Hexaghost","ascension_level":0}}