{"host":"ufl0k2so27eic2iy","time":1610632592,"event":{"mods":["BaseMod","Minty Spire (QoL Compilation)","StSLib","The Animator"],"gold_per_floor":[129,129,145,12,29,58,75,75,75,93,127,140,140,156,156,242,242,242,242,197,197,3,3,3,0,0,0,0,0,0,0,0,0,0,0,0,0,0,0,0,0,0,0,0,0,0,0,0,0,0,0,0,0,0,0],"floor_reached":54,"language":"ENG","playtime":3347,"items_purged":[],"score":1338,"play_id":"97ea937d-8319-4afd-bf86-feaf45e252ed","local_time":"20210114135632","is_ascension_mode":true,"campfire_choices":[{"data":"animator:Shigure","floor":8.0,"key":"SMITH"},{"floor":13.0,"key":"REST"},{"data":"animator:Kuroyukihime","floor":15.0,"key":"SMITH"},{"data":"animator:Guren","floor":29,"key":"SMITH"},{"floor":32,"key":"REST"},{"floor":40,"key":"REST"},{"floor":45,"key":"RECALL"},{"floor":49,"key":"REST"},{"floor":52,"key":"REST"}],"circlet_count":0,"master_deck":["AscendersBane","animator:Strike_OwariNoSeraph","animator:Defend_OwariNoSeraph","animator:Strike","animator:Defend","animator:Defend","animator:Defend","animator:Shinoa","animator:Mikaela","animator:Kuroyukihime+1","animator:Shigure+1","animator:IrohaTamaki","animator:Chaa","animator:Chung","animator:SuzuneAmano","animator:SayakaMiki","animator:Priestess","animator:HiiragiShinya","animator:Shigure","animator:Guren+1","animator:Ara+1","animator:Rena","animator:JunSakurada+8","animator:HiiragiShinya","animator:DwarfShaman","animator:GoblinSlayer","animator:MasamiIwasawa+1","animator:Noda","animator:Spearman","animator:HomuraAkemi","CurseOfTheBell","animator:HiiragiShinya","animator:HigakiRinne","animator:Spearman","animator:Mitsuba+1","animator:FeridBathory","animator:MeguKakizaki"],"relics":["animator:LivingPicture","animator:TheMissingPiece","Red Skull","Ornamental Fan","Anchor","Ectoplasm","Lee\u0027s Waffle","The Courier","Lantern","Old Coin","Calling Bell","Tiny Chest","Sundial","TungstenRod","White Beast Statue","Darkstone Periapt","HornCleat"],"acts_visited":["Exordium","TheCity","TheBeyond","TheEnding"],"potions_floor_usage":[31,42,48],"damage_taken":[{"damage":0.0,"enemies":"Small Slimes","floor":1.0,"turns":3.0},{"damage":0.0,"enemies":"2 Louse","floor":3.0,"turns":2.0},{"damage":1.0,"enemies":"Jaw Worm","floor":5.0,"turns":4.0},{"damage":12.0,"enemies":"3 Sentries","floor":6.0,"turns":13.0},{"damage":14.0,"enemies":"3 Louse","floor":7.0,"turns":3.0},{"damage":0.0,"enemies":"Lots of Slimes","floor":10.0,"turns":1.0},{"damage":9.0,"enemies":"Gremlin Nob","floor":11.0,"turns":4.0},{"damage":4.0,"enemies":"Red Slaver","floor":12.0,"turns":5.0},{"damage":1.0,"enemies":"Exordium Thugs","floor":14.0,"turns":6.0},{"damage":11.0,"enemies":"The Guardian","floor":16.0,"turns":13.0},{"damage":0.0,"enemies":"Shell Parasite","floor":18.0,"turns":5.0},{"damage":4.0,"enemies":"2 Thieves","floor":20.0,"turns":4.0},{"damage":7.0,"enemies":"3 Cultists","floor":21.0,"turns":7.0},{"damage":35.0,"enemies":"animator:HornedBat","floor":23.0,"turns":9.0},{"damage":0.0,"enemies":"Chosen and Byrds","floor":24.0,"turns":4.0},{"damage":0.0,"enemies":"Cultist and Chosen","floor":27.0,"turns":5.0},{"damage":0.0,"enemies":"Snecko","floor":28.0,"turns":4.0},{"damage":0,"enemies":"Snake Plant","floor":30,"turns":3},{"damage":0,"enemies":"Gremlin Leader","floor":31,"turns":5},{"damage":33,"enemies":"Automaton","floor":33,"turns":10},{"damage":19,"enemies":"3 Darklings","floor":35,"turns":7},{"damage":0,"enemies":"Orb Walker","floor":39,"turns":3},{"damage":0,"enemies":"Spire Growth","floor":41,"turns":5},{"damage":11,"enemies":"Giant Head","floor":42,"turns":8},{"damage":4,"enemies":"Maw","floor":44,"turns":9},{"damage":12,"enemies":"Transient","floor":47,"turns":5},{"damage":7,"enemies":"Spire Growth","floor":48,"turns":5},{"damage":29,"enemies":"Awakened One","floor":50,"turns":13},{"damage":107,"enemies":"Shield and Spear","floor":54,"turns":6}],"seed_played":"9195177587683735351","potions_obtained":[{"floor":1.0,"key":"Block Potion"},{"floor":6.0,"key":"AttackPotion"},{"floor":12.0,"key":"Block Potion"},{"floor":14.0,"key":"Energy Potion"},{"floor":18.0,"key":"Block Potion"},{"floor":20.0,"key":"SkillPotion"},{"floor":23.0,"key":"Strength Potion"},{"floor":24.0,"key":"Swift Potion"},{"floor":33,"key":"DuplicationPotion"},{"floor":39,"key":"animator:GrowthPotion"},{"floor":41,"key":"Block Potion"},{"floor":42,"key":"SneckoOil"},{"floor":44,"key":"Strength Potion"},{"floor":47,"key":"SkillPotion"},{"floor":48,"key":"SpeedPotion"}],"is_trial":false,"path_per_floor":["M","?","M","$","M","E","M","R","T","M","E","M","R","M","R","B",null,"M","?","M","M","$","E","M","?","T","M","M","R","M","E","R","B",null,"M","?","$","?","M","R","M","E","T","M","R","T","M","M","R","B",null,"R","$","E"],"character_chosen":"THE_ANIMATOR","items_purchased":["animator:Chaa","animator:Chung","Lee\u0027s Waffle","Block Potion"],"campfire_rested":5,"item_purchase_floors":[4,4,22,22],"current_hp_per_floor":[54,54,54,54,53,41,27,27,27,27,19,15,33,32,32,21,51,51,51,49,42,70,35,35,35,35,35,35,35,35,35,56,23,58,39,29,29,29,29,50,50,40,40,36,36,36,24,17,38,15,57,71,71,0,0],"gold":0,"neow_bonus":"RANDOM_COLORLESS","is_daily":false,"chose_seed":true,"campfire_upgraded":3,"win_rate":0.0,"timestamp":1610632592,"path_taken":["M","?","M","$","M","E","M","R","T","M","E","M","R","M","R","BOSS","M","?","M","M","$","E","M","?","T","M","M","R","M","E","R","BOSS","M","?","$","?","M","R","M","E","T","?","R","?","M","M","R","BOSS","R","$","E"],"items_purchased_type":["Card","Card","Relic","Potion"],"build_version":"2020-12-22","purchased_purges":0,"victory":false,"max_hp_per_floor":[60,60,60,60,60,60,60,60,60,60,61,61,61,61,61,61,61,61,61,63,63,70,70,70,70,70,70,70,70,70,70,70,70,70,70,70,70,70,70,70,70,71,71,71,71,71,71,71,71,71,71,71,71,71,71],"card_choices":[{"not_picked":["animator:Urushihara","animator:MisakiNakahara"],"picked":"animator:Kuroyukihime","floor":0.0},{"not_picked":["animator:Yusa","animator:HidekiHinata"],"picked":"animator:Shigure","floor":1.0},{"not_picked":["animator:SwordMaiden","animator:YuzuruOtonashi"],"picked":"animator:IrohaTamaki","floor":3.0},{"not_picked":["animator:Hinaichigo","animator:Rena"],"picked":"animator:SuzuneAmano","floor":5.0},{"not_picked":["animator:IrohaTamaki","animator:SuzuneAmano"],"picked":"animator:SayakaMiki","floor":6.0},{"not_picked":["animator:Add","animator:MasamiIwasawa"],"picked":"animator:Priestess","floor":7.0},{"not_picked":["animator:MamiTomoe","animator:Cocytus","animator:AyatoNaoi"],"picked":"SKIP","floor":10.0},{"not_picked":["animator:Mikaela","animator:Spearman"],"picked":"animator:HiiragiShinya","floor":11.0},{"not_picked":["animator:Mikaela","animator:Shinoa"],"picked":"animator:Shigure","floor":12.0},{"not_picked":["animator:Souseiseki","animator:YachiyoNanami","animator:Elsword"],"picked":"SKIP","floor":14.0},{"not_picked":["animator:YuriNakamura","animator:Enju"],"picked":"animator:Guren","floor":16.0},{"not_picked":["animator:Add","animator:Priestess"],"picked":"animator:Ara+1","floor":18.0},{"not_picked":["animator:PandorasActor","animator:MasamiIwasawa+1"],"picked":"animator:HiiragiShinya","floor":20.0},{"not_picked":["animator:Priestess","animator:Witch"],"picked":"animator:DwarfShaman","floor":21.0},{"not_picked":["animator:YachiyoNanami","animator:Evileye"],"picked":"animator:GoblinSlayer","floor":23.0},{"not_picked":["animator:Demiurge","animator:Witch+1"],"picked":"animator:MasamiIwasawa+1","floor":24.0},{"not_picked":["animator:Yusa","animator:Sebas"],"picked":"animator:Noda","floor":27.0},{"not_picked":["animator:SayakaMiki","animator:Spearman","animator:AyatoNaoi"],"picked":"SKIP","floor":30},{"not_picked":["animator:Spearman","animator:MamiTomoe","animator:GoblinSlayer"],"picked":"SKIP","floor":31},{"not_picked":["animator:MamiTomoe","animator:GoblinSlayer"],"picked":"animator:Spearman","floor":31},{"not_picked":["animator:Elesis","animator:Albedo"],"picked":"animator:HomuraAkemi","floor":33},{"not_picked":["animator:Suiseiseki","animator:Ciel"],"picked":"animator:HiiragiShinya","floor":35},{"not_picked":["animator:LizardPriest","animator:CowGirl"],"picked":"animator:Spearman","floor":39},{"not_picked":["animator:Suiseiseki+1","animator:Ara","animator:Add"],"picked":"SKIP","floor":41},{"not_picked":["animator:CowGirl","animator:PandorasActor"],"picked":"animator:Mitsuba+1","floor":42},{"not_picked":["animator:Suiseiseki","animator:IrohaTamaki","animator:Yoichi"],"picked":"SKIP","floor":44},{"not_picked":["animator:Suiseiseki","animator:IrohaTamaki","animator:Yoichi"],"picked":"SKIP","floor":44},{"not_picked":["animator:Mikaela","animator:Shinoa"],"picked":"animator:FeridBathory","floor":47},{"not_picked":["animator:Hinaichigo","animator:Aisha+1"],"picked":"animator:MeguKakizaki","floor":48}],"player_experience":2445619,"relics_obtained":[{"floor":6.0,"key":"Red Skull"},{"floor":9.0,"key":"Ornamental Fan"},{"floor":11.0,"key":"Anchor"},{"floor":23.0,"key":"The Courier"},{"floor":26.0,"key":"Lantern"},{"floor":31,"key":"Old Coin"},{"floor":34,"key":"Tiny Chest"},{"floor":34,"key":"Sundial"},{"floor":34,"key":"TungstenRod"},{"floor":42,"key":"Darkstone Periapt"},{"floor":46,"key":"HornCleat"}],"event_choices":[{"damage_healed":0.0,"max_hp_gain":0.0,"max_hp_loss":0.0,"gold_gain":0.0,"event_name":"Shining Light","player_choice":"Ignored","floor":2.0,"gold_loss":0.0,"damage_taken":0.0},{"damage_healed":0.0,"max_hp_gain":0.0,"max_hp_loss":0.0,"gold_gain":0.0,"cards_transformed":["animator:Strike","animator:Strike"],"event_name":"Drug Dealer","player_choice":"Became Test Subject","floor":19.0,"gold_loss":0.0,"damage_taken":0.0,"cards_obtained":["animator:Rena","animator:JunSakurada"]},{"damage_healed":0.0,"max_hp_gain":0.0,"max_hp_loss":0.0,"gold_gain":0.0,"event_name":"Masked Bandits","player_choice":"Paid Fearfully","floor":25.0,"gold_loss":3.0,"damage_taken":0.0},{"damage_healed":0,"gold_gain":0,"player_choice":"Embrace Madness","damage_taken":11,"max_hp_gain":0,"max_hp_loss":0,"event_name":"Winding Halls","floor":36,"gold_loss":0,"cards_obtained":["animator:HigakiRinne"]},{"damage_healed":0,"gold_gain":0,"player_choice":"Gave Potion","damage_taken":0,"relics_obtained":["White Beast Statue"],"max_hp_gain":0,"max_hp_loss":0,"event_name":"WeMeetAgain","floor":38,"gold_loss":0}],"is_beta":false,"boss_relics":[{"not_picked":["Runic Dome","Coffee Dripper"],"picked":"Ectoplasm"},{"not_picked":["Cursed Key","Mark of Pain"],"picked":"Calling Bell"}],"items_purged_floors":[],"is_endless":false,"potions_floor_spawned":[1,6,12,14,18,20,23,24,33,39,41,42,44,47,48],"killed_by":"Shield and Spear","ascension_level":15}}