{"host":"isy2gwbfe91wqj1j","time":1610592890,"event":{"mods":["AchievementEnabler","BaseMod","Better Altar","Better Match","Better Note","Better Sensory Stone","Better Skull","Better Third Choice","BetterRewards","Minty Spire (QoL Compilation)","StSLib"],"gold_per_floor":[112,12,28,28,39,39,39,53,130,142,154,164,164,194,194,293,293,203,215,90,102,102],"floor_reached":21,"language":"ENG","playtime":1011,"items_purged":["Strike_B","Strike_B","Strike_B"],"score":173,"play_id":"f4c494ea-0eb7-4d5b-8de5-76e4065c88b2","local_time":"20210113195450","is_ascension_mode":false,"campfire_choices":[{"data":"Defragment","floor":6,"key":"SMITH"},{"floor":13,"key":"REST"},{"data":"Coolheaded","floor":15,"key":"SMITH"}],"circlet_count":0,"master_deck":["Defend_B","Defend_B","Defend_B","Defend_B","Zap","Dualcast","Coolheaded+1","Glacier","Coolheaded","Core Surge","Defragment+1","Coolheaded","Echo Form","White Noise"],"relics":["FrozenCore","Dead Branch","Bronze Scales","Du-Vu Doll","Kunai","Odd Mushroom"],"acts_visited":["Exordium","TheCity"],"potions_floor_usage":[16],"damage_taken":[{"damage":8,"enemies":"Small Slimes","floor":1,"turns":3},{"damage":3,"enemies":"Cultist","floor":3,"turns":5},{"damage":1,"enemies":"Jaw Worm","floor":5,"turns":4},{"damage":0,"enemies":"Looter","floor":8,"turns":4},{"damage":0,"enemies":"Large Slime","floor":10,"turns":5},{"damage":0,"enemies":"Blue Slaver","floor":11,"turns":5},{"damage":9,"enemies":"Lots of Slimes","floor":12,"turns":4},{"damage":4,"enemies":"The Mushroom Lair","floor":14,"turns":5},{"damage":25,"enemies":"Hexaghost","floor":16,"turns":15},{"damage":14,"enemies":"2 Thieves","floor":18,"turns":5},{"damage":8,"enemies":"Spheric Guardian","floor":19,"turns":5},{"damage":9,"enemies":"Snake Plant","floor":21,"turns":6}],"seed_played":"6204817878189685008","potions_obtained":[{"floor":1,"key":"Block Potion"},{"floor":3,"key":"LiquidMemories"},{"floor":11,"key":"Strength Potion"},{"floor":16,"key":"Regen Potion"},{"floor":21,"key":"Swift Potion"}],"is_trial":false,"path_per_floor":["M","$","M","?","M","R","$","M","T","M","M","M","R","?","R","B",null,"M","M","$","M"],"character_chosen":"DEFECT","items_purchased":["Bronze Scales","Coolheaded"],"campfire_rested":1,"item_purchase_floors":[0,0],"current_hp_per_floor":[67,67,64,64,63,63,63,63,63,63,63,54,75,71,71,46,75,61,53,53,44,44],"gold":102,"neow_bonus":"","is_daily":false,"chose_seed":false,"campfire_upgraded":2,"win_rate":0.0,"timestamp":1610592890,"path_taken":["M","$","M","?","?","R","?","M","T","M","?","M","R","?","R","BOSS","M","M","$","M"],"items_purchased_type":["Relic","Card"],"build_version":"2020-12-22","purchased_purges":3,"victory":false,"max_hp_per_floor":[75,75,75,75,75,75,75,75,75,75,75,75,75,75,75,75,75,75,75,75,75,75],"card_choices":[{"not_picked":["Redo","Leap"],"picked":"Glacier","floor":1},{"not_picked":["Gash","Steam"],"picked":"Coolheaded","floor":3},{"not_picked":["Compile Driver","Reprogram"],"picked":"Defragment","floor":5},{"not_picked":["Gash","Compile Driver","Ball Lightning"],"picked":"SKIP","floor":8},{"not_picked":["Conserve Battery","Leap"],"picked":"Coolheaded","floor":10},{"not_picked":["Multi-Cast","Go for the Eyes","Melter"],"picked":"SKIP","floor":11},{"not_picked":["Conserve Battery","Coolheaded","Sweeping Beam"],"picked":"SKIP","floor":12},{"not_picked":["Rainbow","All For One"],"picked":"Echo Form","floor":16},{"not_picked":["Steam Power","Compile Driver+1"],"picked":"White Noise","floor":18},{"not_picked":["Compile Driver","Steam","Coolheaded"],"picked":"SKIP","floor":19},{"not_picked":["Rebound","Turbo","Steam"],"picked":"SKIP","floor":21}],"player_experience":162589,"relics_obtained":[{"floor":9,"key":"Kunai"},{"floor":14,"key":"Odd Mushroom"}],"event_choices":[{"damage_healed":0,"gold_gain":0,"cards_transformed":["Strike_B"],"player_choice":"Transformed","damage_taken":0,"max_hp_gain":0,"max_hp_loss":0,"event_name":"Transmorgrifier","floor":4,"gold_loss":0,"cards_obtained":["Core Surge"]},{"damage_healed":0,"gold_gain":0,"player_choice":"Fought Mushrooms","damage_taken":0,"max_hp_gain":0,"max_hp_loss":0,"event_name":"Mushrooms","floor":14,"gold_loss":0}],"is_beta":false,"boss_relics":[{"not_picked":["Nuclear Battery","Cursed Key"],"picked":"FrozenCore"}],"items_purged_floors":[0,2,20],"is_endless":false,"potions_floor_spawned":[1,3,11,16,21],"killed_by":"Snake Plant","ascension_level":0}}