{"host":"ci7cmvrwpmzqnw7e","time":1610668240,"event":{"mods":["BaseMod","BetterRewards","Colored Map","Downfall","GungeonMod","Highlight Path","Hubris","Infinite Spire","Minty Spire (QoL Compilation)","Random Character Button","Rare Cards Sparkle","Replay The Spire","Shop Mod","StSLib"],"gold_per_floor":[99,99,99,99,45,45,45,45,45,59,44,44,63,77,2,36,51,51,51,51],"floor_reached":18,"language":"ENG","playtime":612,"items_purged":[],"score":113,"play_id":"df42cb28-17a8-45a2-b0c6-9ea59df2bb5d","local_time":"20210114165040","is_ascension_mode":true,"campfire_choices":[{"floor":1,"key":"RECALL"},{"data":"Slimebound:SplitSpecialist","floor":12,"key":"SMITH"},{"data":"Slimebound:LeadByExample","floor":15,"key":"SMITH"}],"circlet_count":0,"master_deck":["Slimebound:Strike_Slimebound","Slimebound:Strike_Slimebound","Slimebound:Tackle","Slimebound:Defend_Slimebound","Slimebound:Defend_Slimebound","Slimebound:Defend_Slimebound","Slimebound:Defend_Slimebound","Slimebound:Split","Slimebound:CorrosiveSpit","Slimebound:SplitSpecialist+1","Slimebound:DivideAndConquer","Slimebound:SplitMire","Slimebound:LeadByExample+1","Slimebound:ServeAndProtect","Slimebound:SplitLeeching","Slimebound:PressTheAttack","Slimebound:SlimeBarrage"],"relics":["Slimebound:AbsorbEndCombat","downfall:HeartsMalice","hubris:Icosahedron","DemoMod:ChaffGrenade","downfall:HeartBlessingRed","hubris:DeckOfHolding"],"acts_visited":["Exordium"],"potions_floor_usage":[16,18,18],"damage_taken":[{"damage":0,"enemies":"Cultist","floor":2,"turns":1},{"damage":0,"enemies":"downfall:FleeingMerchant","floor":5,"turns":1},{"damage":0,"enemies":"2 Louse","floor":6,"turns":1},{"damage":19,"enemies":"Small Slimes","floor":10,"turns":4},{"damage":21,"enemies":"downfall:FleeingMerchant","floor":11,"turns":4},{"damage":12,"enemies":"Exordium Wildlife","floor":13,"turns":4},{"damage":12,"enemies":"Large Slime","floor":14,"turns":3},{"damage":10,"enemies":"Gremlin Nob","floor":16,"turns":4},{"damage":19,"enemies":"3 Louse","floor":17,"turns":3},{"damage":75,"enemies":"downfall:Defect","floor":18,"turns":5}],"seed_played":"2340866841708321120","potions_obtained":[{"floor":10,"key":"Strength Potion"},{"floor":13,"key":"ColorlessPotion"},{"floor":17,"key":"sneckomod:MuddlingPotion"}],"is_trial":false,"path_per_floor":["R","M","PTL","PTL","$","M","?","?","T","M","$","R","M","M","R","E","M","B"],"character_chosen":"SLIMEBOUND","items_purchased":["Slimebound:SplitMire"],"campfire_rested":0,"item_purchase_floors":[5],"current_hp_per_floor":[60,60,60,60,60,60,60,60,60,57,60,60,60,60,60,60,53,0,0,0],"gold":51,"neow_bonus":"THREE_ENEMY_KILL","is_daily":false,"chose_seed":false,"campfire_upgraded":2,"win_rate":0.0,"timestamp":1610668240,"path_taken":["R","M","PTL","PTL","?","M","?","?","T","?","$","R","M","M","R","E","M","BOSS"],"items_purchased_type":["Card"],"build_version":"2020-12-22","purchased_purges":0,"victory":false,"max_hp_per_floor":[60,60,60,60,60,60,60,60,60,60,60,60,60,60,60,60,60,60,60,60],"card_choices":[{"not_picked":["Slimebound:MegaLick","Slimebound:FirmFortitude"],"picked":"Slimebound:SplitSpecialist","floor":2},{"not_picked":["Slimebound:RejuvenatingLick","Slimebound:FormOfPuddle"],"picked":"Slimebound:DivideAndConquer","floor":5},{"not_picked":["Slimebound:DisruptingSlam","Slimebound:Nibble"],"picked":"Slimebound:LeadByExample","floor":6},{"not_picked":["Slimebound:Replication","Slimebound:ProtectTheBoss"],"picked":"Slimebound:ServeAndProtect","floor":10},{"not_picked":["Slimebound:SlimeTap","Slimebound:FinishingTackle","Slimebound:RollThrough"],"picked":"SKIP","floor":11},{"not_picked":["Slimebound:Schlurp","Slimebound:GoopTackle","Slimebound:SlimeSpikes"],"picked":"SKIP","floor":13},{"not_picked":["Slimebound:SlimeSpikes","Slimebound:SplitAcid"],"picked":"Slimebound:SplitLeeching","floor":14},{"not_picked":["Slimebound:FirmFortitude","Slimebound:SplitBruiser"],"picked":"Slimebound:PressTheAttack","floor":16},{"not_picked":["Slimebound:Schlurp","Slimebound:SplitAcid"],"picked":"Slimebound:SlimeBarrage","floor":17}],"player_experience":71409,"relics_obtained":[{"floor":9,"key":"DemoMod:ChaffGrenade"},{"floor":16,"key":"hubris:DeckOfHolding"}],"event_choices":[{"cards_removed":["Slimebound:Strike_Slimebound"],"damage_healed":0,"gold_gain":0,"player_choice":"Card Removal","damage_taken":0,"max_hp_gain":0,"max_hp_loss":0,"event_name":"The Cleric","floor":7,"gold_loss":0}],"is_beta":false,"boss_relics":[],"items_purged_floors":[],"is_endless":false,"potions_floor_spawned":[10,13,17],"killed_by":"downfall:Defect","ascension_level":1}}