{"host":"ockkdcgl3b18tfz9","time":1610641510,"event":{"mods":["2.2 Compatiblity","BaseMod","Better Skull","Better Third Choice","BetterRewards","Hermit","Minty Spire (QoL Compilation)","Quick Restart","Replay The Spire","Spicy Shops","StSLib","SuperFastMode","The Jungle"],"gold_per_floor":[113,53,64,82,100,100,110,140,140,26,26,42,11,11,38,38,38,137,137,147,166,166,166,286,286,305,215,215,215,231,246,259,293,293,392,392,409,421,442,263,274,274,299,107,107,42,42,42,42,55,55,55,55,55,55,30,62,62],"floor_reached":59,"language":"ENG","playtime":1369,"items_purged":["hermit:ImpendingDoom","Writhe","Injury"],"score":1677,"play_id":"3085efbd-b68b-4169-9e74-76a45e52fbf0","local_time":"20210114232510","is_ascension_mode":true,"campfire_choices":[{"floor":6.0,"key":"REST"},{"data":"Accuracy","floor":11.0,"key":"SMITH"},{"data":"Blade Dance","floor":14.0,"key":"SMITH"},{"data":"Finisher","floor":17.0,"key":"SMITH"},{"floor":25.0,"key":"REST"},{"floor":29.0,"key":"REST"},{"floor":34,"key":"REST"},{"floor":42,"key":"RECALL"},{"floor":48,"key":"DIG"},{"floor":51,"key":"DIG"},{"floor":52,"key":"DIG"},{"floor":55,"key":"DIG"}],"circlet_count":0,"master_deck":["Strike_G+1","Strike_G+1","Strike_G+1","Strike_G+1","Strike_G+1","Defend_G+1","Defend_G+1","Defend_G+1","Defend_G+1","Defend_G+1","Survivor+1","Neutralize+1","Accuracy+1","Dodge and Roll","Dash","Infinite Blades+1","Terror","Acrobatics","Dagger Throw","Finisher+1","Blade Dance+1","Quick Slash","Corpse Explosion+1","Blade Dance+1","Infinite Blades","Slice+1","Crippling Poison","Blur","PiercingWail","Envenom+1","PiercingWail+1","Blade Dance+1","Injury","Well Laid Plans+1","After Image","Prepared+1","Parasite","Parasite","Dodge and Roll+1","Hidden Blade+1"],"relics":["Ring of the Snake","Kunai","MealTicket","Oddly Smooth Stone","ReplayTheSpireMod:CursedCoin","Membership Card","Bird Faced Urn","Lee\u0027s Waffle","Replay:Bottled Eggs","WristBlade","theJungle:BirthdayCakeSlice","Shovel","theJungle:ParSnip","Lantern","Cursed Key","Incense Burner","Guide Book","Ginger","Toxic Egg 2","Iron Hammer","HornCleat","Replay:Rubber Ducky","Strawberry","Ornamental Fan","Bag of Marbles","ReplayTheSpireMod:Shallot","Du-Vu Doll"],"acts_visited":["Exordium","Exordium","TheBeyond","TheEnding"],"potions_floor_usage":[33,33,33,40,43,58,58],"damage_taken":[{"damage":15.0,"enemies":"Cultist","floor":1.0,"turns":5.0},{"damage":7.0,"enemies":"Jaw Worm","floor":3.0,"turns":4.0},{"damage":10.0,"enemies":"Small Slimes","floor":4.0,"turns":3.0},{"damage":11.0,"enemies":"Blue Slaver","floor":5.0,"turns":4.0},{"damage":2.0,"enemies":"3 Louse","floor":7.0,"turns":4.0},{"damage":0.0,"enemies":"Large Slime","floor":12.0,"turns":4.0},{"damage":16.0,"enemies":"3 Sentries","floor":15.0,"turns":6.0},{"damage":17.0,"enemies":"The Guardian","floor":18.0,"turns":9.0},{"damage":4.0,"enemies":"theJungle:Flameango_and_Byrd","floor":20.0,"turns":4.0},{"damage":17.0,"enemies":"theJungle:MUSHROOMGANG","floor":21.0,"turns":3.0},{"damage":33.0,"enemies":"theJungle:2_Snecko_Cultists","floor":26.0,"turns":3.0},{"damage":35.0,"enemies":"theJungle:Snecko_Cultist_And_Trap","floor":30.0,"turns":4.0},{"damage":0.0,"enemies":"Snake Plant","floor":31.0,"turns":4.0},{"damage":0.0,"enemies":"theJungle:JungleHuntersEncounter","floor":32.0,"turns":5.0},{"damage":17,"enemies":"theJungle:MamaSnecko","floor":33,"turns":4},{"damage":17,"enemies":"theJungle:QueenSpyder","floor":35,"turns":8},{"damage":8,"enemies":"3 Shapes","floor":37,"turns":4},{"damage":0,"enemies":"3 Darklings","floor":38,"turns":1},{"damage":36,"enemies":"Spire Growth","floor":41,"turns":4},{"damage":13,"enemies":"Giant Head","floor":43,"turns":7},{"damage":0,"enemies":"Jaw Worm Horde","floor":50,"turns":3},{"damage":25,"enemies":"Replay:Hell Engine","floor":53,"turns":8},{"damage":26,"enemies":"Shield and Spear","floor":57,"turns":5},{"damage":57,"enemies":"The Heart","floor":58,"turns":8}],"seed_played":"942482776932852298","potions_obtained":[{"floor":12.0,"key":"CunningPotion"},{"floor":15.0,"key":"Adrenaline Potion"},{"floor":20.0,"key":"Weak Potion"},{"floor":31.0,"key":"Poison Potion"},{"floor":35,"key":"Cursed Concoction"},{"floor":43,"key":"Swift Potion"},{"floor":50,"key":"Block Potion"}],"is_trial":false,"path_per_floor":["M","$","M","M","M","R","M","?","T","$","R","M","$","R","E","?","R","B",null,"M","M","?","?","?","R","M","?","T","R","M","M","M","E","R","B",null,"M","M","?","$","M","R","E","$","T","$","?","R","T","M","R","R","B",null,"R","$","E","B",null],"character_chosen":"THE_SILENT","items_purchased":["Kunai","MealTicket","Accuracy","Dodge and Roll","Infinite Blades+1","ReplayTheSpireMod:CursedCoin","Membership Card","Bird Faced Urn","Lee\u0027s Waffle","Guide Book","Fruit Juice","Toxic Egg 2","HornCleat","Dodge and Roll+1"],"campfire_rested":4,"item_purchase_floors":[0,0,0,0,2,10,10,10,13,40,40,44,46,56],"current_hp_per_floor":[28,43,36,26,15,36,34,34,34,49,49,53,77,77,63,63,63,50,70,68,55,60,60,48,72,41,41,41,65,34,34,38,25,49,38,71,67,67,67,87,51,51,48,63,63,78,78,78,85,90,90,90,75,86,86,90,68,23],"gold":62,"neow_bonus":"","is_daily":false,"chose_seed":false,"campfire_upgraded":3,"win_rate":0.0,"timestamp":1610641510,"path_taken":["M","$","M","M","M","R","?","?","T","?","R","M","?","R","E","?","R","BOSS","M","M","?","?","?","R","M","?","T","R","M","M","M","E","R","BOSS","M","M","?","$","M","R","E","$","T","$","?","R","?","M","R","R","BOSS","R","$","E","BOSS"],"items_purchased_type":["Relic","Relic","Card","Card","Card","Relic","Relic","Relic","Relic","Relic","Potion","Relic","Relic","Card"],"build_version":"2020-12-22","purchased_purges":3,"victory":true,"max_hp_per_floor":[70,70,70,70,70,70,70,70,70,70,70,70,77,77,77,77,77,77,77,77,77,82,82,82,82,82,82,82,82,82,82,82,82,82,82,82,82,82,82,87,87,87,87,87,87,87,83,83,90,90,90,90,90,90,90,90,90,90],"card_choices":[{"not_picked":["Acrobatics","ReplayTheSpireMod:Exploit Weakness"],"picked":"Dash","floor":1.0},{"not_picked":["Sucker Punch","Dodge and Roll"],"picked":"Terror","floor":3.0},{"not_picked":["ReplayTheSpireMod:The Works","Dodge and Roll"],"picked":"Acrobatics","floor":4.0},{"not_picked":["Flying Knee","Noxious Fumes"],"picked":"Dagger Throw","floor":5.0},{"not_picked":["Deadly Poison","Deflect"],"picked":"Finisher","floor":7.0},{"not_picked":["Dodge and Roll","Predator"],"picked":"Blade Dance","floor":12.0},{"not_picked":["Tactician","Sucker Punch"],"picked":"Quick Slash","floor":15.0},{"not_picked":["Adrenaline","Replay:Bag of Tricks"],"picked":"Corpse Explosion","floor":18.0},{"not_picked":["Deflect","Flying Knee","Toxin Wave"],"picked":"SKIP","floor":20.0},{"not_picked":["Sucker Punch","ReplayTheSpireMod:Shiv Toss+1"],"picked":"Blade Dance","floor":21.0},{"not_picked":["Sucker Punch","Dodge and Roll"],"picked":"Infinite Blades","floor":26.0},{"not_picked":["Noxious Fumes","Sucker Punch+1"],"picked":"Slice+1","floor":30.0},{"not_picked":["Reflex+1","Hidden Blade"],"picked":"Crippling Poison","floor":31.0},{"not_picked":["Hidden Blade","Poisoned Stab"],"picked":"Blur","floor":32.0},{"not_picked":["Slice","Eviscerate+1"],"picked":"PiercingWail","floor":33},{"not_picked":["Corpse Explosion","Venomology"],"picked":"Envenom","floor":35},{"not_picked":["Underhanded Strike","Riddle With Holes"],"picked":"PiercingWail+1","floor":37},{"not_picked":["Cloak And Dagger+1","Bane+1"],"picked":"Blade Dance+1","floor":38},{"not_picked":["Dagger Throw+1","Eviscerate+1"],"picked":"Well Laid Plans+1","floor":39},{"not_picked":["Quick Slash","ReplayTheSpireMod:The Works+1"],"picked":"After Image","floor":41},{"not_picked":["PiercingWail","Masterful Stab+1"],"picked":"Prepared+1","floor":43},{"not_picked":["Bane","Tactician+1","Setup+1"],"picked":"SKIP","floor":50},{"not_picked":["Poisoned Stab","Dagger Throw+1"],"picked":"Hidden Blade+1","floor":57}],"player_experience":274051,"relics_obtained":[{"floor":9.0,"key":"Oddly Smooth Stone"},{"floor":15.0,"key":"Replay:Bottled Eggs"},{"floor":33,"key":"Lantern"},{"floor":39,"key":"Incense Burner"},{"floor":43,"key":"Ginger"},{"floor":45,"key":"Iron Hammer"},{"floor":48,"key":"Replay:Rubber Ducky"},{"floor":49,"key":"Strawberry"},{"floor":51,"key":"Ornamental Fan"},{"floor":52,"key":"Bag of Marbles"},{"floor":55,"key":"ReplayTheSpireMod:Shallot"},{"floor":57,"key":"Du-Vu Doll"}],"event_choices":[{"damage_healed":0.0,"max_hp_gain":0.0,"max_hp_loss":0.0,"gold_gain":30.0,"event_name":"Dead Adventurer","player_choice":"Searched \u00271\u0027 times","floor":8.0,"gold_loss":0.0,"damage_taken":0.0},{"damage_healed":0,"gold_gain":0,"player_choice":"Max HP","damage_taken":0,"max_hp_gain":0,"max_hp_loss":4,"event_name":"Winding Halls","floor":47,"gold_loss":0}],"is_beta":false,"boss_relics":[{"not_picked":["SlaversCollar","Fusion Hammer"],"picked":"WristBlade"},{"not_picked":["Sozu","Snecko Eye"],"picked":"Cursed Key"}],"items_purged_floors":[10,40,44],"is_endless":false,"potions_floor_spawned":[12,15,20,31,35,43,50],"ascension_level":8}}