{"host":"81vb4cbob60wa1na","time":1610645120,"event":{"mods":["BaseMod","Downfall","GifTheSpireLib","Hermit","Highlight Path","Minty Spire (QoL Compilation)","StSLib","The Cursed","The Disciple"],"gold_per_floor":[99,117,132,152,152,252,252,89,118,118,118,131,131,149,168,168,168,168],"floor_reached":16,"language":"ENG","playtime":605,"items_purged":[],"score":102,"play_id":"c336f33c-8c61-47d9-8c49-8cbeffa8ee42","local_time":"20210114122520","is_ascension_mode":false,"campfire_choices":[{"data":"hexamod:Sear","floor":1,"key":"SMITH"},{"floor":11,"key":"REST"},{"data":"hexamod:HeatShield","floor":13,"key":"SMITH"}],"circlet_count":0,"master_deck":["hexamod:Strike","hexamod:Strike","hexamod:Strike+1","hexamod:Strike","hexamod:Defend","hexamod:Defend","hexamod:Defend","hexamod:Defend","hexamod:Sear+1","hexamod:Float","hexamod:CatchUp+1","hexamod:FirstSeal","hexamod:AdvancingGuard+1","hexamod:Sear+1","hexamod:ChargedBarrage","Regret","hexamod:HeatShield+1","hexamod:FastForward","hexamod:FastForward"],"relics":["hexamod:SpiritBrand","Orichalcum","Kunai","DollysMirror","The Courier"],"acts_visited":["Exordium"],"potions_floor_usage":[8,12,16,16],"damage_taken":[{"damage":0,"enemies":"Cultist","floor":2,"turns":3},{"damage":2,"enemies":"Small Slimes","floor":3,"turns":3},{"damage":0,"enemies":"Jaw Worm","floor":4,"turns":4},{"damage":0,"enemies":"downfall:FleeingMerchant","floor":8,"turns":4},{"damage":27,"enemies":"Gremlin Nob","floor":9,"turns":4},{"damage":3,"enemies":"2 Fungi Beasts","floor":12,"turns":3},{"damage":9,"enemies":"Exordium Wildlife","floor":14,"turns":5},{"damage":12,"enemies":"Large Slime","floor":15,"turns":3},{"damage":63,"enemies":"downfall:Ironclad","floor":16,"turns":9}],"seed_played":"7304550694198179925","potions_obtained":[{"floor":2,"key":"hexamod:InfernoChargePotion"},{"floor":9,"key":"Fire Potion"},{"floor":12,"key":"Strength Potion"},{"floor":15,"key":"Energy Potion"}],"is_trial":false,"path_per_floor":["R","M","M","M","?","?","T","$","E","?","R","M","R","M","M","B"],"character_chosen":"THE_SPIRIT","items_purchased":["DollysMirror"],"campfire_rested":1,"item_purchase_floors":[8],"current_hp_per_floor":[70,70,68,68,68,68,68,70,43,43,64,68,68,66,61,0,0,0],"gold":168,"neow_bonus":"RANDOM_COMMON_RELIC","is_daily":false,"chose_seed":false,"campfire_upgraded":2,"win_rate":0.0,"timestamp":1610645120,"path_taken":["R","M","M","M","?","?","T","?","E","?","R","M","R","?","M","BOSS"],"items_purchased_type":["Relic"],"build_version":"2020-12-22","purchased_purges":0,"victory":false,"max_hp_per_floor":[70,70,70,70,70,70,70,70,70,70,70,70,70,70,70,70,70,70],"card_choices":[{"not_picked":["hexamod:SwordOfDarkness","hexamod:SpectersWail"],"picked":"hexamod:CatchUp","floor":2},{"not_picked":["hexamod:GhostShield","hexamod:PhantomFireball"],"picked":"hexamod:FirstSeal","floor":3},{"not_picked":["hexamod:GhostOfSpirePast","hexamod:InspiringFlames"],"picked":"hexamod:AdvancingGuard","floor":4},{"not_picked":["hexamod:EmpoweringStance","hexamod:TurnItUp","hexamod:GhostShield"],"picked":"SKIP","floor":8},{"not_picked":["hexamod:Rewind","hexamod:ThirdSeal"],"picked":"hexamod:ChargedBarrage","floor":9},{"not_picked":["hexamod:PhantomCloak","hexamod:NightmareGuise"],"picked":"hexamod:HeatShield","floor":12},{"not_picked":["hexamod:GhostOfSpirePresent","hexamod:SpectralSpark"],"picked":"hexamod:FastForward","floor":14},{"not_picked":["hexamod:DynamicBlow","hexamod:ThermalTransfer"],"picked":"hexamod:FastForward","floor":15}],"player_experience":238707,"relics_obtained":[{"floor":7,"key":"Kunai"},{"floor":9,"key":"The Courier"}],"event_choices":[],"is_beta":false,"boss_relics":[],"items_purged_floors":[],"is_endless":false,"potions_floor_spawned":[2,9,12,15],"killed_by":"downfall:Ironclad","ascension_level":0}}