{"host":"5h7tnviy6ct1qpjn","time":1610650891,"event":{"mods":["AchievementEnabler","BaseMod","BetterRewards","Colored Powertips","Minty Spire (QoL Compilation)","Shop Mod","StSLib"],"gold_per_floor":[112,127,127,143,159,184,203,203,281,292,292,292,306,319,319,423,423,433,446,446,457,53,53,53,76,126,126,126,126,0,0,0,104,104,119,73,73,93,112,162,162,174,252,252,262,262,11,11,11,11],"floor_reached":51,"language":"ENG","playtime":2889,"items_purged":[],"score":847,"play_id":"21b24d48-7090-4329-824c-7c6068a07c90","local_time":"20210114200130","is_ascension_mode":false,"campfire_choices":[{"floor":8,"key":"REST"},{"data":"Envenom","floor":12,"key":"SMITH"},{"data":"Cloak And Dagger","floor":15,"key":"SMITH"},{"floor":23,"key":"REST"},{"data":"Distraction","floor":29,"key":"SMITH"},{"floor":32,"key":"REST"},{"data":"Noxious Fumes","floor":41,"key":"SMITH"},{"data":"Leg Sweep","floor":44,"key":"SMITH"},{"data":"Well Laid Plans","floor":49,"key":"SMITH"}],"circlet_count":0,"master_deck":["Survivor","Neutralize","Outmaneuver","Catalyst","Dagger Spray","PiercingWail","Caltrops","Cloak And Dagger+1","Envenom+1","Noxious Fumes+1","Slice+1","Corpse Explosion","PiercingWail","Die Die Die+1","Bouncing Flask","Caltrops","Distraction+1","PiercingWail","Leg Sweep+1","Glass Knife+1","Outmaneuver","Backflip","Footwork","Catalyst","Poisoned Stab+1","Poisoned Stab+1","Well Laid Plans+1","Quick Slash+1"],"relics":["Ring of the Snake","Bag of Marbles","Tiny Chest","Molten Egg 2","Pandora\u0027s Box","Enchiridion","Juzu Bracelet","Bag of Preparation","Shuriken","Anchor","Dream Catcher","MutagenicStrength","PreservedInsect","Busted Crown","Dead Branch","Pantograph","Pen Nib","Lizard Tail"],"acts_visited":["Exordium","TheCity","TheBeyond"],"potions_floor_usage":[6,6,14,14,50,50],"damage_taken":[{"damage":5,"enemies":"Jaw Worm","floor":1,"turns":4},{"damage":0,"enemies":"Cultist","floor":2,"turns":2},{"damage":0,"enemies":"2 Louse","floor":4,"turns":1},{"damage":1,"enemies":"Exordium Wildlife","floor":5,"turns":8},{"damage":25,"enemies":"Lagavulin","floor":6,"turns":7},{"damage":5,"enemies":"Exordium Thugs","floor":7,"turns":6},{"damage":4,"enemies":"2 Fungi Beasts","floor":10,"turns":3},{"damage":3,"enemies":"Blue Slaver","floor":13,"turns":4},{"damage":1,"enemies":"Large Slime","floor":14,"turns":5},{"damage":46,"enemies":"The Guardian","floor":16,"turns":9},{"damage":20,"enemies":"Shell Parasite","floor":18,"turns":5},{"damage":10,"enemies":"Spheric Guardian","floor":19,"turns":3},{"damage":7,"enemies":"Chosen and Byrds","floor":21,"turns":5},{"damage":47,"enemies":"Champ","floor":33,"turns":10},{"damage":0,"enemies":"3 Shapes","floor":35,"turns":4},{"damage":0,"enemies":"3 Darklings","floor":38,"turns":1},{"damage":0,"enemies":"Jaw Worm Horde","floor":39,"turns":3},{"damage":6,"enemies":"Mind Bloom Boss Battle","floor":40,"turns":5},{"damage":0,"enemies":"Spire Growth","floor":42,"turns":3},{"damage":7,"enemies":"4 Shapes","floor":45,"turns":4},{"damage":86,"enemies":"Time Eater","floor":50,"turns":11}],"seed_played":"-3873485757938544372","potions_obtained":[{"floor":2,"key":"AttackPotion"},{"floor":4,"key":"Poison Potion"},{"floor":10,"key":"SkillPotion"},{"floor":14,"key":"Fruit Juice"},{"floor":21,"key":"Explosive Potion"},{"floor":38,"key":"PowerPotion"}],"is_trial":false,"path_per_floor":["M","M","?","M","M","E","M","R","T","M","?","R","M","M","R","B",null,"M","M","?","M","$","R","T","T","T","?","?","R","?","T","R","B",null,"M","$","?","M","M","?","R","M","T","R","M","?","$","T","R","B",null],"character_chosen":"THE_SILENT","items_purchased":["Bag of Marbles","Outmaneuver","Catalyst","Juzu Bracelet","Backflip","Footwork","Bag of Preparation","Poisoned Stab+1","Well Laid Plans","Quick Slash+1","Pen Nib"],"campfire_rested":3,"item_purchase_floors":[0,0,0,22,22,22,22,36,47,47,47],"current_hp_per_floor":[65,65,65,65,64,39,34,55,55,51,70,70,67,71,71,25,75,55,45,29,22,22,44,44,44,44,44,44,44,44,44,66,19,75,75,75,75,75,75,69,69,69,69,69,62,62,62,62,62,21],"gold":11,"neow_bonus":"","is_daily":false,"chose_seed":false,"campfire_upgraded":6,"win_rate":0.0,"timestamp":1610650890,"path_taken":["M","M","?","M","?","E","M","R","T","M","?","R","M","M","R","BOSS","M","M","?","M","$","R","?","?","T","?","?","R","?","?","R","BOSS","M","$","?","M","M","?","R","M","T","R","M","?","$","?","R","BOSS"],"items_purchased_type":["Relic","Card","Card","Relic","Card","Card","Relic","Card","Card","Card","Relic"],"build_version":"2020-12-22","purchased_purges":0,"victory":true,"max_hp_per_floor":[70,70,70,70,70,70,70,70,70,70,70,70,70,75,75,75,75,75,75,75,75,75,75,75,75,75,75,75,75,75,75,75,75,75,75,75,75,75,75,75,75,75,75,75,75,71,71,71,71,71],"card_choices":[{"not_picked":["Underhanded Strike","Prepared"],"picked":"Dagger Spray","floor":1},{"not_picked":["Accuracy","Sucker Punch","Slice"],"picked":"SKIP","floor":2},{"not_picked":["Escape Plan","Outmaneuver"],"picked":"PiercingWail","floor":4},{"not_picked":["Dagger Spray","Slice"],"picked":"Caltrops","floor":5},{"not_picked":["Infinite Blades","Quick Slash"],"picked":"Cloak And Dagger","floor":6},{"not_picked":["Prepared","Slice"],"picked":"Envenom","floor":7},{"not_picked":["Bane+1","Deflect","Expertise"],"picked":"SKIP","floor":10},{"not_picked":["Underhanded Strike+1","Slice+1"],"picked":"Noxious Fumes","floor":13},{"not_picked":["Dodge and Roll","Prepared"],"picked":"Slice+1","floor":14},{"not_picked":["Venomology","A Thousand Cuts"],"picked":"Corpse Explosion","floor":16},{"not_picked":["Poisoned Stab+1","Accuracy","Bane+1"],"picked":"SKIP","floor":18},{"not_picked":["Dodge and Roll","Accuracy"],"picked":"Backflip","floor":19},{"not_picked":["Underhanded Strike+1","Sucker Punch+1","Deflect"],"picked":"SKIP","floor":21},{"not_picked":["Deflect","Outmaneuver"],"picked":"Catalyst","floor":32},{"not_picked":["Crippling Poison"],"picked":"SKIP","floor":35},{"not_picked":[],"picked":"Poisoned Stab+1","floor":38},{"not_picked":["Choke+1"],"picked":"SKIP","floor":39},{"not_picked":["Prepared"],"picked":"SKIP","floor":42},{"not_picked":["PiercingWail"],"picked":"SKIP","floor":45}],"player_experience":86962,"relics_obtained":[{"floor":6,"key":"Tiny Chest"},{"floor":9,"key":"Molten Egg 2"},{"floor":20,"key":"Enchiridion"},{"floor":24,"key":"Shuriken"},{"floor":25,"key":"Anchor"},{"floor":26,"key":"Dream Catcher"},{"floor":31,"key":"PreservedInsect"},{"floor":40,"key":"Dead Branch"},{"floor":43,"key":"Pantograph"},{"floor":48,"key":"Lizard Tail"}],"event_choices":[{"damage_healed":0,"gold_gain":0,"player_choice":"Ignored","damage_taken":0,"max_hp_gain":0,"max_hp_loss":0,"event_name":"NoteForYourself","floor":3,"gold_loss":0},{"damage_healed":23,"gold_gain":0,"player_choice":"Banana","damage_taken":0,"max_hp_gain":0,"max_hp_loss":0,"event_name":"Big Fish","floor":11,"gold_loss":0},{"damage_healed":0,"gold_gain":0,"player_choice":"Obtained Book","damage_taken":16,"max_hp_gain":0,"max_hp_loss":0,"event_name":"Cursed Tome","floor":20,"gold_loss":0},{"damage_healed":0,"gold_gain":0,"player_choice":"Inject Mutagens","damage_taken":0,"relics_obtained":["MutagenicStrength"],"max_hp_gain":0,"max_hp_loss":0,"event_name":"Drug Dealer","floor":27,"gold_loss":0},{"cards_removed":["Masterful Stab"],"damage_healed":0,"gold_gain":0,"player_choice":"Elegance","damage_taken":0,"max_hp_gain":0,"max_hp_loss":0,"event_name":"Back to Basics","floor":28,"gold_loss":0},{"damage_healed":0,"gold_gain":0,"player_choice":"Paid Fearfully","damage_taken":0,"max_hp_gain":0,"max_hp_loss":0,"event_name":"Masked Bandits","floor":30,"gold_loss":126},{"cards_removed":["Backflip"],"damage_healed":0,"gold_gain":0,"player_choice":"Removed Skill","damage_taken":0,"max_hp_gain":0,"max_hp_loss":0,"event_name":"Falling","floor":37,"gold_loss":0},{"damage_healed":0,"gold_gain":0,"player_choice":"Fight","damage_taken":0,"max_hp_gain":0,"max_hp_loss":0,"event_name":"MindBloom","floor":40,"gold_loss":0},{"damage_healed":0,"gold_gain":0,"player_choice":"Max HP","damage_taken":0,"max_hp_gain":0,"max_hp_loss":4,"event_name":"Winding Halls","floor":46,"gold_loss":0}],"is_beta":false,"boss_relics":[{"not_picked":["Black Star","Runic Dome"],"picked":"Pandora\u0027s Box"},{"not_picked":["Runic Pyramid","Velvet Choker"],"picked":"Busted Crown"}],"items_purged_floors":[],"is_endless":false,"potions_floor_spawned":[2,4,10,14,21,38],"ascension_level":0}}