{"host":"fworv1gvvajf3x0f","time":1610629937,"event":{"mods":["AchievementEnabler","Aspiration","BaseMod","Better Vampires","Colored Map","Colored Powertips","Highlight Path","Infinite Spire","Minty Spire (QoL Compilation)","Poor People Problems","Replay The Spire","StSLib"],"gold_per_floor":[112,130,49,14,14,14,14,14,14,14,69,127,127,127,127,127,127],"floor_reached":16,"language":"ZHS","playtime":1183,"items_purged":[],"score":101,"play_id":"3422ddc4-c7c1-489d-a6de-1c7df4204f19","local_time":"20210114211217","is_ascension_mode":true,"campfire_choices":[{"data":"Neutralize","floor":6,"key":"SMITH"},{"floor":10,"key":"RECALL"},{"data":"Reflex","floor":13,"key":"SMITH"},{"data":"Burst","floor":15,"key":"SMITH"}],"circlet_count":0,"master_deck":["Strike_G","Strike_G","Strike_G","Strike_G","Strike_G","Defend_G","Defend_G","Defend_G+1","Defend_G+1","Survivor","Neutralize+1","Infinite Blades","Reflex+1","CommonCold","Predator","ReplayTheSpireMod:The Works","Burst+1"],"relics":["Ring of the Snake","Simple Rune","Replay:Wax Seal","Ring of Misfortune","ReplayTheSpireMod:Ring of Collecting","ReplayTheSpireMod:Ring of Addiction","Chameleon Ring","SacredBark","Snack Pack","ReplayTheSpireMod:Ring of Challenge","Mirror"],"acts_visited":["Exordium"],"potions_floor_usage":[11,16],"damage_taken":[{"damage":0.0,"enemies":"2 Louse","floor":1.0,"turns":2.0},{"damage":4.0,"enemies":"Jaw Worm","floor":2.0,"turns":5.0},{"damage":12,"enemies":"Cultist","floor":11,"turns":5},{"damage":8,"enemies":"Blue Slaver","floor":12,"turns":6},{"damage":74,"enemies":"The Guardian","floor":16,"turns":11}],"seed_played":"4558390131033689319","potions_obtained":[{"floor":8,"key":"SpeedPotion"},{"floor":8,"key":"ColorlessPotion"},{"floor":8,"key":"SkillPotion"}],"is_trial":false,"path_per_floor":["M","M","$","?","$","R","?","T","T","R","M","M","R","?","R","B"],"character_chosen":"THE_SILENT","items_purchased":["Replay:Wax Seal"],"campfire_rested":0,"item_purchase_floors":[3],"current_hp_per_floor":[70,66,66,70,70,70,70,70,70,70,64,62,62,62,62,6,6],"gold":127,"neow_bonus":"RANDOM_COMMON_RELIC","is_daily":false,"chose_seed":false,"campfire_upgraded":3,"win_rate":0.0,"timestamp":1610629937,"path_taken":["M","M","$","?","$","R","?","?","T","R","?","M","R","?","R","BOSS"],"items_purchased_type":["Relic"],"build_version":"2020-12-22","purchased_purges":0,"victory":false,"max_hp_per_floor":[70,70,70,70,70,70,70,70,70,70,70,70,70,70,68,68,68],"card_choices":[{"not_picked":["Prepared","Eviscerate"],"picked":"Infinite Blades","floor":1.0},{"not_picked":["Leg Sweep","Deflect"],"picked":"Reflex","floor":2.0},{"not_picked":["Dagger Spray","Poisoned Stab"],"picked":"Predator","floor":11},{"not_picked":["Slice","Escape Plan"],"picked":"ReplayTheSpireMod:The Works","floor":12}],"player_experience":202634,"relics_obtained":[{"floor":7,"key":"Ring of Misfortune"},{"floor":7,"key":"ReplayTheSpireMod:Ring of Collecting"},{"floor":8,"key":"ReplayTheSpireMod:Ring of Addiction"},{"floor":8,"key":"Chameleon Ring"},{"floor":8,"key":"SacredBark"},{"floor":8,"key":"Snack Pack"},{"floor":9,"key":"ReplayTheSpireMod:Ring of Challenge"},{"floor":9,"key":"Mirror"}],"event_choices":[{"damage_healed":17,"gold_gain":0,"player_choice":"Healed","damage_taken":0,"max_hp_gain":0,"max_hp_loss":0,"event_name":"The Cleric","floor":4,"gold_loss":35},{"damage_healed":0,"gold_gain":0,"cards_transformed":["Defend_G"],"player_choice":"Transformed","damage_taken":0,"max_hp_gain":0,"max_hp_loss":0,"event_name":"Transmorgrifier","floor":14,"gold_loss":0,"cards_obtained":["Burst"]}],"is_beta":false,"boss_relics":[],"items_purged_floors":[],"is_endless":false,"potions_floor_spawned":[],"killed_by":"The Guardian","ascension_level":3}}