{"host":"0cgp910o8339lr91","time":1610606650,"event":{"mods":["BaseMod","Block Reminder","Colored Map","Colored Powertips","Minty Spire (QoL Compilation)","Relic Stats","Slay-I","ojb\u0027s Better Paths Mod","ojb\u0027s Info Mod"],"gold_per_floor":[116,116,130,145,163,163,191,191,270,284,318,330,15,15,15,15,15],"floor_reached":16,"language":"ENG","playtime":958,"items_purged":[],"score":274,"play_id":"51a4437a-fe96-4651-930d-e620ce56fcec","local_time":"20210114074410","is_ascension_mode":true,"campfire_choices":[{"data":"Eruption","floor":6.0,"key":"SMITH"},{"data":"Conclude","floor":8.0,"key":"SMITH"},{"data":"EmptyFist","floor":15,"key":"SMITH"}],"circlet_count":0,"master_deck":["AscendersBane","Strike_P","Strike_P","Strike_P","Strike_P","Defend_P","Eruption+1","Vigilance","CutThroughFate","Conclude+1","DeceiveReality","FlurryOfBlows","EmptyFist+1"],"relics":["Empty Cage","Peace Pipe","White Beast Statue","Orichalcum","CloakClasp"],"acts_visited":["Exordium"],"potions_floor_usage":[],"damage_taken":[{"damage":0.0,"enemies":"Cultist","floor":1.0,"turns":2.0},{"damage":0.0,"enemies":"2 Louse","floor":3.0,"turns":2.0},{"damage":4.0,"enemies":"Jaw Worm","floor":4.0,"turns":3.0},{"damage":14.0,"enemies":"Blue Slaver","floor":5.0,"turns":3.0},{"damage":2.0,"enemies":"3 Sentries","floor":7.0,"turns":3.0},{"damage":11.0,"enemies":"Lots of Slimes","floor":10.0,"turns":3.0},{"damage":0.0,"enemies":"Gremlin Nob","floor":11.0,"turns":2.0},{"damage":10.0,"enemies":"Exordium Thugs","floor":12.0,"turns":3.0},{"damage":16,"enemies":"Hexaghost","floor":16,"turns":9}],"seed_played":"-156385742437893391","potions_obtained":[{"floor":10.0,"key":"Dexterity Potion"},{"floor":11.0,"key":"DuplicationPotion"},{"floor":12.0,"key":"Swift Potion"}],"is_trial":false,"path_per_floor":["M","?","M","M","M","R","E","R","T","M","E","M","$","?","R","B"],"character_chosen":"WATCHER","items_purchased":["CloakClasp"],"campfire_rested":0,"item_purchase_floors":[13],"current_hp_per_floor":[61,54,54,50,36,36,34,34,34,23,23,13,13,13,13,0,0],"gold":15,"neow_bonus":"BOSS_RELIC","is_daily":false,"chose_seed":false,"campfire_upgraded":3,"win_rate":0.0,"timestamp":1610606650,"path_taken":["M","?","M","M","M","R","E","R","T","M","E","M","$","?","R","BOSS"],"items_purchased_type":["Relic"],"build_version":"2020-12-22","purchased_purges":0,"victory":false,"max_hp_per_floor":[68,68,68,68,68,68,68,68,68,68,68,68,68,68,68,68,68],"relic_stats":{"Peace Pipe":0,"counters":[9,30],"CloakClasp":[34],"Orichalcum":[18],"obtain_stats":[{"Peace Pipe":7,"CloakClasp":13,"PureWater":0,"Orichalcum":11,"Empty Cage":0,"White Beast Statue":9},{"Peace Pipe":5,"CloakClasp":8,"PureWater":0,"Orichalcum":7,"Empty Cage":0,"White Beast Statue":5},{"Peace Pipe":13,"CloakClasp":21,"PureWater":0,"Orichalcum":18,"Empty Cage":0,"White Beast Statue":13}]},"card_choices":[{"not_picked":["Prostrate","EmptyBody"],"picked":"CutThroughFate","floor":1.0},{"not_picked":["JustLucky","Swivel"],"picked":"Conclude","floor":3.0},{"not_picked":["CutThroughFate","CrushJoints"],"picked":"DeceiveReality","floor":4.0},{"not_picked":["Halt","WreathOfFlame"],"picked":"FlurryOfBlows","floor":5.0},{"not_picked":["CarveReality","Wish","CrushJoints"],"picked":"SKIP","floor":7.0},{"not_picked":["FollowUp","WindmillStrike","SashWhip"],"picked":"SKIP","floor":10.0},{"not_picked":["Establishment","PathToVictory"],"picked":"EmptyFist","floor":11.0},{"not_picked":["FollowUp","Crescendo","CrushJoints"],"picked":"SKIP","floor":12.0}],"player_experience":1403829,"relics_obtained":[{"floor":7.0,"key":"Peace Pipe"},{"floor":9.0,"key":"White Beast Statue"},{"floor":11.0,"key":"Orichalcum"}],"event_choices":[{"cards_removed":["Defend_P"],"damage_healed":0.0,"max_hp_gain":0.0,"max_hp_loss":0.0,"gold_gain":0.0,"event_name":"Golden Wing","player_choice":"Card Removal","floor":2.0,"gold_loss":0.0,"damage_taken":7.0},{"damage_healed":0,"gold_gain":0,"player_choice":"Fled","damage_taken":0,"max_hp_gain":0,"max_hp_loss":0,"event_name":"Scrap Ooze","floor":14,"gold_loss":0}],"is_beta":false,"boss_relics":[],"items_purged_floors":[],"is_endless":false,"potions_floor_spawned":[10,11,12],"killed_by":"Hexaghost","ascension_level":20}}