{"host":"zksvs3x2ysy9npnz","time":1610589943,"event":{"mods":["Aspiration","BaseMod","Beaked The Cultist","BetterRewards","Clockwork Mod","Colored Map","Conspire","Downfall","Duelist Mod","Ekko","Fiend Mod","Halation","Highlight Path","Hubris","Hunter ??","Infinite Spire","Jedi Mod","Magitek Elite","Minty Spire (QoL Compilation)","Permanent Neow","Quick Restart","Relic Stats","Replay The Spire","Shop Mod","StSLib","The Construct","The Runesmith","The Witch","thorton"],"gold_per_floor":[113,113,92,92,158,158,193,193,266,282,294,294,313,325,325,425,425,442,452,452,502,249,249,266,266,289,316,316,329,348,348,348,447,447,459,507,527,33,60,60,78,78,78,103,212,212,52,70,70,70,70,70,70,96,96],"floor_reached":56,"language":"FRA","playtime":5117,"items_purged":["theDuelist:SummoningCurse","Fiend:FiendTransmeatation","Fiend:FiendDemonSlash","Fiend:FiendRampage","Fiend:FiendTransmeatation"],"score":1762,"play_id":"67b1fe38-0823-48a7-9660-bee4a06a7b52","local_time":"20210114030543","is_ascension_mode":true,"campfire_choices":[{"data":"Fiend:FiendSalvage","floor":6.0,"key":"SMITH"},{"data":"Fiend:FiendDemonSlash","floor":8.0,"key":"SMITH"},{"data":"Fiend:FiendDemonSlash","floor":12.0,"key":"SMITH"},{"data":"Fiend:FiendFleshPlating","floor":15.0,"key":"SMITH"},{"floor":23.0,"key":"RECALL"},{"floor":28.0,"key":"REST"},{"data":"Fiend:FiendFleshWhip","floor":32.0,"key":"SMITH"},{"data":"Fiend:FiendFiendishCharge","floor":40,"key":"SMITH"},{"data":"infinitespire:NeuralNetwork","floor":42,"key":"SMITH"},{"data":"infinitespire:Collect","floor":49,"key":"SMITH"},{"data":"ReplayTheSpireMod:Black Plague","floor":52,"key":"SMITH"}],"circlet_count":0,"master_deck":["AscendersBane","Fiend:FiendDemonSlash+1","Fiend:FiendDemonSlash+1","Fiend:FiendDemonSlash+1","Fiend:FiendFortify+1","Fiend:FiendFortify+1","Fiend:FiendFortify+1","Fiend:FiendFortify+1","Fiend:FiendConsume","Fiend:FiendCurse+1","Fiend:FiendSalvage+1","Fiend:FiendFiendishCharge+1","Fiend:FiendFleshPlating+1","Fiend:FiendMeditate","Fiend:FiendFleshWhip+1","infinitespire:Starlight","Reboot","ReplaySort+1","Reinforced Body+1","ReplayTheSpireMod:Black Plague+1","infinitespire:NeuralNetwork+1","infinitespire:Collect+1","Fiend:FiendFleshPlating","Fiend:FiendMeditate+1"],"relics":["Fiend:FiendTotem","ReplayTheSpireMod:CursedCoin","infinitespire:FocusingShard","infinitespire:Bottled Soul","aspiration:DefectSkillbook","jedi:shrinkray","jedi:cryingmask","hubris:BundleOfHerbs","halation:BlackBeret","construct:ClawGrip","Busted Crown","aspiration:MobileForge","Vajra","Anchor","hubris:Potato","MerchantsRug","HandDrill","Runesmith:AutoHammer"],"acts_visited":["Exordium","TheCity","TheBeyond","TheEnding"],"potions_floor_usage":[],"damage_taken":[{"damage":0.0,"enemies":"2 Louse","floor":1.0,"turns":2.0},{"damage":50.0,"enemies":"3 Sentries","floor":7.0,"turns":14.0},{"damage":20.0,"enemies":"Small Slimes","floor":10.0,"turns":63.0},{"damage":5.0,"enemies":"Jaw Worm","floor":11.0,"turns":6.0},{"damage":12.0,"enemies":"Lots of Slimes","floor":13.0,"turns":11.0},{"damage":22.0,"enemies":"Large Slime","floor":14.0,"turns":12.0},{"damage":26.0,"enemies":"Hexaghost","floor":16.0,"turns":12.0},{"damage":3.0,"enemies":"Chosen","floor":18.0,"turns":4.0},{"damage":17.0,"enemies":"Shell Parasite","floor":19.0,"turns":9.0},{"damage":39.0,"enemies":"Sentry and Sphere","floor":24.0,"turns":26.0},{"damage":38.0,"enemies":"Gremlin Leader","floor":27.0,"turns":5.0},{"damage":5.0,"enemies":"Centurion and Healer","floor":29.0,"turns":12.0},{"damage":34.0,"enemies":"Cultist and Chosen","floor":30.0,"turns":7.0},{"damage":50.0,"enemies":"Champ","floor":33.0,"turns":11.0},{"damage":15.0,"enemies":"3 Shapes","floor":35.0,"turns":6.0},{"damage":3.0,"enemies":"Orb Walker","floor":37.0,"turns":2.0},{"damage":15,"enemies":"Sphere and 2 Shapes","floor":39,"turns":11},{"damage":19,"enemies":"Nightmare","floor":44,"turns":7},{"damage":0,"enemies":"infinitespire:Three Voidlings","floor":45,"turns":3},{"damage":4,"enemies":"Nightmare_Alpha","floor":45,"turns":7},{"damage":0,"enemies":"3 Darklings","floor":48,"turns":2},{"damage":0,"enemies":"hubris:GrandSnecko","floor":50,"turns":4},{"damage":47,"enemies":"Shield and Spear","floor":54,"turns":11},{"damage":25,"enemies":"The Heart","floor":55,"turns":8}],"seed_played":"4481332892014089895","potions_obtained":[{"floor":7.0,"key":"GamblersBrew"},{"floor":11.0,"key":"Energy Potion"},{"floor":29.0,"key":"Fiend:FleshPotion"},{"floor":35.0,"key":"AttackPotion"},{"floor":45,"key":"Swift Potion"}],"is_trial":false,"path_per_floor":["M","?","$","?","?","R","E","R","T","M","M","R","M","M","R","B",null,"M","M","?","T","$","R","M","?","T","E","R","M","M","AVR","R","B",null,"M","?","M","$","M","R","AVR","R","T","NM","?","?","$","M","R","B",null,"R","$","E","B",null],"character_chosen":"THE_FIEND","items_purchased":["ReplayTheSpireMod:CursedCoin","Fiend:FiendSalvage","Fiend:FiendFiendishCharge","jedi:shrinkray","Replay:Bottled Eggs","MerchantsRug","HandDrill"],"campfire_rested":1,"item_purchase_floors":[3,3,3,22,38,47,47],"current_hp_per_floor":[63,63,63,63,63,63,23,23,23,72,73,73,74,73,73,63,73,77,77,79,79,79,79,80,80,80,42,66,81,77,77,77,59,78,78,57,72,72,81,81,81,81,81,81,91,91,91,91,91,91,91,91,91,93,83],"gold":96,"neow_bonus":"RANDOM_EVENT","is_daily":false,"chose_seed":false,"campfire_upgraded":9,"win_rate":0.0,"timestamp":1610589943,"path_taken":["M","?","$","?","?","R","E","R","T","M","M","R","M","M","R","BOSS","M","M","?","?","$","R","?","?","T","E","R","M","M","AVR","R","BOSS","M","?","?","$","M","R","AVR","R","T","NM","?","?","$","M","R","BOSS","R","$","E","BOSS"],"items_purchased_type":["Relic","Card","Card","Relic","Relic","Relic","Relic"],"build_version":"2020-12-22","purchased_purges":5,"victory":true,"max_hp_per_floor":[70,70,70,70,70,70,71,71,71,72,73,73,74,75,75,76,76,77,79,79,79,79,79,80,80,80,80,80,81,83,83,83,84,84,84,84,85,85,86,86,86,86,86,87,91,91,91,91,91,91,91,91,91,93,93],"relic_stats":{"Busted Crown":30,"counters":[24,253],"HandDrill":[6],"obtain_stats":[{"halation:BlackBeret":31,"jedi:othersneckoeye":41,"MerchantsRug":47,"construct:ClawGrip":31,"ReplayTheSpireMod:CursedCoin":3,"CeramicFish":36,"Vajra":43,"infinitespire:FocusingShard":7,"Fiend:FiendTotem":0,"jedi:shrinkray":22,"Anchor":44,"Busted Crown":34,"aspiration:DefectSkillbook":17,"infinitespire:Bottled Soul":9,"aspiration:MobileForge":41,"jedi:cryingmask":26,"hubris:BundleOfHerbs":27,"HandDrill":47,"Runesmith:AutoHammer":54,"Replay:Bottled Eggs":38,"hubris:Potato":45},{"halation:BlackBeret":13,"jedi:othersneckoeye":17,"MerchantsRug":20,"construct:ClawGrip":13,"ReplayTheSpireMod:CursedCoin":1,"CeramicFish":15,"Vajra":17,"infinitespire:FocusingShard":2,"Fiend:FiendTotem":0,"jedi:shrinkray":9,"Anchor":18,"Busted Crown":14,"aspiration:DefectSkillbook":7,"infinitespire:Bottled Soul":2,"aspiration:MobileForge":17,"jedi:cryingmask":10,"hubris:BundleOfHerbs":11,"HandDrill":20,"Runesmith:AutoHammer":23,"Replay:Bottled Eggs":16,"hubris:Potato":20},{"halation:BlackBeret":182,"jedi:othersneckoeye":211,"MerchantsRug":228,"construct:ClawGrip":182,"ReplayTheSpireMod:CursedCoin":2,"CeramicFish":199,"Vajra":211,"infinitespire:FocusingShard":16,"Fiend:FiendTotem":0,"jedi:shrinkray":132,"Anchor":218,"Busted Crown":193,"aspiration:DefectSkillbook":120,"infinitespire:Bottled Soul":16,"aspiration:MobileForge":211,"jedi:cryingmask":158,"hubris:BundleOfHerbs":163,"HandDrill":228,"Runesmith:AutoHammer":245,"Replay:Bottled Eggs":201,"hubris:Potato":228}]},"card_choices":[{"not_picked":["Fiend:FiendConserve","Fiend:FiendCancer"],"picked":"Fiend:FiendTransmeatation","floor":1.0},{"not_picked":["Fiend:FiendConserve","Fiend:FiendCancer"],"picked":"Fiend:FiendTransmeatation","floor":1.0},{"not_picked":["Fiend:FiendFiendishCharge","Fiend:FiendDemonicContract"],"picked":"Fiend:FiendFleshPlating","floor":7.0},{"not_picked":["Fiend:FiendDemonWhip","Fiend:FiendFiendishCharge","Fiend:FiendSiphon"],"picked":"SKIP","floor":10.0},{"not_picked":["Fiend:FiendSiphon","Fiend:FiendFiendsGrip","Fiend:FiendSplat"],"picked":"SKIP","floor":11.0},{"not_picked":["Fiend:FiendRadiation","Fiend:FiendMeatPaste","Fiend:FiendHarden"],"picked":"SKIP","floor":13.0},{"not_picked":["Fiend:FiendDemonWhip","Fiend:FiendMeatPaste"],"picked":"Fiend:FiendRampage","floor":14.0},{"not_picked":["Capacitor+1","Barrage+1","Turbo","Fiend:FiendConserve"],"picked":"SKIP","floor":18.0},{"not_picked":["Panic Button","Chaos","Sunder","ReplayTheSpireMod:System Scan"],"picked":"SKIP","floor":19.0},{"not_picked":["Hologram","jedi:BurstLightning","Fiend:FiendRam"],"picked":"Fiend:FiendMeditate","floor":24.0},{"not_picked":["Rainbow","Fiend:FiendBloodPrice","Reprogram","Fiend:FiendSplat"],"picked":"SKIP","floor":27.0},{"not_picked":["Fiend:FiendBackFromHell","Fiend:FiendVaccine","BasicCrystalCard","Fiend:FiendRage"],"picked":"SKIP","floor":29.0},{"not_picked":["ReplaySort","Crystallizer+1","Rebound"],"picked":"Fiend:FiendFleshWhip","floor":30.0},{"not_picked":["FIFO Queue+1","Lockon+1"],"picked":"SKIP","floor":35.0},{"not_picked":["Fiend:FiendMeatPaste"],"picked":"Reboot","floor":36.0},{"not_picked":["Melter+1"],"picked":"ReplaySort+1","floor":37.0},{"not_picked":["Fiend:FiendMeatPaste"],"picked":"Reinforced Body+1","floor":39},{"not_picked":["Fiend:FiendDemonicContract+1","Fiend:FiendBloodlust+1"],"picked":"SKIP","floor":44},{"not_picked":["Fiend:FiendDemonicContract+1","Fiend:FiendBloodlust+1"],"picked":"SKIP","floor":44},{"not_picked":["ReplayTheSpireMod:Echoes of Time","hubris:Rewind"],"picked":"infinitespire:Collect","floor":45},{"not_picked":["Gash"],"picked":"Fiend:FiendFleshPlating","floor":48},{"not_picked":["Fiend:FiendBlackMarket+1"],"picked":"Fiend:FiendMeditate+1","floor":54}],"player_experience":2466082,"relics_obtained":[{"floor":7.0,"key":"infinitespire:FocusingShard"},{"floor":9.0,"key":"infinitespire:Bottled Soul"},{"floor":26.0,"key":"jedi:cryingmask"},{"floor":27.0,"key":"hubris:BundleOfHerbs"},{"floor":36.0,"key":"CeramicFish"},{"floor":43,"key":"Vajra"},{"floor":44,"key":"Anchor"},{"floor":45,"key":"hubris:Potato"},{"floor":54,"key":"Runesmith:AutoHammer"}],"event_choices":[{"damage_healed":0.0,"max_hp_gain":0.0,"max_hp_loss":0.0,"gold_gain":0.0,"event_name":"Living Wall","player_choice":"Grow","floor":0.0,"gold_loss":0.0,"damage_taken":0.0,"cards_upgraded":["Fiend:FiendDemonSlash"]},{"damage_healed":0.0,"max_hp_gain":0.0,"max_hp_loss":0.0,"gold_gain":0.0,"event_name":"Liars Game","player_choice":"Ignored","floor":4.0,"gold_loss":0.0,"damage_taken":0.0},{"damage_healed":0.0,"max_hp_gain":0.0,"max_hp_loss":0.0,"gold_gain":66.0,"event_name":"Golden Wing","player_choice":"Gained Gold","floor":5.0,"gold_loss":0.0,"damage_taken":0.0},{"damage_healed":0.0,"max_hp_gain":0.0,"max_hp_loss":0.0,"gold_gain":0.0,"event_name":"Transmorgrifier","player_choice":"Ignored","floor":25.0,"gold_loss":0.0,"damage_taken":0.0},{"damage_healed":0,"gold_gain":0,"player_choice":"Memory 1","damage_taken":0,"max_hp_gain":0,"max_hp_loss":0,"event_name":"SensoryStone","floor":46,"gold_loss":0}],"is_beta":false,"boss_relics":[{"not_picked":["aspiration:FutureDiary","hubris:GrandSneckoEye"],"picked":"aspiration:DefectSkillbook"},{"not_picked":["Calling Bell","aspiration:RunicSpoon"],"picked":"Busted Crown"}],"items_purged_floors":[3,22,31,38,38],"is_endless":false,"potions_floor_spawned":[7,11,13,19,24,29,35,45,48],"ascension_level":11}}