{"host":"nz11ypxva4e39b7q","time":1610641034,"event":{"mods":["BaseMod","Better Altar","Better Skull","Better Third Choice","Better Vampires","Colored Map","Minty Spire (QoL Compilation)","Spicy Shops","StSLib","The Marked"],"gold_per_floor":[111,111,111,111,211,211,49,82,150,165,203,222,253,267,267,396,396,410,410,325,325,400,400,441,462,489,533,533,460,495,508,508,629,629,642,705,705,728,73,73,117,180,180,218,168,181,219,244,244,244,244,244,42,85,85],"floor_reached":56,"language":"ENG","playtime":3510,"items_purged":["theMarked:LightningStrikesTwice","theMarked:Frustration+1","theMarked:Defy+1","theMarked:BanishingStrike"],"score":1768,"play_id":"c6931a00-f3aa-4e73-b622-6a1d8751b5b2","local_time":"20210114171714","is_ascension_mode":true,"campfire_choices":[{"data":"theMarked:UnarmedFury","floor":6.0,"key":"SMITH"},{"data":"theMarked:BanishingWave","floor":15.0,"key":"SMITH"},{"data":"theMarked:Defy","floor":23.0,"key":"SMITH"},{"data":"theMarked:MysticalArsenal","floor":28.0,"key":"SMITH"},{"data":"theMarked:WardOff","floor":32.0,"key":"SMITH"},{"data":"theMarked:DeterminationOfTheMarked","floor":40.0,"key":"SMITH"},{"floor":49.0,"key":"RECALL"},{"data":"theMarked:WastefulDefense","floor":52.0,"key":"SMITH"}],"circlet_count":0,"master_deck":["theMarked:DeterminationOfTheMarked+1","theMarked:Seal","theMarked:Standoff+1","theMarked:BanishingWave+1","theMarked:UnarmedFury+1","theMarked:WardOff+1","Flash of Steel+1","theMarked:WastefulDefense+1","theMarked:Levitate","theMarked:WardOff","theMarked:MuscleMemory+1","theMarked:MysticalArsenal+1","Insight","theMarked:SelfDefenseTraining+1","theMarked:Abjuration+1","theMarked:FavorableWinds","theMarked:StartUp+1","theMarked:ResourceFulStrike+1"],"relics":["Pandora\u0027s Box","Golden Idol","Nunchaku","Pantograph","Turnip","Molten Egg 2","Busted Crown","Omamori","Shuriken","Darkstone Periapt","Oddly Smooth Stone","theMarked:VonisonLock","Gambling Chip","Black Star","Incense Burner","Medical Kit","Pear","TheAbacus","Pen Nib","Strawberry","Ice Cream","TungstenRod","Smiling Mask","Bag of Marbles","PreservedInsect","ClockworkSouvenir","theMarked:DemonDagger","Whetstone"],"acts_visited":["Exordium","TheCity","TheBeyond","TheEnding"],"potions_floor_usage":[55,55],"damage_taken":[{"damage":5.0,"enemies":"Small Slimes","floor":1.0,"turns":3.0},{"damage":13.0,"enemies":"3 Sentries","floor":8.0,"turns":3.0},{"damage":0.0,"enemies":"2 Louse","floor":10.0,"turns":1.0},{"damage":0.0,"enemies":"Lagavulin","floor":11.0,"turns":4.0},{"damage":0.0,"enemies":"Cultist","floor":12.0,"turns":2.0},{"damage":0.0,"enemies":"3 Sentries","floor":13.0,"turns":2.0},{"damage":0.0,"enemies":"Exordium Wildlife","floor":14.0,"turns":2.0},{"damage":9.0,"enemies":"Hexaghost","floor":16.0,"turns":7.0},{"damage":0.0,"enemies":"3 Byrds","floor":18.0,"turns":3.0},{"damage":13.0,"enemies":"Book of Stabbing","floor":24.0,"turns":3.0},{"damage":3.0,"enemies":"Spheric Guardian","floor":25.0,"turns":3.0},{"damage":0.0,"enemies":"Gremlin Leader","floor":27.0,"turns":3.0},{"damage":3.0,"enemies":"Slavers","floor":30.0,"turns":3.0},{"damage":0.0,"enemies":"Snecko","floor":31.0,"turns":2.0},{"damage":0.0,"enemies":"Champ","floor":33.0,"turns":6.0},{"damage":1.0,"enemies":"3 Shapes","floor":35.0,"turns":3.0},{"damage":0.0,"enemies":"Mind Bloom Boss Battle","floor":36.0,"turns":3.0},{"damage":0.0,"enemies":"Orb Walker","floor":38.0,"turns":2.0},{"damage":0.0,"enemies":"Reptomancer","floor":41.0,"turns":4.0},{"damage":9.0,"enemies":"2 Orb Walkers","floor":42.0,"turns":2.0},{"damage":0.0,"enemies":"Giant Head","floor":44.0,"turns":4.0},{"damage":0.0,"enemies":"3 Darklings","floor":46.0,"turns":2.0},{"damage":14.0,"enemies":"Reptomancer","floor":47.0,"turns":3.0},{"damage":0.0,"enemies":"Maw","floor":48.0,"turns":4.0},{"damage":3.0,"enemies":"Donu and Deca","floor":50.0,"turns":5.0},{"damage":0.0,"enemies":"Shield and Spear","floor":54.0,"turns":3.0},{"damage":51,"enemies":"The Heart","floor":55,"turns":5}],"seed_played":"136502045036267650","potions_obtained":[{"floor":1.0,"key":"PowerPotion"},{"floor":8.0,"key":"Dexterity Potion"},{"floor":10.0,"key":"FairyPotion"},{"floor":14.0,"key":"SteroidPotion"},{"floor":30.0,"key":"DuplicationPotion"},{"floor":31.0,"key":"PowerPotion"},{"floor":36.0,"key":"BlessingOfTheForge"},{"floor":44.0,"key":"Fruit Juice"},{"floor":47.0,"key":"FearPotion"},{"floor":54.0,"key":"SteroidPotion"}],"is_trial":false,"path_per_floor":["M","?","?","?","?","R","$","E","T","M","E","M","E","M","R","B",null,"M","?","?","?","T","R","E","M","T","E","R","$","E","M","R","B",null,"M","?","?","M","$","R","E","?","T","E","$","M","E","M","R","B",null,"R","$","E","B",null],"character_chosen":"THE_DEFAULT","items_purchased":["Flash of Steel","theMarked:SelfDefenseTraining+1","Medical Kit","Pear","TheAbacus","theMarked:ResourceFulStrike+1","ClockworkSouvenir"],"campfire_rested":0,"item_purchase_floors":[7,29,39,39,39,39,53],"current_hp_per_floor":[65,51,44,44,44,44,44,31,31,31,31,31,31,31,31,47,65,65,65,65,65,65,65,52,49,49,49,49,49,46,46,46,65,65,64,65,62,62,72,72,79,70,70,70,70,70,61,61,61,81,84,84,84,84,33],"gold":85,"neow_bonus":"BOSS_RELIC","is_daily":false,"chose_seed":false,"campfire_upgraded":7,"win_rate":0.0,"timestamp":1610641034,"path_taken":["M","?","?","?","?","R","$","E","T","M","E","?","E","M","R","BOSS","M","?","?","?","?","R","E","M","T","E","R","$","E","M","R","BOSS","M","?","?","M","$","R","E","?","T","E","$","M","E","?","R","BOSS","R","$","E","BOSS"],"items_purchased_type":["Card","Card","Relic","Relic","Relic","Card","Relic"],"build_version":"2020-12-22","purchased_purges":4,"victory":true,"max_hp_per_floor":[70,70,70,65,65,65,65,65,65,65,65,65,65,65,65,65,65,65,65,65,65,65,65,65,65,65,65,65,65,65,65,65,65,65,65,65,62,62,72,72,79,79,79,79,79,79,84,84,84,84,84,84,84,84,84],"card_choices":[{"not_picked":["theMarked:BanishingWave","theMarked:Aftermath"],"picked":"theMarked:WardOff","floor":1.0},{"not_picked":["theMarked:BindingBlade","theMarked:Aftermath","theMarked:Seal"],"picked":"SKIP","floor":8.0},{"not_picked":["theMarked:HeightenedSenses","theMarked:GodGivenPower","theMarked:LightningStrikesTwice"],"picked":"SKIP","floor":10.0},{"not_picked":["theMarked:Static","theMarked:ShockingTouch"],"picked":"theMarked:BanishingStrike","floor":11.0},{"not_picked":["theMarked:Frustration","theMarked:Polarize"],"picked":"theMarked:WastefulDefense","floor":12.0},{"not_picked":["theMarked:WardOff","theMarked:ChainLightning+1"],"picked":"theMarked:Levitate","floor":13.0},{"not_picked":["theMarked:Improvise","theMarked:ElementalBlade"],"picked":"theMarked:WardOff","floor":14.0},{"not_picked":["theMarked:Snap+1","theMarked:Challenge"],"picked":"theMarked:MuscleMemory+1","floor":16.0},{"not_picked":["theMarked:ElectricStrings+1"],"picked":"SKIP","floor":18.0},{"not_picked":["theMarked:Polarize+1"],"picked":"SKIP","floor":24.0},{"not_picked":["theMarked:EnhanceMovement"],"picked":"SKIP","floor":25.0},{"not_picked":["theMarked:Frustration+1"],"picked":"SKIP","floor":27.0},{"not_picked":[],"picked":"theMarked:Abjuration+1","floor":30.0},{"not_picked":["theMarked:AttractMetal"],"picked":"SKIP","floor":31.0},{"not_picked":[],"picked":"theMarked:FavorableWinds","floor":33.0},{"not_picked":[],"picked":"theMarked:StartUp+1","floor":35.0},{"not_picked":["theMarked:CreepingChasm+1"],"picked":"SKIP","floor":38.0},{"not_picked":["theMarked:MagicAdept"],"picked":"SKIP","floor":41.0},{"not_picked":["theMarked:Aftermath"],"picked":"SKIP","floor":44.0},{"not_picked":["theMarked:ComboAttacks"],"picked":"SKIP","floor":46.0},{"not_picked":["theMarked:Static+1"],"picked":"SKIP","floor":47.0},{"not_picked":["theMarked:WardOff+1"],"picked":"SKIP","floor":48.0},{"not_picked":["theMarked:PowerFlow+1"],"picked":"SKIP","floor":54.0}],"player_experience":997387,"relics_obtained":[{"floor":8.0,"key":"Nunchaku"},{"floor":9.0,"key":"Pantograph"},{"floor":11.0,"key":"Turnip"},{"floor":13.0,"key":"Molten Egg 2"},{"floor":22.0,"key":"Shuriken"},{"floor":24.0,"key":"Darkstone Periapt"},{"floor":26.0,"key":"Oddly Smooth Stone"},{"floor":27.0,"key":"theMarked:VonisonLock"},{"floor":30.0,"key":"Gambling Chip"},{"floor":36.0,"key":"Incense Burner"},{"floor":41.0,"key":"Pen Nib"},{"floor":41.0,"key":"Strawberry"},{"floor":42.0,"key":"Ice Cream"},{"floor":44.0,"key":"TungstenRod"},{"floor":44.0,"key":"Smiling Mask"},{"floor":47.0,"key":"Bag of Marbles"},{"floor":47.0,"key":"PreservedInsect"},{"floor":54.0,"key":"theMarked:DemonDagger"},{"floor":54.0,"key":"Whetstone"}],"event_choices":[{"damage_healed":65.0,"max_hp_gain":0.0,"max_hp_loss":70.0,"gold_gain":0.0,"event_name":"betterThird:BetterShining","player_choice":"Upgrade","floor":2.0,"gold_loss":0.0,"damage_taken":14.0,"cards_upgraded":["theMarked:SoldierOfQuellstein","theMarked:Standoff"]},{"cards_removed":["theMarked:SoldierOfQuellstein"],"damage_healed":0.0,"max_hp_gain":0.0,"max_hp_loss":0.0,"gold_gain":0.0,"event_name":"Golden Wing","player_choice":"Card Removal","floor":3.0,"gold_loss":0.0,"damage_taken":7.0},{"damage_healed":0.0,"max_hp_gain":0.0,"max_hp_loss":5.0,"gold_gain":0.0,"event_name":"Golden Idol","player_choice":"Lose Max HP","floor":4.0,"gold_loss":0.0,"damage_taken":0.0,"relics_obtained":["Golden Idol"]},{"damage_healed":0.0,"max_hp_gain":0.0,"max_hp_loss":0.0,"gold_gain":100.0,"event_name":"Wheel of Change","player_choice":"Gold","floor":5.0,"gold_loss":0.0,"damage_taken":0.0},{"damage_healed":0.0,"max_hp_gain":0.0,"max_hp_loss":0.0,"gold_gain":0.0,"cards_transformed":["theMarked:Convert","theMarked:ChainLightning"],"event_name":"Drug Dealer","player_choice":"Became Test Subject","floor":19.0,"gold_loss":0.0,"damage_taken":0.0,"cards_obtained":["theMarked:MysticalArsenal","theMarked:Frustration"]},{"damage_healed":0.0,"max_hp_gain":0.0,"max_hp_loss":0.0,"gold_gain":0.0,"event_name":"Addict","player_choice":"Obtained Relic","floor":20.0,"gold_loss":85.0,"damage_taken":0.0,"relics_obtained":["Omamori"]},{"damage_healed":0.0,"max_hp_gain":0.0,"max_hp_loss":0.0,"gold_gain":0.0,"event_name":"betterThird:BetterWriting","player_choice":"Insight","floor":21.0,"gold_loss":0.0,"damage_taken":0.0,"cards_obtained":["Insight"]},{"damage_healed":0.0,"max_hp_gain":0.0,"max_hp_loss":0.0,"gold_gain":0.0,"event_name":"MindBloom","player_choice":"Fight","floor":36.0,"gold_loss":0.0,"damage_taken":0.0},{"damage_healed":0.0,"max_hp_gain":0.0,"max_hp_loss":3.0,"gold_gain":0.0,"event_name":"Winding Halls","player_choice":"Max HP","floor":37.0,"gold_loss":0.0,"damage_taken":0.0},{"damage_healed":0.0,"max_hp_gain":0.0,"max_hp_loss":0.0,"gold_gain":0.0,"event_name":"Mysterious Sphere","player_choice":"Fight","floor":42.0,"gold_loss":0.0,"damage_taken":0.0}],"is_beta":false,"boss_relics":[{"not_picked":["Tiny House","Calling Bell"],"picked":"Busted Crown"},{"not_picked":["Empty Cage","Sozu"],"picked":"Black Star"}],"items_purged_floors":[7,39,45,53],"is_endless":false,"potions_floor_spawned":[1,8,10,14,24,30,31,36,44,47,48,54],"ascension_level":4}}