{"host":"kabf61oc9jgfwufg","time":1610635993,"event":{"mods":["AchievementEnabler","Act Like it!","Aspiration","BaseMod","Conspire","GifTheSpireLib","Halation","HexUI Lib","Hubris","Infinite Spire","Melee Mod","Minty Spire (QoL Compilation)","Quick Restart","Rare Cards Sparkle","Replay The Spire","Shop Mod","StSLib","Waifu the Spire"],"gold_per_floor":[109,34,34,49,49,79,93,127,150,166,201,201,56,0,0,101,101,116,116,134,147,159,159,11,11,11,11,111,130,144,144,144,241,241,261,261,271,271,271,271,271],"floor_reached":40,"language":"ENG","playtime":1240,"items_purged":["Defend_P"],"score":450,"play_id":"c2bcca40-feda-4890-8cdb-a3317836af68","local_time":"20210114145313","is_ascension_mode":true,"campfire_choices":[{"data":"LikeWater","floor":12.0,"key":"SMITH"},{"floor":15.0,"key":"REST"},{"floor":23.0,"key":"REST"},{"data":"Alpha","floor":25.0,"key":"SMITH"},{"floor":32.0,"key":"REST"}],"circlet_count":0,"master_deck":["Strike_P","Strike_P","Strike_P","Defend_P+1","Defend_P","Defend_P+1","Eruption","Vigilance","FlyingSleeves","Halt","FlurryOfBlows","LikeWater+1","Evaluate","FlyingSleeves","FlurryOfBlows","Ragnarok","Crescendo+1","FollowUp+1","SashWhip","Alpha+1","infinitespire:Menacing","Omniscience","WreathOfFlame+1"],"relics":["HolyWater","NeowsBlessing","conspire:BottledYoYo","Nunchaku","Simple Rune","Pantograph","ReplayTheSpireMod:TigerMarble","Mercury Hourglass","FaceOfCleric","ClockworkSouvenir","Unceasing Top","hubris:Icosahedron","halation:MonkeysPaw","conspire:DeflatedDodgeball"],"acts_visited":["Exordium","TheCity","TheBeyond"],"potions_floor_usage":[],"damage_taken":[{"damage":0.0,"enemies":"2 Louse","floor":1.0,"turns":1.0},{"damage":0.0,"enemies":"Cultist","floor":4.0,"turns":1.0},{"damage":0.0,"enemies":"Replay:BlueRogue","floor":6.0,"turns":1.0},{"damage":0.0,"enemies":"Small Slimes","floor":7.0,"turns":3.0},{"damage":35.0,"enemies":"Lagavulin","floor":8.0,"turns":6.0},{"damage":0.0,"enemies":"Exordium Thugs","floor":10.0,"turns":3.0},{"damage":19.0,"enemies":"Gremlin Nob","floor":11.0,"turns":5.0},{"damage":29.0,"enemies":"Slime Boss","floor":16.0,"turns":8.0},{"damage":8.0,"enemies":"Spheric Guardian","floor":18.0,"turns":3.0},{"damage":24.0,"enemies":"conspire:FuzzyDice","floor":20.0,"turns":5.0},{"damage":16.0,"enemies":"Snake Plant","floor":21.0,"turns":3.0},{"damage":11.0,"enemies":"conspire:HollyBat","floor":22.0,"turns":8.0},{"damage":0.0,"enemies":"Cultist and Chosen","floor":29.0,"turns":3.0},{"damage":0.0,"enemies":"Centurion and Healer","floor":30.0,"turns":3.0},{"damage":34.0,"enemies":"Automaton","floor":33.0,"turns":5.0},{"damage":12.0,"enemies":"3 Shapes","floor":35.0,"turns":5.0},{"damage":64.0,"enemies":"3 Darklings","floor":37.0,"turns":3.0},{"damage":10,"enemies":"Nightmare","floor":40,"turns":3}],"seed_played":"2326209555668218488","potions_obtained":[{"floor":1.0,"key":"Adrenaline Potion"},{"floor":8.0,"key":"ColorlessPotion"},{"floor":16.0,"key":"Reflective Coating"},{"floor":18.0,"key":"LiquidBronze"},{"floor":20.0,"key":"SkillPotion"},{"floor":33.0,"key":"Fire Potion"}],"is_trial":false,"path_per_floor":["M","$","?","M","$","E","M","E","T","M","E","R","$","?","R","B",null,"M","?","M","M","M","R","$","R","T","?","?","M","M","?","R","B",null,"M","?","M","T","?","NM"],"character_chosen":"WATCHER","items_purchased":["ReplayTheSpireMod:TigerMarble","ClockworkSouvenir"],"campfire_rested":3,"item_purchase_floors":[13,24],"current_hp_per_floor":[72,72,72,72,72,72,72,37,37,37,18,18,18,18,39,35,72,64,64,41,26,16,38,38,38,38,38,38,39,40,20,43,35,78,67,67,4,4,4,0,0],"gold":271,"neow_bonus":"THREE_ENEMY_KILL","is_daily":false,"chose_seed":false,"campfire_upgraded":2,"win_rate":0.0,"timestamp":1610635993,"path_taken":["M","$","?","?","?","E","M","E","T","M","E","R","$","?","R","BOSS","M","?","M","M","?","R","?","R","T","?","?","M","?","?","R","BOSS","M","?","M","?","?","NM"],"items_purchased_type":["Relic","Relic"],"build_version":"2020-12-22","purchased_purges":1,"victory":false,"max_hp_per_floor":[72,72,72,72,72,72,72,72,72,72,72,72,72,72,72,72,72,72,72,73,74,75,75,75,75,75,75,75,76,77,77,77,78,78,79,75,76,76,76,76,76],"card_choices":[{"not_picked":["Replay:DivineShield","Vengeance"],"picked":"FlyingSleeves","floor":1.0},{"not_picked":["CrushJoints","Consecrate"],"picked":"Halt","floor":4.0},{"not_picked":["Devotion","Swivel"],"picked":"FlurryOfBlows","floor":6.0},{"not_picked":["ClearTheMind","Replay:BluntJabs"],"picked":"LikeWater","floor":7.0},{"not_picked":["SignatureMove","BowlingBash"],"picked":"Evaluate","floor":8.0},{"not_picked":["Replay:AllIn","Prostrate"],"picked":"FlyingSleeves","floor":10.0},{"not_picked":["Replay:ManipulateFuture","FollowUp"],"picked":"FlurryOfBlows","floor":11.0},{"not_picked":["Replay:LoomingThreat","Wish"],"picked":"Ragnarok","floor":16.0},{"not_picked":["Evaluate+1","Consecrate"],"picked":"Crescendo+1","floor":18.0},{"not_picked":["BowlingBash","Replay:Cycle"],"picked":"FollowUp+1","floor":20.0},{"not_picked":["ClearTheMind","Replay:Hum"],"picked":"SashWhip","floor":21.0},{"not_picked":["FlurryOfBlows","Replay:ManipulateFuture"],"picked":"Alpha","floor":22.0},{"not_picked":["BowlingBash","MentalFortress","DeceiveReality+1"],"picked":"SKIP","floor":29.0},{"not_picked":["Replay:Anticipation","Vengeance+1","FlyingSleeves"],"picked":"SKIP","floor":30.0},{"not_picked":["hubris:InfiniteBlow+1","ReplayTheSpireMod:??????????????????????"],"picked":"infinitespire:Menacing","floor":31.0},{"not_picked":["Establishment","Wish"],"picked":"Omniscience","floor":33.0},{"not_picked":["Replay:Cycle","PathToVictory+1","DeceiveReality"],"picked":"SKIP","floor":35.0},{"not_picked":["EmptyFist","Adaptation+1"],"picked":"WreathOfFlame+1","floor":37.0}],"player_experience":100252,"relics_obtained":[{"floor":6.0,"key":"conspire:BottledYoYo"},{"floor":8.0,"key":"Nunchaku"},{"floor":9.0,"key":"Simple Rune"},{"floor":11.0,"key":"Pantograph"},{"floor":26.0,"key":"Unceasing Top"},{"floor":38.0,"key":"conspire:DeflatedDodgeball"}],"event_choices":[{"cards_removed":["Strike_P"],"damage_healed":0.0,"max_hp_gain":0.0,"max_hp_loss":0.0,"gold_gain":0.0,"event_name":"Wheel of Change","player_choice":"Card Removal","floor":3.0,"gold_loss":0.0,"damage_taken":0.0},{"damage_healed":0.0,"max_hp_gain":0.0,"max_hp_loss":0.0,"gold_gain":0.0,"event_name":"WeMeetAgain","player_choice":"Paid Gold","floor":14.0,"gold_loss":56.0,"damage_taken":0.0,"relics_obtained":["Mercury Hourglass"]},{"damage_healed":0.0,"max_hp_gain":0.0,"max_hp_loss":0.0,"gold_gain":0.0,"event_name":"FaceTrader","player_choice":"Trade","floor":19.0,"gold_loss":0.0,"damage_taken":0.0,"relics_obtained":["FaceOfCleric"]},{"damage_healed":0.0,"max_hp_gain":0.0,"max_hp_loss":0.0,"gold_gain":100.0,"event_name":"Golden Shrine","player_choice":"Pray","floor":28.0,"gold_loss":0.0,"damage_taken":0.0},{"damage_healed":0.0,"max_hp_gain":0.0,"max_hp_loss":4.0,"gold_gain":0.0,"event_name":"Winding Halls","player_choice":"Max HP","floor":36.0,"gold_loss":0.0,"damage_taken":0.0}],"is_beta":false,"boss_relics":[{"not_picked":["Replay:Wanted Poster","infinitespire:Cupcake"],"picked":"HolyWater"},{"not_picked":["Astrolabe","halation:LoveArrow"],"picked":"halation:MonkeysPaw"}],"items_purged_floors":[2],"is_endless":false,"potions_floor_spawned":[1,8,16,18,20,33],"killed_by":"Nightmare","ascension_level":1}}