{"host":"tmk46lqetm74e6y6","time":1610641349,"event":{"mods":["100% Spire Juice","2.2 Compatiblity","Abigail Mod","AchievementEnabler","Act Like it!","BaseMod","Beaked The Cultist","Better Match","BetterRewards","CapriCore","ChefMod","Chen","Decade(王小明)","Friendly Minions","GifTheSpireLib","HololiveMod","KinomotoSakuraMod(木之本?)","Kiyohime（清?）","Minty Spire (QoL Compilation)","Onozuka Komachi Mod","Permanent Neow","Prisma Mod","Random Character Button","Small Relic Pack","StSLib","SuperFastMode","The Administrix","The Alterego","The Animator","The Immortal","The Servant 0.9.4","The Wild Card","TheArtist","TheSwordswoman","Trackpad","Youmu（魂魄妖梦）"],"gold_per_floor":[118,118,131,147,147,147,171,190,244,258,258,269,269,282,282,386,386,369,369,369,384,224,224,224,224,224,224,224,240,271,288,288,288,288],"floor_reached":33,"language":"ENG","playtime":2587,"items_purged":[],"score":259,"play_id":"cc336a1b-66b0-4ffd-81cc-21d8d01e3cb2","local_time":"20210115002229","is_ascension_mode":false,"campfire_choices":[{"data":"animator:DolaSchwi","floor":6,"key":"SMITH"},{"data":"animator:NarberalGamma","floor":13,"key":"SMITH"},{"floor":15,"key":"REST"},{"data":"animator:DolaCouronne","floor":23,"key":"SMITH"},{"data":"animator:AcuraShin","floor":25,"key":"SMITH"},{"data":"animator:DolaRiku","floor":28,"key":"SMITH"},{"floor":32,"key":"REST"}],"circlet_count":0,"master_deck":["animator:Strike_Konosuba+1","animator:Defend_Konosuba+1","animator:Strike+1","animator:Strike+1","animator:Defend","animator:Defend","animator:Defend","animator:Kazuma","animator:Aqua","animator:DolaSchwi+1","animator:ChlammyZell","animator:DolaRiku+1","animator:YunYun","animator:Kaijin","animator:NarberalGamma+1","animator:AcuraShin+1","animator:DolaCouronne+1","animator:Viivi","animator:Benimaru+1","Pain","animator:ShinjiMatou","animator:Hakurou","animator:Berserker"],"relics":["animator:LivingPicture","animator:TheMissingPiece","animator:PurgingStone","Whetstone","relicPack:OneForAll","Hololive_ChaosS","animator:ShionDessert","Eternal Feather","Bottled Lightning","WarpedTongs","Bag of Marbles"],"acts_visited":["Exordium","TheCity"],"potions_floor_usage":[7,16,16,16,21,29,33],"damage_taken":[{"damage":0,"enemies":"Small Slimes","floor":1,"turns":7},{"damage":0,"enemies":"2 Louse","floor":3,"turns":4},{"damage":1,"enemies":"Jaw Worm","floor":4,"turns":5},{"damage":0,"enemies":"Looter","floor":7,"turns":4},{"damage":0,"enemies":"2 Fungi Beasts","floor":8,"turns":3},{"damage":3,"enemies":"Large Slime","floor":10,"turns":5},{"damage":10,"enemies":"Exordium Thugs","floor":12,"turns":4},{"damage":5,"enemies":"Blue Slaver","floor":14,"turns":3},{"damage":19,"enemies":"Hexaghost","floor":16,"turns":8},{"damage":20,"enemies":"2 Thieves","floor":18,"turns":4},{"damage":4,"enemies":"3 Byrds","floor":21,"turns":3},{"damage":33,"enemies":"Centurion and Healer","floor":29,"turns":5},{"damage":28,"enemies":"animator:HornedBat","floor":30,"turns":6},{"damage":0,"enemies":"3 Cultists","floor":31,"turns":4},{"damage":58,"enemies":"Automaton","floor":33,"turns":8}],"seed_played":"-4466457827232639317","potions_obtained":[{"floor":1,"key":"SteroidPotion"},{"floor":4,"key":"DistilledChaos"},{"floor":7,"key":"Dexterity Potion"},{"floor":12,"key":"LiquidMemories"},{"floor":14,"key":"DuplicationPotion"},{"floor":18,"key":"CultistPotion"},{"floor":21,"key":"LiquidBronze"},{"floor":30,"key":"CultistPotion"}],"is_trial":false,"path_per_floor":["M","?","M","M","?","R","M","M","T","M","?","M","R","M","R","B",null,"M","?","?","M","?","R","?","R","T","?","R","M","E","M","R","B"],"character_chosen":"THE_ANIMATOR","items_purchased":[],"campfire_rested":2,"item_purchase_floors":[],"current_hp_per_floor":[66,66,66,65,70,70,70,71,71,68,68,60,60,57,71,55,72,55,72,72,68,68,72,72,72,72,72,72,39,13,13,46,0,0],"gold":288,"neow_bonus":"UPGRADE_CARD","is_daily":false,"chose_seed":false,"campfire_upgraded":5,"win_rate":0.0,"timestamp":1610641349,"path_taken":["M","?","M","M","?","R","M","M","T","M","?","M","R","M","R","BOSS","M","?","?","?","?","R","?","R","T","?","R","M","E","M","R","BOSS"],"items_purchased_type":[],"build_version":"2020-12-22","purchased_purges":0,"victory":false,"max_hp_per_floor":[66,66,66,66,71,71,71,71,71,71,71,71,71,71,71,72,72,72,72,72,72,72,72,72,72,72,72,72,72,72,72,72,72,72],"card_choices":[{"not_picked":["animator:Evileye","animator:ElricEdward"],"picked":"animator:DolaSchwi","floor":1},{"not_picked":["animator:Lu","animator:Add"],"picked":"animator:ChlammyZell","floor":3},{"not_picked":["animator:Rena","animator:HiiragiShinya"],"picked":"animator:DolaRiku","floor":4},{"not_picked":["animator:Kazuma","animator:Vanir"],"picked":"animator:YunYun","floor":7},{"not_picked":["animator:Add","animator:YachiyoNanami"],"picked":"animator:Kaijin","floor":8},{"not_picked":["animator:Elsword","animator:Illya"],"picked":"animator:NarberalGamma","floor":10},{"not_picked":["animator:YunYun","animator:Sloth"],"picked":"animator:AcuraShin","floor":12},{"not_picked":["animator:DolaRiku","animator:ChlammyZell"],"picked":"animator:DolaCouronne","floor":14},{"not_picked":["animator:Hans","animator:Boros"],"picked":"animator:Eris","floor":16},{"not_picked":["animator:Kazuma","animator:Mitsurugi"],"picked":"animator:Viivi","floor":18},{"not_picked":["animator:Witch","animator:Genos"],"picked":"animator:Benimaru+1","floor":21},{"not_picked":["animator:Eve","animator:Evileye"],"picked":"animator:ShinjiMatou","floor":29},{"not_picked":["animator:Kaijin","animator:Shion"],"picked":"animator:Hakurou","floor":30},{"not_picked":["animator:SuzuneAmano+1","animator:MaesHughes"],"picked":"animator:Berserker","floor":31}],"player_experience":49164,"relics_obtained":[{"floor":9,"key":"Whetstone"},{"floor":26,"key":"Bottled Lightning"},{"floor":30,"key":"Bag of Marbles"}],"event_choices":[{"damage_healed":0,"gold_gain":0,"player_choice":"Donut","damage_taken":0,"max_hp_gain":5,"max_hp_loss":0,"event_name":"Big Fish","floor":5,"gold_loss":0},{"damage_healed":24,"gold_gain":0,"player_choice":"Heal","damage_taken":0,"max_hp_gain":0,"max_hp_loss":0,"event_name":"The Library","floor":19,"gold_loss":0},{"damage_healed":0,"gold_gain":0,"player_choice":"Opened","damage_taken":0,"relics_obtained":["animator:ShionDessert"],"max_hp_gain":0,"max_hp_loss":0,"event_name":"The Mausoleum","floor":20,"gold_loss":0},{"cards_removed":["animator:Strike"],"damage_healed":0,"gold_gain":0,"player_choice":"Elegance","damage_taken":0,"max_hp_gain":0,"max_hp_loss":0,"event_name":"Back to Basics","floor":24,"gold_loss":0},{"damage_healed":0,"gold_gain":0,"player_choice":"Rummage","damage_taken":0,"relics_obtained":["WarpedTongs"],"max_hp_gain":0,"max_hp_loss":0,"event_name":"Accursed Blacksmith","floor":27,"gold_loss":0,"cards_obtained":["Pain"]}],"is_beta":false,"boss_relics":[{"not_picked":["Cursed Key","Velvet Choker"],"picked":"Hololive_ChaosS"}],"items_purged_floors":[],"is_endless":false,"potions_floor_spawned":[1,4,7,12,14,18,21,30],"killed_by":"Automaton","ascension_level":0}}