{"host":"oiw60b5ins9fyx34","time":1610596866,"event":{"mods":["BaseMod","Colored Map","Colored Powertips","Minty Spire (QoL Compilation)","Permanent Neow","Quick Restart","Rare Cards Sparkle","Relic Stats","StSLib","The Cursed"],"gold_per_floor":[167,177,195,206,11,26,26,101,127,160,160,160,185,160,160,255,255,265,96,116,31,31,31,66,66,66,66,66],"floor_reached":27,"language":"JPN","playtime":1812,"items_purged":["TheCursedMod:Strike_TheCursed","TheCursedMod:Defend_TheCursed"],"score":241,"play_id":"bc090087-4dd4-4e75-9f52-a50c9490a5f8","local_time":"20210114130106","is_ascension_mode":false,"campfire_choices":[{"data":"TheCursedMod:SoulReap","floor":7,"key":"SMITH"},{"data":"TheCursedMod:ManaBullet","floor":12,"key":"SMITH"},{"data":"TheCursedMod:AbyssShockwave","floor":15,"key":"SMITH"},{"data":"TheCursedMod:StingEye","floor":23,"key":"SMITH"},{"data":"TheCursedMod:PrepareRite","floor":25,"key":"SMITH"}],"circlet_count":0,"master_deck":["TheCursedMod:Strike_TheCursed","TheCursedMod:Strike_TheCursed","TheCursedMod:Strike_TheCursed","TheCursedMod:Defend_TheCursed","TheCursedMod:Defend_TheCursed","TheCursedMod:Defend_TheCursed","TheCursedMod:CursedWand+1","TheCursedMod:CleanUpWorkshop","TheCursedMod:Dregs","TheCursedMod:SurpriseAttack","TheCursedMod:DoubleShield","TheCursedMod:RapidMovement","TheCursedMod:SoulReap+1","TheCursedMod:ManaBullet+1","TheCursedMod:PrepareRite+1","TheCursedMod:RapidMovement","TheCursedMod:BlessingInDisguise","TheCursedMod:SmokeScreen","TheCursedMod:CursedAmulet","TheCursedMod:AbyssShockwave+1","TheCursedMod:CursedRelics","TheCursedMod:StingEye+1","TheCursedMod:FuryStrike","TheCursedMod:CursedMace+1","TheCursedMod:Wield+1"],"relics":["Tiny House","Happy Flower","Centennial Puzzle","Ornamental Fan","Bag of Preparation","Runic Pyramid","TheCursedMod:Tack","NlothsMask","Mummified Hand"],"acts_visited":["Exordium","TheCity"],"potions_floor_usage":[10,13,13,13,16,16],"damage_taken":[{"damage":0,"enemies":"Cultist","floor":1,"turns":3},{"damage":0,"enemies":"Small Slimes","floor":2,"turns":3},{"damage":6,"enemies":"Jaw Worm","floor":3,"turns":4},{"damage":0,"enemies":"Blue Slaver","floor":4,"turns":4},{"damage":1,"enemies":"3 Louse","floor":6,"turns":4},{"damage":19,"enemies":"3 Sentries","floor":10,"turns":13},{"damage":6,"enemies":"Gremlin Nob","floor":13,"turns":3},{"damage":4,"enemies":"Exordium Thugs","floor":14,"turns":5},{"damage":52,"enemies":"The Guardian","floor":16,"turns":14},{"damage":23,"enemies":"Spheric Guardian","floor":18,"turns":6},{"damage":0,"enemies":"Chosen","floor":20,"turns":4},{"damage":40,"enemies":"Gremlin Leader","floor":24,"turns":7},{"damage":29,"enemies":"Sentry and Sphere","floor":27,"turns":5}],"seed_played":"-5182909978357135063","potions_obtained":[{"floor":0,"key":"Explosive Potion"},{"floor":3,"key":"AttackPotion"},{"floor":6,"key":"FearPotion"},{"floor":10,"key":"Strength Potion"},{"floor":13,"key":"LiquidBronze"},{"floor":14,"key":"Fire Potion"},{"floor":18,"key":"Energy Potion"},{"floor":20,"key":"AttackPotion"}],"is_trial":false,"path_per_floor":["M","M","M","M","$","M","R","?","T","E","T","R","E","M","R","B",null,"M","$","M","?","?","R","E","R","T","M"],"character_chosen":"THE_CURSED","items_purchased":["TheCursedMod:PrepareRite","TheCursedMod:RapidMovement","TheCursedMod:FuryStrike"],"campfire_rested":0,"item_purchase_floors":[5,5,19],"current_hp_per_floor":[80,80,74,77,77,79,79,68,68,56,56,56,63,66,66,21,80,57,57,60,60,60,60,27,27,27,0,0],"gold":66,"neow_bonus":"BOSS_RELIC","is_daily":false,"chose_seed":false,"campfire_upgraded":5,"win_rate":0.0,"timestamp":1610596866,"path_taken":["M","?","M","M","$","M","R","?","T","E","?","R","E","M","R","BOSS","M","$","M","?","?","R","E","R","T","M"],"items_purchased_type":["Card","Card","Card"],"build_version":"2020-12-22","purchased_purges":2,"victory":false,"max_hp_per_floor":[80,80,80,80,80,80,80,80,80,80,80,80,80,80,80,80,80,80,80,80,80,80,80,80,80,80,80,80],"relic_stats":{"Centennial Puzzle":[18],"Happy Flower":[19],"counters":[13,75],"Ornamental Fan":[40],"Mummified Hand":[0],"Bag of Preparation":[12],"obtain_stats":[{"TheCursedMod:BlackMagic101":0,"Centennial Puzzle":10,"Tiny House":0,"Happy Flower":9,"Ornamental Fan":11,"Mummified Hand":24,"TheCursedMod:Tack":21,"Bag of Preparation":13,"Runic Pyramid":17,"NlothsMask":22},{"TheCursedMod:BlackMagic101":0,"Centennial Puzzle":6,"Tiny House":0,"Happy Flower":5,"Ornamental Fan":6,"Mummified Hand":12,"TheCursedMod:Tack":11,"Bag of Preparation":7,"Runic Pyramid":9,"NlothsMask":11},{"TheCursedMod:BlackMagic101":0,"Centennial Puzzle":31,"Tiny House":0,"Happy Flower":18,"Ornamental Fan":31,"Mummified Hand":70,"TheCursedMod:Tack":63,"Bag of Preparation":34,"Runic Pyramid":53,"NlothsMask":63}]},"card_choices":[{"not_picked":["TheCursedMod:RavingStaff","TheCursedMod:CircleOfAmplification"],"picked":"TheCursedMod:SurpriseAttack","floor":0},{"not_picked":["TheCursedMod:Obscuration","TheCursedMod:VitalStrike"],"picked":"TheCursedMod:DoubleShield","floor":1},{"not_picked":["TheCursedMod:CursedRelics","TheCursedMod:DoubleShield"],"picked":"TheCursedMod:RapidMovement","floor":2},{"not_picked":["TheCursedMod:TacticalStrike","TheCursedMod:PrepareRite"],"picked":"TheCursedMod:SoulReap","floor":3},{"not_picked":["TheCursedMod:RavingStaff","TheCursedMod:EmpowerCircles"],"picked":"TheCursedMod:ManaBullet","floor":4},{"not_picked":["TheCursedMod:TacticalStrike","TheCursedMod:Obscuration"],"picked":"TheCursedMod:BlessingInDisguise","floor":6},{"not_picked":["TheCursedMod:Stretching","TheCursedMod:SoulReap"],"picked":"TheCursedMod:SmokeScreen","floor":10},{"not_picked":["TheCursedMod:Stigma","TheCursedMod:TroublousMinions"],"picked":"TheCursedMod:CursedAmulet","floor":13},{"not_picked":["TheCursedMod:CircleOfFlame","TheCursedMod:ParallelWorld"],"picked":"TheCursedMod:AbyssShockwave","floor":14},{"not_picked":["TheCursedMod:ParallelWorld","TheCursedMod:OutForBlood"],"picked":"TheCursedMod:CursedRelics","floor":16},{"not_picked":["TheCursedMod:Stretching+1","TheCursedMod:VitalStrike"],"picked":"TheCursedMod:StingEye","floor":18},{"not_picked":["TheCursedMod:FuryStrike","TheCursedMod:SurpriseAttack"],"picked":"TheCursedMod:CursedMace+1","floor":20},{"not_picked":["TheCursedMod:FuryStrike","TheCursedMod:SurpriseAttack+1"],"picked":"TheCursedMod:Wield+1","floor":24}],"player_experience":659830,"relics_obtained":[{"floor":9,"key":"Happy Flower"},{"floor":10,"key":"Centennial Puzzle"},{"floor":11,"key":"Ornamental Fan"},{"floor":13,"key":"Bag of Preparation"},{"floor":24,"key":"Mummified Hand"}],"event_choices":[{"damage_healed":0,"gold_gain":75,"player_choice":"Gather Gold","damage_taken":11,"max_hp_gain":0,"max_hp_loss":0,"event_name":"World of Goop","floor":8,"gold_loss":0},{"damage_healed":0,"gold_gain":0,"player_choice":"Obtained Relic","damage_taken":0,"relics_obtained":["TheCursedMod:Tack"],"max_hp_gain":0,"max_hp_loss":0,"event_name":"Addict","floor":21,"gold_loss":85},{"damage_healed":0,"gold_gain":0,"player_choice":"Trade","damage_taken":0,"relics_obtained":["NlothsMask"],"max_hp_gain":0,"max_hp_loss":0,"event_name":"FaceTrader","floor":22,"gold_loss":0}],"is_beta":false,"boss_relics":[{"not_picked":["Sozu","Runic Dome"],"picked":"Runic Pyramid"}],"items_purged_floors":[5,19],"is_endless":false,"potions_floor_spawned":[3,6,10,13,14,18,20],"killed_by":"Sentry and Sphere","ascension_level":0}}