{"host":"o7j6aatxjwpw1421","time":1610637404,"event":{"mods":["2.2 Compatiblity","AchievementEnabler","BaseMod","Colored Map","DeckTracker","Highlight Path","Keyboard Shortcuts","Minty Spire (QoL Compilation)","Permanent Neow","Quick Restart","StSLib","SuperFastMode","everything is the same but u backflip on backflip"],"gold_per_floor":[119,132,29,29,42,73,91,91,118,118,137,37,57,69,69,147,147,165,141,158,33,33,33,33,44,70,70,70,81,94,127,127,200,200,214,214,214,234,249,278,278,278],"floor_reached":41,"language":"KOR","playtime":2527,"items_purged":["Regret","Strike_R","Defend_R"],"score":920,"play_id":"b606582d-a683-445f-acba-88ca861a4d8f","local_time":"20210115001644","is_ascension_mode":true,"campfire_choices":[{"data":"Pommel Strike","floor":8.0,"key":"SMITH"},{"data":"Body Slam","floor":10.0,"key":"SMITH"},{"data":"Dual Wield","floor":15.0,"key":"SMITH"},{"data":"Fire Breathing","floor":24.0,"key":"SMITH"},{"data":"Shockwave","floor":28.0,"key":"SMITH"},{"floor":32.0,"key":"REST"}],"circlet_count":0,"master_deck":["AscendersBane","Bash","Seeing Red","Body Slam+1","Pommel Strike+1","Reckless Charge","Reaper","Shockwave+1","Dual Wield+1","Shrug It Off","Rampage","Feed","Feel No Pain+1","Warcry+1","Intimidate","Power Through","Second Wind","Dual Wield","Fire Breathing+1","Fiend Fire","Dark Embrace","Immolate","Sentinel"],"relics":["Burning Blood","Pocketwatch","Bronze Scales","Blood Vial","Astrolabe","Orichalcum","Dream Catcher","Empty Cage","Gremlin Horn"],"acts_visited":["Exordium","TheCity","TheBeyond"],"potions_floor_usage":[],"damage_taken":[{"damage":13.0,"enemies":"2 Louse","floor":1.0,"turns":4.0},{"damage":3.0,"enemies":"Cultist","floor":2.0,"turns":3.0},{"damage":2.0,"enemies":"Jaw Worm","floor":5.0,"turns":3.0},{"damage":30.0,"enemies":"Lagavulin","floor":6.0,"turns":5.0},{"damage":7.0,"enemies":"Looter","floor":7.0,"turns":3.0},{"damage":13.0,"enemies":"Exordium Thugs","floor":11.0,"turns":3.0},{"damage":18.0,"enemies":"2 Fungi Beasts","floor":13.0,"turns":4.0},{"damage":1.0,"enemies":"Large Slime","floor":14.0,"turns":4.0},{"damage":52.0,"enemies":"Slime Boss","floor":16.0,"turns":9.0},{"damage":20.0,"enemies":"Spheric Guardian","floor":18.0,"turns":4.0},{"damage":16.0,"enemies":"2 Thieves","floor":19.0,"turns":4.0},{"damage":36.0,"enemies":"3 Cultists","floor":20.0,"turns":7.0},{"damage":5.0,"enemies":"Snecko","floor":25.0,"turns":5.0},{"damage":27.0,"enemies":"Shelled Parasite and Fungi","floor":29.0,"turns":5.0},{"damage":16.0,"enemies":"3 Cultists","floor":30.0,"turns":6.0},{"damage":35.0,"enemies":"Slavers","floor":31.0,"turns":5.0},{"damage":49.0,"enemies":"Collector","floor":33.0,"turns":9.0},{"damage":0.0,"enemies":"3 Shapes","floor":35.0,"turns":4.0},{"damage":17.0,"enemies":"3 Darklings","floor":38.0,"turns":5.0},{"damage":36.0,"enemies":"4 Shapes","floor":39.0,"turns":4.0},{"damage":13.0,"enemies":"Giant Head","floor":40.0,"turns":8.0},{"damage":40,"enemies":"Transient","floor":41,"turns":6}],"seed_played":"-8883253697223882775","potions_obtained":[{"floor":1.0,"key":"GamblersBrew"},{"floor":5.0,"key":"EntropicBrew"},{"floor":7.0,"key":"LiquidMemories"},{"floor":16.0,"key":"SkillPotion"},{"floor":25.0,"key":"GamblersBrew"},{"floor":30.0,"key":"PowerPotion"},{"floor":35.0,"key":"SteroidPotion"},{"floor":39.0,"key":"Swift Potion"}],"is_trial":false,"path_per_floor":["M","M","$","?","M","E","M","R","T","R","M","$","M","M","R","B",null,"M","M","M","$","?","?","R","M","T","?","R","M","M","E","R","B",null,"M","?","$","M","M","E","M"],"character_chosen":"IRONCLAD","items_purchased":["Pommel Strike"],"campfire_rested":1,"item_purchase_floors":[3],"current_hp_per_floor":[61,64,64,64,68,44,47,47,47,47,42,42,42,55,55,19,61,49,53,43,43,43,43,43,46,46,46,46,36,32,22,46,17,65,73,73,73,64,36,31,23,23],"gold":278,"neow_bonus":"ONE_RARE_RELIC","is_daily":false,"chose_seed":false,"campfire_upgraded":5,"win_rate":0.0,"timestamp":1610637404,"path_taken":["M","M","$","?","M","E","M","R","T","R","?","$","M","M","R","BOSS","M","M","M","$","?","?","R","?","T","?","R","M","M","E","R","BOSS","M","?","$","M","M","E","M"],"items_purchased_type":["Card"],"build_version":"2020-12-22","purchased_purges":3,"victory":false,"max_hp_per_floor":[75,75,75,75,75,75,75,75,75,75,75,75,75,75,75,75,75,75,75,75,75,75,75,75,75,75,75,75,78,78,81,81,81,81,81,77,77,77,77,77,77,77],"card_choices":[{"not_picked":["Warcry","Clash"],"picked":"Seeing Red","floor":1.0},{"not_picked":["Clash","Sever Soul"],"picked":"Body Slam","floor":2.0},{"not_picked":["Heavy Blade","Flex"],"picked":"Reckless Charge","floor":5.0},{"not_picked":["Carnage","Burning Pact"],"picked":"Reaper","floor":6.0},{"not_picked":["Perfected Strike","Cleave"],"picked":"Shockwave","floor":7.0},{"not_picked":["Sentinel","Clothesline"],"picked":"Dual Wield","floor":11.0},{"not_picked":["Cleave","Thunderclap"],"picked":"Shrug It Off","floor":13.0},{"not_picked":["Sword Boomerang","Headbutt"],"picked":"Rampage","floor":14.0},{"not_picked":["Reaper","Barricade"],"picked":"Feed","floor":16.0},{"not_picked":["Entrench","Clothesline","Wild Strike"],"picked":"SKIP","floor":18.0},{"not_picked":["Carnage","Clothesline"],"picked":"Intimidate","floor":19.0},{"not_picked":["Sever Soul","Rupture"],"picked":"Power Through","floor":20.0},{"not_picked":["Iron Wave","Havoc","Sever Soul+1"],"picked":"SKIP","floor":25.0},{"not_picked":["Clash","Bloodletting+1","Pommel Strike"],"picked":"SKIP","floor":29.0},{"not_picked":["Clash","Bloodletting+1","Pommel Strike"],"picked":"SKIP","floor":29.0},{"not_picked":["Bloodletting","Heavy Blade"],"picked":"Fiend Fire","floor":30.0},{"not_picked":["Havoc","Combust"],"picked":"Dark Embrace","floor":31.0},{"not_picked":["Juggernaut","Limit Break"],"picked":"Immolate","floor":33.0},{"not_picked":["Carnage","Twin Strike","Perfected Strike"],"picked":"SKIP","floor":35.0},{"not_picked":["Thunderclap","Heavy Blade","Shockwave"],"picked":"SKIP","floor":38.0},{"not_picked":["Sword Boomerang","Armaments","Pommel Strike"],"picked":"SKIP","floor":39.0},{"not_picked":["Fire Breathing","True Grit"],"picked":"Sentinel","floor":40.0}],"player_experience":505869,"relics_obtained":[{"floor":6.0,"key":"Bronze Scales"},{"floor":9.0,"key":"Blood Vial"},{"floor":26.0,"key":"Orichalcum"},{"floor":31.0,"key":"Dream Catcher"},{"floor":40.0,"key":"Gremlin Horn"}],"event_choices":[{"cards_removed":["Strike_R"],"damage_healed":0.0,"max_hp_gain":0.0,"max_hp_loss":0.0,"gold_gain":0.0,"event_name":"Purifier","player_choice":"Purged","floor":4.0,"gold_loss":0.0,"damage_taken":0.0},{"damage_healed":0.0,"max_hp_gain":0.0,"max_hp_loss":0.0,"gold_gain":0.0,"event_name":"The Library","player_choice":"Read","floor":22.0,"gold_loss":0.0,"damage_taken":0.0,"cards_obtained":["Second Wind"]},{"damage_healed":0.0,"max_hp_gain":0.0,"max_hp_loss":0.0,"gold_gain":0.0,"cards_transformed":["Defend_R","Defend_R"],"event_name":"Drug Dealer","player_choice":"Became Test Subject","floor":23.0,"gold_loss":0.0,"damage_taken":0.0,"cards_obtained":["Dual Wield","Fire Breathing"]},{"damage_healed":0.0,"max_hp_gain":0.0,"max_hp_loss":0.0,"gold_gain":0.0,"event_name":"Ghosts","player_choice":"Ignored","floor":27.0,"gold_loss":0.0,"damage_taken":0.0},{"damage_healed":0.0,"max_hp_gain":0.0,"max_hp_loss":4.0,"gold_gain":0.0,"event_name":"Winding Halls","player_choice":"Max HP","floor":36.0,"gold_loss":0.0,"damage_taken":0.0}],"is_beta":false,"boss_relics":[{"not_picked":["Mark of Pain","Philosopher\u0027s Stone"],"picked":"Astrolabe"},{"not_picked":["Calling Bell","Busted Crown"],"picked":"Empty Cage"}],"items_purged_floors":[3,12,21],"is_endless":false,"potions_floor_spawned":[1,5,6,7,16,25,29,30,35,39],"killed_by":"Transient","ascension_level":19}}