{"host":"fnk117zi8wf5078t","time":1610589308,"event":{"mods":["AchievementEnabler","BaseMod","Colored Map","Minty Spire (QoL Compilation)","Rare Cards Sparkle","SuperFastMode","everything is the same but u backflip on backflip"],"gold_per_floor":[113,130,149,149,60,60,90,90,90,109,124,124,124,199,199,270,270,285,305,319,52,52,52,80,95,95,95,95],"floor_reached":27,"language":"KOR","playtime":1190,"items_purged":[],"score":491,"play_id":"b8f61a4a-6cd6-4a29-8f67-4febd89e79a2","local_time":"20210114105508","is_ascension_mode":true,"campfire_choices":[{"data":"Perfected Strike","floor":6.0,"key":"SMITH"},{"data":"Trip","floor":8,"key":"SMITH"},{"data":"Immolate","floor":13,"key":"SMITH"},{"floor":15,"key":"REST"},{"floor":23,"key":"REST"}],"circlet_count":0,"master_deck":["AscendersBane","Strike_R","Strike_R","Strike_R","Strike_R","Strike_R","Defend_R","Bash","Immolate+1","Perfected Strike+1","Headbutt","Pommel Strike","Trip+1","Shockwave","Headbutt","Feed","Immolate+1","Spot Weakness+1","Ghostly Armor+1","Perfected Strike","Bloodletting","Pain","Berserk"],"relics":["Burning Blood","HornCleat","Boot","Red Skull","Astrolabe","Pantograph","WarpedTongs","The Courier","Bottled Tornado"],"acts_visited":["Exordium","TheCity"],"potions_floor_usage":[16,24,25],"damage_taken":[{"damage":6.0,"enemies":"Cultist","floor":1.0,"turns":3.0},{"damage":12.0,"enemies":"Jaw Worm","floor":2.0,"turns":3.0},{"damage":0.0,"enemies":"Small Slimes","floor":3.0,"turns":2.0},{"damage":26,"enemies":"Lagavulin","floor":7,"turns":4},{"damage":13,"enemies":"Blue Slaver","floor":10,"turns":2},{"damage":0,"enemies":"Gremlin Gang","floor":11,"turns":1},{"damage":58,"enemies":"The Guardian","floor":16,"turns":11},{"damage":33,"enemies":"Spheric Guardian","floor":18,"turns":5},{"damage":0,"enemies":"Chosen","floor":19,"turns":3},{"damage":24,"enemies":"Snake Plant","floor":20,"turns":2},{"damage":41,"enemies":"Gremlin Leader","floor":24,"turns":5},{"damage":42,"enemies":"Shelled Parasite and Fungi","floor":25,"turns":4},{"damage":35,"enemies":"Cultist and Chosen","floor":27,"turns":3}],"seed_played":"8732708773602443181","potions_obtained":[{"floor":1.0,"key":"SteroidPotion"},{"floor":10,"key":"Explosive Potion"},{"floor":11,"key":"SpeedPotion"},{"floor":20,"key":"BloodPotion"},{"floor":24,"key":"Strength Potion"}],"is_trial":false,"path_per_floor":["M","M","M","?","$","R","E","R","T","M","M","?","R","?","R","B",null,"M","M","M","$","?","R","E","M","T","M"],"character_chosen":"IRONCLAD","items_purchased":["Trip","Pantograph"],"campfire_rested":2,"item_purchase_floors":[5,21],"current_hp_per_floor":[68,62,68,68,68,68,48,48,48,41,47,52,52,41,65,13,63,36,45,30,30,30,55,24,9,9,0,0],"gold":95,"neow_bonus":"ONE_RANDOM_RARE_CARD","is_daily":false,"chose_seed":false,"campfire_upgraded":3,"win_rate":0.0,"timestamp":1610589308,"path_taken":["M","M","M","?","$","R","E","R","T","?","M","?","R","?","R","BOSS","M","M","M","$","?","R","E","?","T","M"],"items_purchased_type":["Card","Relic"],"build_version":"2020-12-22","purchased_purges":0,"victory":false,"max_hp_per_floor":[75,75,75,75,75,75,75,75,75,75,75,80,80,80,80,80,80,80,83,86,86,86,86,90,93,93,96,96],"card_choices":[{"not_picked":["Anger","Iron Wave"],"picked":"Perfected Strike","floor":1.0},{"not_picked":["Disarm","Intimidate"],"picked":"Headbutt","floor":2.0},{"not_picked":["Shrug It Off","Clothesline"],"picked":"Pommel Strike","floor":3.0},{"not_picked":["Intimidate","Metallicize"],"picked":"Shockwave","floor":7},{"not_picked":["Warcry","True Grit","Hemokinesis"],"picked":"SKIP","floor":10},{"not_picked":["Flex","Shockwave"],"picked":"Headbutt","floor":11},{"not_picked":["Fiend Fire","Corruption"],"picked":"Feed","floor":16},{"not_picked":["Dropkick","Thunderclap"],"picked":"Perfected Strike","floor":18},{"not_picked":["Warcry","Cleave","True Grit"],"picked":"SKIP","floor":19},{"not_picked":["Sword Boomerang","Thunderclap"],"picked":"Bloodletting","floor":20},{"not_picked":["Pommel Strike","Fiend Fire"],"picked":"Berserk","floor":24},{"not_picked":["Clash","Sentinel","True Grit"],"picked":"SKIP","floor":25}],"player_experience":396690,"relics_obtained":[{"floor":7,"key":"Boot"},{"floor":9,"key":"Red Skull"},{"floor":24,"key":"The Courier"},{"floor":26,"key":"Bottled Tornado"}],"event_choices":[{"damage_healed":0.0,"max_hp_gain":0.0,"max_hp_loss":0.0,"gold_gain":0.0,"event_name":"WeMeetAgain","player_choice":"Gave Potion","floor":4.0,"gold_loss":0.0,"damage_taken":0.0,"relics_obtained":["HornCleat"]},{"damage_healed":0,"gold_gain":0,"player_choice":"Donut","damage_taken":0,"max_hp_gain":5,"max_hp_loss":0,"event_name":"Big Fish","floor":12,"gold_loss":0},{"damage_healed":0,"gold_gain":75,"player_choice":"Gather Gold","damage_taken":11,"max_hp_gain":0,"max_hp_loss":0,"event_name":"World of Goop","floor":14,"gold_loss":0},{"damage_healed":0,"gold_gain":0,"player_choice":"Rummage","damage_taken":0,"relics_obtained":["WarpedTongs"],"max_hp_gain":0,"max_hp_loss":0,"event_name":"Accursed Blacksmith","floor":22,"gold_loss":0,"cards_obtained":["Pain"]}],"is_beta":false,"boss_relics":[{"not_picked":["Tiny House","Empty Cage"],"picked":"Astrolabe"}],"items_purged_floors":[],"is_endless":false,"potions_floor_spawned":[1,10,11,20,24],"killed_by":"Cultist and Chosen","ascension_level":20}}