{"host":"s35zr3gblm7slh1q","time":1610596868,"event":{"mods":["BaseMod","Colored Powertips","Downfall","Hermit","Highlight Path","Marisa????????","Minty Spire (QoL Compilation)","Permanent Neow","StSLib"],"gold_per_floor":[99,117,117,129,0,0,47,58,43,43,58,58,71,71,88,187,187,187,203,91,109,121,121,121,121,138,158,158,171,183,183,202,202,202,202],"floor_reached":33,"language":"ENG","playtime":2862,"items_purged":[],"score":243,"play_id":"04ed6fd0-4978-4236-aba5-548ec8e09342","local_time":"20210113230108","is_ascension_mode":false,"campfire_choices":[{"data":"champ:Execute","floor":1,"key":"SMITH"},{"data":"champ:Duel","floor":10,"key":"SMITH"},{"floor":12,"key":"REST"},{"data":"champ:MurderStrike","floor":18,"key":"SMITH"},{"data":"champ:Lariat","floor":25,"key":"SMITH"},{"data":"champ:StrikeOfGenius","floor":28,"key":"SMITH"}],"circlet_count":0,"master_deck":["champ:Strike","champ:Strike","champ:Strike+1","champ:Defend+1","champ:Defend","champ:Defend","champ:Defend+1","champ:Execute+1","champ:Taunt+1","champ:BringItOn","champ:StrikeOfGenius+1","champ:Duel+1","champ:RecklessLeap","champ:IronFortress","champ:DefensiveShout","champ:CalledShot","champ:FlashCut","champ:FlashCut","champ:TornadoPunch","champ:MurderStrike+1","champ:DeathBlow","champ:IronFortress","champ:BerserkersShout","champ:Lariat+1","champ:GladiatorsShout+1","champ:Shatter","champ:Backstep","champ:EnGarde","champ:MurderStrike+1","champ:Lariat"],"relics":["champ:ChampionCrown","Centennial Puzzle","Empty Cage","NlothsMask"],"acts_visited":["Exordium","TheCity"],"potions_floor_usage":[15,16,20,22,26,27,30],"damage_taken":[{"damage":7,"enemies":"Small Slimes","floor":2,"turns":5},{"damage":0,"enemies":"2 Louse","floor":4,"turns":2},{"damage":15,"enemies":"downfall:FleeingMerchant","floor":5,"turns":4},{"damage":6,"enemies":"Cultist","floor":8,"turns":3},{"damage":27,"enemies":"downfall:FleeingMerchant","floor":9,"turns":4},{"damage":53,"enemies":"Exordium Thugs","floor":11,"turns":5},{"damage":17,"enemies":"Red Slaver","floor":13,"turns":4},{"damage":3,"enemies":"Exordium Wildlife","floor":15,"turns":2},{"damage":55,"enemies":"downfall:Silent","floor":16,"turns":9},{"damage":11,"enemies":"3 Byrds","floor":19,"turns":5},{"damage":15,"enemies":"downfall:FleeingMerchant","floor":20,"turns":4},{"damage":26,"enemies":"Shell Parasite","floor":21,"turns":3},{"damage":5,"enemies":"Cultist and Chosen","floor":22,"turns":4},{"damage":37,"enemies":"Snake Plant","floor":26,"turns":5},{"damage":60,"enemies":"Shelled Parasite and Fungi","floor":27,"turns":8},{"damage":21,"enemies":"Centurion and Healer","floor":29,"turns":6},{"damage":43,"enemies":"Chosen and Byrds","floor":30,"turns":8},{"damage":25,"enemies":"Cultist and Chosen","floor":32,"turns":5},{"damage":63,"enemies":"downfall:Ironclad","floor":33,"turns":7}],"seed_played":"2422334004360788625","potions_obtained":[{"floor":11,"key":"EssenceOfSteel"},{"floor":13,"key":"champ:CounterPotion"},{"floor":16,"key":"Fire Potion"},{"floor":21,"key":"hexamod:EctoCoolerPotion"},{"floor":22,"key":"SkillPotion"},{"floor":29,"key":"SkillPotion"}],"is_trial":false,"path_per_floor":["R","M","?","M","$","?","T","M","$","R","M","R","M","?","M","B",null,"R","M","$","M","M","?","T","R","M","M","R","M","M","?","M","B"],"character_chosen":"THE_CHAMP","items_purchased":["champ:RecklessLeap","champ:IronFortress","champ:BerserkersShout","Regen Potion"],"campfire_rested":1,"item_purchase_floors":[5,5,20,20],"current_hp_per_floor":[90,88,88,88,81,86,86,80,76,76,51,79,71,71,68,38,95,95,89,89,89,84,84,84,84,75,74,74,70,55,55,45,0,0,0],"gold":202,"neow_bonus":"UPGRADE_CARD","is_daily":false,"chose_seed":false,"campfire_upgraded":5,"win_rate":0.0,"timestamp":1610596868,"path_taken":["R","M","?","M","$","?","T","M","$","R","M","R","M","?","M","BOSS","R","M","$","?","M","?","T","R","M","?","R","M","M","?","M","BOSS"],"items_purchased_type":["Card","Card","Card","Potion"],"build_version":"2020-12-22","purchased_purges":0,"victory":false,"max_hp_per_floor":[90,90,90,90,90,95,95,95,95,95,95,95,95,95,95,95,95,95,95,95,95,95,95,95,95,95,95,95,95,95,95,95,95,95,95],"card_choices":[{"not_picked":["champ:GladiatorsShout","champ:FocusedBerserking"],"picked":"champ:BringItOn","floor":2},{"not_picked":["champ:BerserkersShout","champ:GladiatorsShout"],"picked":"champ:StrikeOfGenius","floor":4},{"not_picked":["champ:PerfectedStrike","champ:RapidStrikes"],"picked":"champ:Duel","floor":5},{"not_picked":["champ:PerfectedStrike","champ:FocusedDefense"],"picked":"champ:DefensiveShout","floor":8},{"not_picked":["champ:GladiatorsShout","champ:DeathBlow"],"picked":"champ:CalledShot","floor":9},{"not_picked":["champ:TornadoPunch","champ:BringItOn"],"picked":"champ:FlashCut","floor":11},{"not_picked":["champ:RecklessLeap","champ:SkillfulDodge"],"picked":"champ:FlashCut","floor":13},{"not_picked":["champ:FocusedGladiator","champ:GladiatorsShout"],"picked":"champ:TornadoPunch","floor":15},{"not_picked":["champ:SteelEdge","champ:SwordThrow"],"picked":"champ:MurderStrike","floor":16},{"not_picked":["champ:BringItOn","champ:Encircle"],"picked":"champ:DeathBlow","floor":19},{"not_picked":["champ:CrookedStrike","champ:FocusedBerserking"],"picked":"champ:IronFortress","floor":20},{"not_picked":["champ:BerserkersShout+1","champ:PerfectedStrike+1"],"picked":"champ:Lariat","floor":21},{"not_picked":["champ:BerserkersShout","champ:StanceDance"],"picked":"champ:GladiatorsShout+1","floor":22},{"not_picked":["champ:FanOfKnives","champ:FlashCut","champ:GladiatorsShout"],"picked":"SKIP","floor":26},{"not_picked":["champ:DefensiveShout","champ:TornadoPunch"],"picked":"champ:Shatter","floor":27},{"not_picked":["champ:RecklessLeap","champ:BerserkersShout"],"picked":"champ:Backstep","floor":29},{"not_picked":["champ:Haymaker","champ:Backstep"],"picked":"champ:EnGarde","floor":30},{"not_picked":["champ:FanOfKnives","champ:GladiatorStyle"],"picked":"champ:Lariat","floor":32}],"player_experience":339568,"relics_obtained":[{"floor":7,"key":"Centennial Puzzle"}],"event_choices":[{"damage_healed":0,"gold_gain":0,"player_choice":"Donut","damage_taken":0,"max_hp_gain":5,"max_hp_loss":0,"event_name":"Big Fish","floor":6,"gold_loss":0},{"damage_healed":0,"gold_gain":0,"player_choice":"Trade","damage_taken":0,"relics_obtained":["NlothsMask"],"max_hp_gain":0,"max_hp_loss":0,"event_name":"FaceTrader","floor":23,"gold_loss":0},{"damage_healed":0,"gold_gain":0,"player_choice":"Copied","damage_taken":0,"max_hp_gain":0,"max_hp_loss":0,"event_name":"Duplicator","floor":31,"gold_loss":0,"cards_obtained":["champ:MurderStrike"]}],"is_beta":false,"boss_relics":[{"not_picked":["Fusion Hammer","Black Star"],"picked":"Empty Cage"}],"items_purged_floors":[],"is_endless":false,"potions_floor_spawned":[11,13,16,21,22,29],"killed_by":"downfall:Ironclad","ascension_level":0}}