{"host":"esx1hwjnbftf3eqj","time":1610662443,"event":{"mods":["AchievementEnabler","BaseMod","Colored Map","Minty Spire (QoL Compilation)","StSLib","The Jungle"],"gold_per_floor":[113,32,32,32,53,92,107,107,132,157,82,97,167,192,192,192,192],"floor_reached":16,"language":"ENG","playtime":839,"items_purged":["Strike_R"],"score":102,"play_id":"5d12eb34-dea6-4cca-a6c7-8da2c887edf0","local_time":"20210114141403","is_ascension_mode":false,"campfire_choices":[{"floor":8,"key":"REST"},{"floor":15,"key":"REST"}],"circlet_count":0,"master_deck":["Strike_R","Strike_R","Strike_R","Strike_R","Defend_R","Defend_R","Defend_R","Defend_R","Bash","Flash of Steel","Dropkick"],"relics":["Burning Blood","Tiny Chest","Golden Idol","Bag of Preparation","Potion Belt","Kunai"],"acts_visited":["Exordium"],"potions_floor_usage":[6,10,14,16],"damage_taken":[{"damage":11.0,"enemies":"Jaw Worm","floor":1.0,"turns":2.0},{"damage":7.0,"enemies":"Small Slimes","floor":5.0,"turns":3.0},{"damage":50,"enemies":"Lagavulin","floor":6,"turns":7},{"damage":1,"enemies":"Cultist","floor":7,"turns":3},{"damage":16,"enemies":"Large Slime","floor":10,"turns":7},{"damage":11,"enemies":"Lots of Slimes","floor":12,"turns":6},{"damage":6,"enemies":"Gremlin Gang","floor":14,"turns":5},{"damage":51,"enemies":"Hexaghost","floor":16,"turns":12}],"seed_played":"2390131908436659773","potions_obtained":[{"floor":1.0,"key":"ElixirPotion"},{"floor":5.0,"key":"Swift Potion"},{"floor":6,"key":"BlessingOfTheForge"},{"floor":12,"key":"DuplicationPotion"},{"floor":14,"key":"BlessingOfTheForge"}],"is_trial":false,"path_per_floor":["M","$","?","?","M","E","M","R","T","M","$","M","T","M","R","B"],"character_chosen":"IRONCLAD","items_purchased":["Flash of Steel"],"campfire_rested":2,"item_purchase_floors":[2],"current_hp_per_floor":[75,75,55,55,54,10,15,39,39,29,29,24,24,24,48,0,0],"gold":192,"neow_bonus":"RANDOM_COMMON_RELIC","is_daily":false,"chose_seed":false,"campfire_upgraded":0,"win_rate":0.0,"timestamp":1610662443,"path_taken":["M","$","?","?","M","E","M","R","T","?","$","M","?","M","R","BOSS"],"items_purchased_type":["Card"],"build_version":"2020-12-22","purchased_purges":1,"victory":false,"max_hp_per_floor":[80,80,80,80,80,80,80,80,80,80,80,80,80,80,80,80,80],"card_choices":[{"not_picked":["Hemokinesis","Clash","Evolve"],"picked":"SKIP","floor":1.0},{"not_picked":["Sever Soul","Combust","Body Slam"],"picked":"SKIP","floor":5.0},{"not_picked":["Cleave","Evolve","Whirlwind"],"picked":"SKIP","floor":6},{"not_picked":["Second Wind","Dual Wield","Wild Strike"],"picked":"SKIP","floor":7},{"not_picked":["Flex","Clothesline","Wild Strike"],"picked":"SKIP","floor":10},{"not_picked":["Searing Blow","Havoc","Iron Wave"],"picked":"SKIP","floor":12},{"not_picked":["Combust","Burning Pact"],"picked":"Dropkick","floor":14}],"player_experience":738135,"relics_obtained":[{"floor":6,"key":"Bag of Preparation"},{"floor":9,"key":"Potion Belt"},{"floor":13,"key":"Kunai"}],"event_choices":[{"damage_healed":0.0,"max_hp_gain":0.0,"max_hp_loss":0.0,"gold_gain":0.0,"event_name":"Golden Idol","player_choice":"Take Damage","floor":3.0,"gold_loss":0.0,"damage_taken":20.0,"relics_obtained":["Golden Idol"]},{"damage_healed":0.0,"max_hp_gain":0.0,"max_hp_loss":0.0,"gold_gain":0.0,"event_name":"Match and Keep!","player_choice":"0 cards matched","floor":4.0,"gold_loss":0.0,"damage_taken":0.0,"cards_obtained":[]}],"is_beta":false,"boss_relics":[],"items_purged_floors":[11],"is_endless":false,"potions_floor_spawned":[1,5,6,12,14],"killed_by":"Hexaghost","ascension_level":0}}