{"host":"fa35vd3kig5td25x","time":1610645143,"event":{"mods":["BaseMod","Colored Powertips","Minty Spire (QoL Compilation)","Relic Stats","Slay the Relics Exporter"],"gold_per_floor":[116,116,130,130,130,165,165,181,181,181,210,221,221,271,271,271,271],"floor_reached":16,"language":"ENG","playtime":484,"items_purged":[],"score":266,"play_id":"165c6590-7f05-4eb1-b256-ee8ecee546aa","local_time":"20210114182543","is_ascension_mode":true,"campfire_choices":[{"data":"Sweeping Beam","floor":7,"key":"SMITH"},{"data":"Barrage","floor":10,"key":"SMITH"},{"data":"Zap","floor":13,"key":"SMITH"},{"data":"Strike_B","floor":15,"key":"PURGE"}],"circlet_count":0,"master_deck":["AscendersBane","Strike_B","Strike_B","Defend_B","Defend_B","Defend_B","Defend_B","Zap+1","Dualcast","Cold Snap","Barrage+1","Sweeping Beam+1","Steam","Compile Driver","Leap"],"relics":["Cracked Core","NeowsBlessing","Shuriken","Strawberry","MealTicket","Peace Pipe"],"acts_visited":["Exordium"],"potions_floor_usage":[16],"damage_taken":[{"damage":0,"enemies":"Small Slimes","floor":1,"turns":1},{"damage":0,"enemies":"2 Louse","floor":3,"turns":1},{"damage":0,"enemies":"Gremlin Nob","floor":6,"turns":1},{"damage":0,"enemies":"Cultist","floor":8,"turns":3},{"damage":20,"enemies":"3 Sentries","floor":11,"turns":6},{"damage":17,"enemies":"Exordium Wildlife","floor":12,"turns":6},{"damage":23,"enemies":"Hexaghost","floor":16,"turns":9}],"seed_played":"4879649423320880175","potions_obtained":[{"floor":11,"key":"ColorlessPotion"}],"is_trial":false,"path_per_floor":["M","?","M","?","?","E","R","M","T","R","E","M","R","?","R","B"],"character_chosen":"DEFECT","items_purchased":[],"campfire_rested":0,"item_purchase_floors":[],"current_hp_per_floor":[64,69,69,58,51,58,58,58,58,58,38,21,21,21,21,0,0],"gold":271,"neow_bonus":"THREE_ENEMY_KILL","is_daily":false,"chose_seed":false,"campfire_upgraded":3,"win_rate":0.0,"timestamp":1610645143,"path_taken":["M","?","M","?","?","E","R","M","T","R","E","M","R","?","R","BOSS"],"items_purchased_type":[],"build_version":"2020-12-22","purchased_purges":0,"victory":false,"max_hp_per_floor":[71,76,76,76,76,83,83,83,83,83,83,83,83,83,83,83,83],"relic_stats":{"Peace Pipe":1,"counters":[7,27],"Shuriken":[6],"MealTicket":0,"obtain_stats":[{"Peace Pipe":11,"NeowsBlessing":0,"Shuriken":4,"Strawberry":6,"MealTicket":9,"Cracked Core":0},{"Peace Pipe":5,"NeowsBlessing":0,"Shuriken":2,"Strawberry":3,"MealTicket":4,"Cracked Core":0},{"Peace Pipe":12,"NeowsBlessing":0,"Shuriken":2,"Strawberry":3,"MealTicket":6,"Cracked Core":0}]},"card_choices":[{"not_picked":["Turbo","Redo"],"picked":"Cold Snap","floor":1},{"not_picked":["Leap","Loop"],"picked":"Barrage","floor":3},{"not_picked":["Sunder","Skim"],"picked":"Sweeping Beam","floor":6},{"not_picked":["Aggregate","Heatsinks"],"picked":"Steam","floor":8},{"not_picked":["Undo","Loop"],"picked":"Compile Driver","floor":11},{"not_picked":["Hologram","Double Energy"],"picked":"Leap","floor":12}],"player_experience":2922424,"relics_obtained":[{"floor":6,"key":"Strawberry"},{"floor":9,"key":"MealTicket"},{"floor":11,"key":"Peace Pipe"}],"event_choices":[{"damage_healed":0,"gold_gain":0,"player_choice":"Donut","damage_taken":0,"max_hp_gain":5,"max_hp_loss":0,"event_name":"Big Fish","floor":2,"gold_loss":0},{"damage_healed":0,"gold_gain":0,"player_choice":"Success","damage_taken":11,"relics_obtained":["Shuriken"],"max_hp_gain":0,"max_hp_loss":0,"event_name":"Scrap Ooze","floor":4,"gold_loss":0},{"cards_removed":["Strike_B"],"damage_healed":0,"gold_gain":0,"player_choice":"Card Removal","damage_taken":7,"max_hp_gain":0,"max_hp_loss":0,"event_name":"Golden Wing","floor":5,"gold_loss":0},{"damage_healed":0,"gold_gain":50,"player_choice":"Pray","damage_taken":0,"max_hp_gain":0,"max_hp_loss":0,"event_name":"Golden Shrine","floor":14,"gold_loss":0}],"is_beta":false,"boss_relics":[],"items_purged_floors":[],"is_endless":false,"potions_floor_spawned":[11],"killed_by":"Hexaghost","ascension_level":20}}