{"host":"lmshf3swj20gmdor","time":1610582384,"event":{"mods":["2.2 Compatiblity","Aspiration","BaseMod","Conspire","Downfall","Googly Eyes","Hubris","Mad Scientist","Minty Spire (QoL Compilation)","Replay The Spire","Spikes Relics","StSLib","Synergy Search","The Construct"],"gold_per_floor":[111,124,124,124,199,199,214,241,241,92,92,106,124,137,137,137,137],"floor_reached":16,"language":"ENG","playtime":378,"items_purged":[],"score":153,"play_id":"9598497b-e419-451e-bb22-501a1289df9f","local_time":"20210113235944","is_ascension_mode":true,"campfire_choices":[{"data":"Rip and Tear","floor":6,"key":"SMITH"},{"data":"Coolheaded","floor":11,"key":"SMITH"},{"floor":15,"key":"REST"}],"circlet_count":0,"master_deck":["AscendersBane","Strike_B","Strike_B","Strike_B","Strike_B","Defend_B","Defend_B","Defend_B","Zap+1","Dualcast","Go for the Eyes","Rip and Tear+1","Streamline+1","Coolheaded+1","Barrage","Hologram","Electrodynamics"],"relics":["Cracked Core","NeowsBlessing","Dead Branch","hubris:RGBLights","hubris:BallOfYels"],"acts_visited":["Exordium"],"potions_floor_usage":[14],"damage_taken":[{"damage":0,"enemies":"Cultist","floor":1,"turns":1},{"damage":0,"enemies":"Jaw Worm","floor":2,"turns":1},{"damage":0,"enemies":"2 Louse","floor":7,"turns":1},{"damage":21,"enemies":"Lagavulin","floor":8,"turns":7},{"damage":8,"enemies":"Blue Slaver","floor":12,"turns":3},{"damage":19,"enemies":"Exordium Wildlife","floor":13,"turns":4},{"damage":2,"enemies":"Exordium Thugs","floor":14,"turns":4},{"damage":31,"enemies":"Hexaghost","floor":16,"turns":7}],"seed_played":"5996217141388872003","potions_obtained":[{"floor":1,"key":"Toxic Potion"},{"floor":7,"key":"Flashbang"},{"floor":13,"key":"Adrenaline Potion"}],"is_trial":false,"path_per_floor":["M","M","?","?","?","R","M","E","T","$","R","M","M","M","R","B"],"character_chosen":"DEFECT","items_purchased":["hubris:BallOfYels"],"campfire_rested":1,"item_purchase_floors":[10],"current_hp_per_floor":[68,68,68,68,57,57,57,36,36,36,36,28,9,7,29,0,0],"gold":137,"neow_bonus":"THREE_ENEMY_KILL","is_daily":false,"chose_seed":false,"campfire_upgraded":2,"win_rate":0.0,"timestamp":1610582384,"path_taken":["M","?","?","?","?","R","M","E","T","?","R","M","?","M","R","BOSS"],"items_purchased_type":["Relic"],"build_version":"2020-12-22","purchased_purges":0,"victory":false,"max_hp_per_floor":[75,75,75,75,75,75,75,75,75,75,75,75,75,75,75,75,75],"card_choices":[{"not_picked":["conspire:Rain","ReplayTheSpireMod:GoodbyeWorld"],"picked":"Go for the Eyes","floor":1},{"not_picked":["Recycle","Stack"],"picked":"Rip and Tear","floor":2},{"not_picked":["Steam","Stack"],"picked":"Coolheaded","floor":7},{"not_picked":["hubris:DoWhile","Panic Button","Hyperbeam"],"picked":"SKIP","floor":8},{"not_picked":["Hologram","Compile Driver"],"picked":"Barrage","floor":12},{"not_picked":["Barrage","Sweeping Beam","Hologram"],"picked":"SKIP","floor":13},{"not_picked":["Barrage","Sweeping Beam"],"picked":"Hologram","floor":13},{"not_picked":["Beam Cell","Rebound"],"picked":"Electrodynamics","floor":14}],"player_experience":870845,"relics_obtained":[{"floor":8,"key":"Dead Branch"},{"floor":9,"key":"hubris:RGBLights"}],"event_choices":[{"damage_healed":0,"gold_gain":75,"player_choice":"Gather Gold","damage_taken":11,"max_hp_gain":0,"max_hp_loss":0,"event_name":"World of Goop","floor":5,"gold_loss":0}],"is_beta":false,"boss_relics":[],"items_purged_floors":[],"is_endless":false,"potions_floor_spawned":[1,7,13],"killed_by":"Hexaghost","ascension_level":10}}