{"host":"wrlgpq1wkw8k1x5v","time":1610617369,"event":{"mods":["Act Like it!","BaseMod","Colored Powertips","Gensokyo","Koishi","Minty Spire (QoL Compilation)","StSLib"],"gold_per_floor":[364,382,394,419,316,342,342,202,248,248,248,248,248,88,88,88,88],"floor_reached":16,"language":"ZHS","playtime":1496,"items_purged":[],"score":98,"play_id":"7e0343f5-0b5a-4694-a5af-a57d0b0ec9ed","local_time":"20210114174249","is_ascension_mode":false,"campfire_choices":[{"data":"Koishi:RacingHeart","floor":7.0,"key":"SMITH"},{"floor":12.0,"key":"REST"},{"floor":15,"key":"REST"}],"circlet_count":0,"master_deck":["Koishi:BasicStrike","Koishi:BasicStrike","Koishi:BasicStrike","Koishi:BasicStrike","Koishi:BasicDefend","Koishi:BasicDefend","Koishi:BasicDefend","Koishi:BasicDefend","Koishi:Provoke","Koishi:HauntingSlash","Koishi:RacingHeart+1","Koishi:Bloodlust","Koishi:DreadfulBlow","Koishi:TraumaticStroke","Koishi:DanmakuParanoia","Koishi:DreadfulBlow","Koishi:TerrifyingSpectre"],"relics":["Koishi:ImaginaryFriend","Juzu Bracelet","Centennial Puzzle","Peace Pipe","Dream Catcher","Gensokyo:CelestialsFlawlessClothing","Gensokyo:Justice","Gensokyo:Bombinomicon"],"acts_visited":["Gensokyo:Gensokyo"],"potions_floor_usage":[],"damage_taken":[{"damage":3.0,"enemies":"Gensokyo:Python","floor":1.0,"turns":4.0},{"damage":7.0,"enemies":"Gensokyo:Gryphon","floor":2.0,"turns":4.0},{"damage":6.0,"enemies":"Gensokyo:2_Kodama","floor":3.0,"turns":4.0},{"damage":18.0,"enemies":"Gensokyo:Mamizou","floor":6.0,"turns":10.0},{"damage":0.0,"enemies":"Gensokyo:Gryphon_and_Rabbit","floor":11.0,"turns":1.0},{"damage":113,"enemies":"Gensokyo:Yukari","floor":16,"turns":15}],"seed_played":"-5091462932466743384","potions_obtained":[{"floor":1.0,"key":"AttackPotion"},{"floor":6.0,"key":"SmokeBomb"}],"is_trial":false,"path_per_floor":["M","M","M","T","$","E","R","?","T","?","M","R","?","?","R","B"],"character_chosen":"KOISHI","items_purchased":["Koishi:TraumaticStroke","Koishi:DanmakuParanoia"],"campfire_rested":2,"item_purchase_floors":[5,5],"current_hp_per_floor":[40,39,37,37,37,27,27,27,27,12,12,30,30,30,48,0,0],"gold":88,"neow_bonus":"TWO_FIFTY_GOLD","is_daily":false,"chose_seed":false,"campfire_upgraded":1,"win_rate":0.0,"timestamp":1610617369,"path_taken":["M","?","?","?","$","E","R","?","T","?","M","R","?","?","R","BOSS"],"items_purchased_type":["Card","Card"],"build_version":"2020-12-22","purchased_purges":0,"victory":false,"max_hp_per_floor":[60,60,60,60,60,60,60,60,60,60,60,60,60,60,60,60,60],"card_choices":[{"not_picked":["Koishi:FourthEye","Koishi:MassHysteria"],"picked":"Koishi:RacingHeart","floor":1.0},{"not_picked":["Koishi:PhantomBarrier","Koishi:SubconsciousSweep"],"picked":"Koishi:Bloodlust","floor":2.0},{"not_picked":["Koishi:PhantomBarrier","Koishi:IdleWhim"],"picked":"Koishi:DreadfulBlow","floor":3.0},{"not_picked":["Koishi:ConditionedTeleport","Koishi:Prune"],"picked":"Koishi:DreadfulBlow","floor":6.0},{"not_picked":["Koishi:DanmakuParanoia","Koishi:FreudianInstinct"],"picked":"Koishi:ReflexRadar","floor":12.0},{"not_picked":["Koishi:EmbryosDream","Koishi:CatchAndRose"],"picked":"Koishi:TerrifyingSpectre","floor":15}],"player_experience":29577,"relics_obtained":[{"floor":4.0,"key":"Juzu Bracelet"},{"floor":6.0,"key":"Centennial Puzzle"},{"floor":9.0,"key":"Dream Catcher"}],"event_choices":[],"is_beta":false,"boss_relics":[],"items_purged_floors":[],"is_endless":false,"potions_floor_spawned":[1,6],"killed_by":"Gensokyo:Yukari","ascension_level":0}}