{"host":"x21cvmfdo17nyhii","time":1610602526,"event":{"mods":["AchievementEnabler","BaseMod","Colored Map","Colored Powertips","DeckTracker","Highlight Path","Minty Spire (QoL Compilation)","Quick Restart","Rare Cards Sparkle","SuperFastMode"],"gold_per_floor":[110,35,35,54,54,54,74,74,74,88,163,193,173,183,183,287,287,307,317,328,345,356,356,390,131,131,166,180,23,23,23,23,121,121,140,13,13,32,49,49,66,66,120,149,168,179,179,198,198,198,198],"floor_reached":50,"language":"ENG","playtime":4111,"items_purged":["Defend_B"],"score":734,"play_id":"f4590a1a-a5e7-4475-8473-0e286853609b","local_time":"20210113213526","is_ascension_mode":true,"campfire_choices":[{"data":"Zap","floor":6.0,"key":"SMITH"},{"data":"Glacier","floor":15.0,"key":"SMITH"},{"data":"Fission","floor":23.0,"key":"SMITH"},{"data":"Buffer","floor":32.0,"key":"SMITH"},{"data":"Madness","floor":40.0,"key":"SMITH"},{"data":"Madness","floor":42.0,"key":"SMITH"},{"data":"Reboot","floor":49.0,"key":"SMITH"}],"circlet_count":0,"master_deck":["Zap+1","Dualcast","Glacier+1","Genetic Algorithm+1","White Noise+1","Machine Learning","Doom and Gloom","Fission+1","Recycle","Sunder","Heatsinks","Reboot+1","Conserve Battery","Buffer+1","Leap+1","Undo","Fusion","FTL+1","Amplify","Blizzard+1","Thunder Strike+1","Hyperbeam+1","Compile Driver+1","Madness+1","Madness+1","Defragment","Parasite","Good Instincts","Dramatic Entrance+1","Enlightenment"],"relics":["Coffee Dripper","PreservedInsect","Unceasing Top","Pandora\u0027s Box","Molten Egg 2","DataDisk","Du-Vu Doll","War Paint","Kunai","Busted Crown","Bronze Scales","Calipers"],"acts_visited":["Exordium","TheCity","TheBeyond"],"potions_floor_usage":[50,50,50],"damage_taken":[{"damage":2.0,"enemies":"Jaw Worm","floor":1.0,"turns":3.0},{"damage":0.0,"enemies":"Cultist","floor":4.0,"turns":3.0},{"damage":8.0,"enemies":"2 Louse","floor":7.0,"turns":2.0},{"damage":0.0,"enemies":"2 Fungi Beasts","floor":10.0,"turns":2.0},{"damage":12.0,"enemies":"Gremlin Nob","floor":12.0,"turns":4.0},{"damage":0.0,"enemies":"Exordium Thugs","floor":14.0,"turns":2.0},{"damage":34.0,"enemies":"Hexaghost","floor":16.0,"turns":11.0},{"damage":21.0,"enemies":"2 Thieves","floor":18.0,"turns":3.0},{"damage":0.0,"enemies":"Spheric Guardian","floor":19.0,"turns":4.0},{"damage":1.0,"enemies":"Centurion and Healer","floor":20.0,"turns":5.0},{"damage":19.0,"enemies":"Chosen and Byrds","floor":21.0,"turns":10.0},{"damage":3.0,"enemies":"Sentry and Sphere","floor":22.0,"turns":8.0},{"damage":0.0,"enemies":"Gremlin Leader","floor":24.0,"turns":6.0},{"damage":0.0,"enemies":"Slavers","floor":27.0,"turns":4.0},{"damage":0.0,"enemies":"Snecko","floor":28.0,"turns":4.0},{"damage":1.0,"enemies":"Champ","floor":33.0,"turns":14.0},{"damage":0.0,"enemies":"3 Darklings","floor":35.0,"turns":5.0},{"damage":0.0,"enemies":"Orb Walker","floor":38.0,"turns":3.0},{"damage":13.0,"enemies":"Writhing Mass","floor":39.0,"turns":5.0},{"damage":0.0,"enemies":"Spire Growth","floor":41.0,"turns":5.0},{"damage":0.0,"enemies":"Nemesis","floor":44.0,"turns":7.0},{"damage":22.0,"enemies":"3 Darklings","floor":45.0,"turns":2.0},{"damage":0.0,"enemies":"Writhing Mass","floor":46.0,"turns":4.0},{"damage":2.0,"enemies":"Maw","floor":48.0,"turns":10.0},{"damage":25,"enemies":"Donu and Deca","floor":50,"turns":5}],"seed_played":"-1567540032309379680","potions_obtained":[{"floor":10.0,"key":"Block Potion"},{"floor":12.0,"key":"DuplicationPotion"},{"floor":13.0,"key":"Swift Potion"},{"floor":14.0,"key":"Fire Potion"},{"floor":16.0,"key":"Dexterity Potion"},{"floor":20.0,"key":"Strength Potion"},{"floor":24.0,"key":"PotionOfCapacity"},{"floor":27.0,"key":"SpeedPotion"},{"floor":38.0,"key":"SkillPotion"},{"floor":41.0,"key":"Ancient Potion"},{"floor":48.0,"key":"AttackPotion"}],"is_trial":false,"path_per_floor":["M","$","?","M","?","R","M","$","T","M","?","E","?","M","R","B",null,"M","M","M","M","M","R","E","$","T","E","M","$","T","$","R","B",null,"M","$","?","M","M","R","M","R","T","E","M","M","?","M","R","B"],"character_chosen":"DEFECT","items_purchased":["DataDisk","Fusion","FTL+1","Amplify","Blizzard+1","Hyperbeam+1","Compile Driver+1"],"campfire_rested":0,"item_purchase_floors":[25,25,25,29,29,36,36],"current_hp_per_floor":[73,73,73,73,73,73,65,65,65,65,54,42,42,42,42,8,75,54,54,53,34,31,31,31,31,31,31,31,31,31,31,31,30,75,75,75,66,66,53,53,53,53,53,53,31,31,21,19,19,0,0],"gold":198,"neow_bonus":"BOSS_RELIC","is_daily":false,"chose_seed":false,"campfire_upgraded":7,"win_rate":0.0,"timestamp":1610602526,"path_taken":["M","$","?","M","?","R","?","?","T","?","?","E","?","?","R","BOSS","M","?","M","M","?","R","E","$","T","E","?","?","?","?","R","BOSS","M","$","?","M","M","R","M","R","T","E","M","M","?","M","R","BOSS"],"items_purchased_type":["Relic","Card","Card","Card","Card","Card","Card"],"build_version":"2020-12-22","purchased_purges":1,"victory":false,"max_hp_per_floor":[75,75,75,75,75,75,75,75,75,75,75,75,75,75,75,75,75,75,75,75,75,75,75,75,75,75,75,75,75,75,75,75,75,75,75,75,75,75,75,75,75,75,75,75,75,75,75,75,75,75,75],"card_choices":[{"not_picked":["Steam","Streamline"],"picked":"Glacier","floor":1.0},{"not_picked":["Stack","Sweeping Beam"],"picked":"Genetic Algorithm","floor":4.0},{"not_picked":["Leap","Hello World"],"picked":"White Noise","floor":7.0},{"not_picked":["Beam Cell","Conserve Battery"],"picked":"Machine Learning","floor":10.0},{"not_picked":["Beam Cell","Heatsinks","Lockon"],"picked":"SKIP","floor":12.0},{"not_picked":["Barrage","BootSequence"],"picked":"Doom and Gloom","floor":14.0},{"not_picked":["Hyperbeam","Machine Learning"],"picked":"Fission","floor":16.0},{"not_picked":["Double Energy","Steam Power","Compile Driver"],"picked":"SKIP","floor":18.0},{"not_picked":["Steam","Cold Snap","Sweeping Beam"],"picked":"SKIP","floor":19.0},{"not_picked":["Turbo","Steam","Static Discharge"],"picked":"SKIP","floor":20.0},{"not_picked":["Fusion","Consume"],"picked":"Leap+1","floor":21.0},{"not_picked":["Beam Cell","Chaos","Genetic Algorithm+1"],"picked":"SKIP","floor":22.0},{"not_picked":["Undo","Barrage+1","Glacier"],"picked":"SKIP","floor":24.0},{"not_picked":["Barrage+1","Glacier"],"picked":"Undo","floor":24.0},{"not_picked":["Conserve Battery","Sunder+1","Cold Snap+1"],"picked":"SKIP","floor":27.0},{"not_picked":["Stack","Reprogram+1","Coolheaded"],"picked":"SKIP","floor":28.0},{"not_picked":["Biased Cognition","Fission"],"picked":"Thunder Strike+1","floor":33.0},{"not_picked":["Coolheaded"],"picked":"SKIP","floor":35.0},{"not_picked":["Stack"],"picked":"SKIP","floor":38.0},{"not_picked":["Self Repair+1"],"picked":"SKIP","floor":39.0},{"not_picked":["Cold Snap+1"],"picked":"SKIP","floor":41.0},{"not_picked":[],"picked":"Defragment","floor":44.0},{"not_picked":["Reprogram"],"picked":"SKIP","floor":45.0},{"not_picked":["Conserve Battery"],"picked":"SKIP","floor":46.0},{"not_picked":[],"picked":"Good Instincts","floor":47.0},{"not_picked":[],"picked":"Dramatic Entrance+1","floor":47.0},{"not_picked":[],"picked":"Enlightenment","floor":47.0},{"not_picked":["Ball Lightning+1"],"picked":"SKIP","floor":48.0}],"player_experience":362582,"relics_obtained":[{"floor":9.0,"key":"PreservedInsect"},{"floor":12.0,"key":"Unceasing Top"},{"floor":24.0,"key":"Molten Egg 2"},{"floor":26.0,"key":"Du-Vu Doll"},{"floor":27.0,"key":"War Paint"},{"floor":30.0,"key":"Kunai"},{"floor":43.0,"key":"Bronze Scales"},{"floor":44.0,"key":"Calipers"}],"event_choices":[{"damage_healed":0.0,"max_hp_gain":0.0,"max_hp_loss":0.0,"gold_gain":0.0,"event_name":"The Cleric","player_choice":"Leave","floor":3.0,"gold_loss":0.0,"damage_taken":0.0},{"cards_removed":["Strike_B"],"damage_healed":0.0,"max_hp_gain":0.0,"max_hp_loss":0.0,"gold_gain":0.0,"event_name":"Wheel of Change","player_choice":"Card Removal","floor":5.0,"gold_loss":0.0,"damage_taken":0.0},{"damage_healed":0.0,"max_hp_gain":0.0,"max_hp_loss":0.0,"gold_gain":75.0,"event_name":"World of Goop","player_choice":"Gather Gold","floor":11.0,"gold_loss":0.0,"damage_taken":11.0},{"damage_healed":0.0,"max_hp_gain":0.0,"max_hp_loss":0.0,"gold_gain":0.0,"event_name":"The Woman in Blue","player_choice":"Bought 1 Potion","floor":13.0,"gold_loss":0.0,"damage_taken":0.0},{"damage_healed":0.0,"max_hp_gain":0.0,"max_hp_loss":0.0,"gold_gain":0.0,"event_name":"Winding Halls","player_choice":"Embrace Madness","floor":37.0,"gold_loss":0.0,"damage_taken":9.0,"cards_obtained":["Madness","Madness"]},{"damage_healed":0.0,"max_hp_gain":0.0,"max_hp_loss":0.0,"gold_gain":0.0,"event_name":"SensoryStone","player_choice":"Memory 3","floor":47.0,"gold_loss":0.0,"damage_taken":10.0}],"is_beta":false,"boss_relics":[{"not_picked":["Nuclear Battery","Inserter"],"picked":"Pandora\u0027s Box"},{"not_picked":["Snecko Eye","Runic Pyramid"],"picked":"Busted Crown"}],"items_purged_floors":[2],"is_endless":false,"potions_floor_spawned":[10,12,14,16,20,24,27,38,41,46,48],"killed_by":"Donu and Deca","ascension_level":4}}