{"host":"6jtzbi9kl8x9w6dt","time":1610604263,"event":{"mods":["Act Like it!","Aspiration","BaseMod","BetterRewards","Colored Powertips","Defuse TimeMaze Blight","Downfall","Friendly Minions","Halation","Hallownest","Hermit","Hubris","Marisa????????","Mimic Mod","Minty Spire (QoL Compilation)","Prisma Mod","READ ME - Guardian Mod","StSLib","SuperFastMode","Td1madao Mod","The Animator","The Bladedancer","The Construct","The Cursed","The Disciple","The Hierophant","The Mystic","The Necromancer","The Senshi","The Servant 0.9.4"],"gold_per_floor":[99,99,99,99,99,134,134,284,209,209,209,0,29,41,61,61,61],"floor_reached":16,"language":"ENG","playtime":533,"items_purged":[],"score":162,"play_id":"1d558228-7138-43dd-a97d-6ec5c1931508","local_time":"20210113220423","is_ascension_mode":true,"campfire_choices":[{"floor":1,"key":"RECALL"},{"data":"1","floor":9,"key":"LIFT"},{"data":"2","floor":11,"key":"LIFT"}],"circlet_count":0,"master_deck":["Strike_W","Strike_W","Strike_W","Defend_W","Defend_W","Defend_W","Defend_W","Negative_Energy_Arrows","Bone_Wall","Vampiric_Strike","Thousand_Bone_Knives","Bone_Prison","Writhe","Corrupt","expansioncontent:DashGenerateEvil","Bone_Bullets","Bone_Spikes"],"relics":["Vampire_Amulet","downfall:HeartsMalice","downfall:BrokenWingStatue","Girya","CaptainsWheel","downfall:HeartBlessingRed","halation:QuantumPhysicsTextbook"],"acts_visited":["Exordium"],"potions_floor_usage":[13,16,16],"damage_taken":[{"damage":0,"enemies":"Small Slimes","floor":2,"turns":1},{"damage":0,"enemies":"Jaw Worm","floor":3,"turns":1},{"damage":0,"enemies":"Gremlin Nob","floor":6,"turns":1},{"damage":0,"enemies":"downfall:FleeingMerchant","floor":12,"turns":5},{"damage":0,"enemies":"Lagavulin","floor":13,"turns":4},{"damage":0,"enemies":"2 Louse","floor":14,"turns":1},{"damage":6,"enemies":"2 Fungi Beasts","floor":15,"turns":3},{"damage":82,"enemies":"downfall:Defect","floor":16,"turns":6}],"seed_played":"-3419860091959363207","potions_obtained":[{"floor":13,"key":"Fruit Juice"},{"floor":14,"key":"sneckomod:MuddlingPotion"},{"floor":15,"key":"Fire Potion"}],"is_trial":false,"path_per_floor":["R","M","M","?","?","E","T","?","R","?","R","$","E","M","M","B"],"character_chosen":"NECROMANCER","items_purchased":["expansioncontent:DashGenerateEvil","Bone_Bullets"],"campfire_rested":0,"item_purchase_floors":[12,12],"current_hp_per_floor":[75,75,75,75,75,75,75,75,75,75,75,75,80,80,78,0,0],"gold":61,"neow_bonus":"THREE_ENEMY_KILL","is_daily":false,"chose_seed":false,"campfire_upgraded":0,"win_rate":0.0,"timestamp":1610604263,"path_taken":["R","M","M","?","?","E","T","?","R","?","R","$","E","M","M","BOSS"],"items_purchased_type":["Card","Card"],"build_version":"2020-12-22","purchased_purges":0,"victory":false,"max_hp_per_floor":[75,75,75,75,75,75,75,75,75,75,75,75,80,80,80,80,80],"card_choices":[{"not_picked":["Blood_Whip","Bones_to_Steel"],"picked":"Vampiric_Strike","floor":2},{"not_picked":["Bone_Bullets","Bone_Shift"],"picked":"Thousand_Bone_Knives","floor":3},{"not_picked":["Blood_Curse","Violent_Necrosis","Finger_Of_Death"],"picked":"SKIP","floor":6},{"not_picked":["Negative_Energy_Bomb","Thousand_Bone_Knives"],"picked":"Corrupt","floor":12},{"not_picked":["Blood_Whip","Negative_Energy_Shield","Stop_Heart"],"picked":"SKIP","floor":13},{"not_picked":["Death_Coil","Strike_from_Beyond","Violent_Necrosis"],"picked":"SKIP","floor":14},{"not_picked":["Blood_for_Blood","Deaths_Shadow"],"picked":"Bone_Spikes","floor":15}],"player_experience":73110,"relics_obtained":[{"floor":6,"key":"Girya"},{"floor":7,"key":"CaptainsWheel"},{"floor":13,"key":"halation:QuantumPhysicsTextbook"}],"event_choices":[{"damage_healed":0,"gold_gain":0,"cards_transformed":["Strike_W"],"player_choice":"Change","damage_taken":0,"max_hp_gain":0,"max_hp_loss":0,"event_name":"Living Wall","floor":5,"gold_loss":0,"cards_obtained":["Bone_Prison"]},{"damage_healed":0,"gold_gain":0,"cards_transformed":["Slimebound:Icky"],"player_choice":"Transformed","damage_taken":0,"max_hp_gain":0,"max_hp_loss":0,"event_name":"Transmorgrifier","floor":10,"gold_loss":0,"cards_obtained":["Writhe"]}],"is_beta":false,"boss_relics":[],"items_purged_floors":[],"is_endless":false,"potions_floor_spawned":[13,14,15],"killed_by":"downfall:Defect","ascension_level":1}}