{"host":"vje6bedaj0fhalec","time":1610641256,"event":{"mods":["Act Like it!","BaseMod","Minty Spire (QoL Compilation)","Quick Restart","StSLib"],"gold_per_floor":[112,127,139,11,30,30,60,83,95,139,151,163,75,90,90,186,186,198,73,91,144,144,163,194,208,254,254,254,288,288,10,10,112,112,122,136,146,165,175,175,192,192,218,218,218,236,247,21,21,21],"floor_reached":51,"language":"ZHS","playtime":3208,"items_purged":["Defend_R","Strike_R","Strike_R","Defend_R","Defend_R"],"score":840,"play_id":"878b7e12-21c2-40ad-8ece-08125dcafe4c","local_time":"20210115002056","is_ascension_mode":true,"campfire_choices":[{"data":"Armaments","floor":6.0,"key":"SMITH"},{"floor":11.0,"key":"REST"},{"data":"Barricade","floor":15.0,"key":"SMITH"},{"data":"Havoc","floor":28.0,"key":"SMITH"},{"data":"Body Slam","floor":30.0,"key":"SMITH"},{"data":"Dark Embrace","floor":32.0,"key":"SMITH"},{"data":"Havoc","floor":40,"key":"SMITH"},{"data":"Offering","floor":42,"key":"SMITH"},{"data":"Brutality","floor":45,"key":"SMITH"},{"data":"Exhume","floor":49,"key":"SMITH"}],"circlet_count":0,"master_deck":["Defend_R","Bash","Barricade+1","Iron Wave","Havoc+1","True Grit","True Grit","Armaments+1","Body Slam+1","Havoc+1","True Grit+1","Defend_R","Shockwave","Exhume+1","Body Slam+1","Writhe","Shockwave","Shrug It Off+1","Seeing Red+1","Shrug It Off+1","Offering+1","Dark Embrace+1","Brutality+1","Feel No Pain+1","Armaments+1"],"relics":["Burning Blood","MawBank","Bronze Scales","Vajra","Empty Cage","Potion Belt","Kunai","Anchor","Omamori","Sundial","Coffee Dripper","PreservedInsect"],"acts_visited":["Exordium","TheCity","TheBeyond"],"potions_floor_usage":[50],"damage_taken":[{"damage":1.0,"enemies":"Cultist","floor":1.0,"turns":3.0},{"damage":7.0,"enemies":"Small Slimes","floor":2.0,"turns":3.0},{"damage":5.0,"enemies":"2 Louse","floor":3.0,"turns":4.0},{"damage":14.0,"enemies":"Exordium Wildlife","floor":5.0,"turns":5.0},{"damage":34.0,"enemies":"3 Sentries","floor":7.0,"turns":15.0},{"damage":0.0,"enemies":"Blue Slaver","floor":8.0,"turns":4.0},{"damage":25.0,"enemies":"Gremlin Nob","floor":10.0,"turns":4.0},{"damage":0.0,"enemies":"3 Louse","floor":14.0,"turns":4.0},{"damage":12.0,"enemies":"Slime Boss","floor":16.0,"turns":12.0},{"damage":5.0,"enemies":"3 Byrds","floor":18.0,"turns":3.0},{"damage":14.0,"enemies":"Spheric Guardian","floor":20.0,"turns":6.0},{"damage":14.0,"enemies":"Cultist and Chosen","floor":23.0,"turns":8.0},{"damage":41.0,"enemies":"Slavers","floor":24.0,"turns":18.0},{"damage":0.0,"enemies":"Centurion and Healer","floor":25.0,"turns":6.0},{"damage":19.0,"enemies":"Book of Stabbing","floor":29.0,"turns":7.0},{"damage":12.0,"enemies":"Collector","floor":33.0,"turns":3.0},{"damage":6.0,"enemies":"Orb Walker","floor":35.0,"turns":3.0},{"damage":13.0,"enemies":"3 Darklings","floor":36.0,"turns":5.0},{"damage":6.0,"enemies":"Writhing Mass","floor":37.0,"turns":3.0},{"damage":6.0,"enemies":"Transient","floor":38.0,"turns":5.0},{"damage":12,"enemies":"Spire Growth","floor":39,"turns":4},{"damage":18,"enemies":"Writhing Mass","floor":41,"turns":4},{"damage":12,"enemies":"Transient","floor":46,"turns":5},{"damage":8,"enemies":"Spire Growth","floor":47,"turns":3},{"damage":14,"enemies":"Donu and Deca","floor":50,"turns":3}],"seed_played":"928638351461266512","potions_obtained":[{"floor":2.0,"key":"Swift Potion"},{"floor":7.0,"key":"SmokeBomb"},{"floor":8.0,"key":"Strength Potion"},{"floor":10.0,"key":"EntropicBrew"},{"floor":18.0,"key":"Weak Potion"},{"floor":24.0,"key":"Fire Potion"},{"floor":41,"key":"SpeedPotion"},{"floor":47,"key":"LiquidBronze"}],"is_trial":false,"path_per_floor":["M","M","M","$","M","R","E","M","T","E","R","?","$","M","R","B",null,"M","$","M","T","?","M","E","M","T","?","R","E","R","$","R","B",null,"M","M","M","M","M","R","M","R","T","?","R","M","M","$","R","B",null],"character_chosen":"IRONCLAD","items_purchased":["True Grit","Block Potion","Dark Embrace","Energy Potion"],"campfire_rested":1,"item_purchase_floors":[4,31,31,48],"current_hp_per_floor":[61,60,61,61,53,53,25,31,31,12,36,36,36,42,42,36,80,80,80,72,72,72,64,44,50,50,50,50,37,37,37,37,31,80,80,73,73,73,67,67,55,55,55,55,55,49,47,47,47,39],"gold":21,"neow_bonus":"THREE_RARE_CARDS","is_daily":false,"chose_seed":false,"campfire_upgraded":9,"win_rate":0.0,"timestamp":1610641256,"path_taken":["M","?","M","$","M","R","E","M","T","E","R","?","$","M","R","BOSS","M","$","M","?","?","M","E","M","T","?","R","E","R","$","R","BOSS","M","M","M","M","M","R","M","R","T","?","R","M","?","$","R","BOSS"],"items_purchased_type":["Card","Potion","Card","Potion"],"build_version":"2020-12-22","purchased_purges":5,"victory":true,"max_hp_per_floor":[80,80,80,80,80,80,80,80,80,80,80,80,80,80,80,80,80,80,80,80,80,80,80,80,80,80,80,80,80,80,80,80,80,80,80,80,80,80,80,80,80,80,80,80,80,80,80,80,80,80],"card_choices":[{"not_picked":["Corruption","Exhume"],"picked":"Barricade","floor":0.0},{"not_picked":["Thunderclap","Warcry"],"picked":"Iron Wave","floor":1.0},{"not_picked":["Pommel Strike","Disarm"],"picked":"Havoc","floor":2.0},{"not_picked":["Perfected Strike","Intimidate"],"picked":"True Grit","floor":3.0},{"not_picked":["Rage","Shrug It Off"],"picked":"Armaments","floor":5.0},{"not_picked":["Metallicize","Evolve"],"picked":"Body Slam","floor":7.0},{"not_picked":["Sentinel","Warcry"],"picked":"Havoc","floor":8.0},{"not_picked":["Cleave","Headbutt"],"picked":"True Grit","floor":10.0},{"not_picked":["Flex","True Grit"],"picked":"Shockwave","floor":14.0},{"not_picked":["Barricade","Limit Break"],"picked":"Exhume","floor":16.0},{"not_picked":["Anger","Headbutt","Perfected Strike"],"picked":"SKIP","floor":18.0},{"not_picked":["Pummel","Sentinel"],"picked":"Body Slam+1","floor":20.0},{"not_picked":["Inflame","Flame Barrier"],"picked":"Shockwave","floor":23.0},{"not_picked":["Bloodletting","Sever Soul+1"],"picked":"Shrug It Off+1","floor":24.0},{"not_picked":["Hemokinesis+1","Pommel Strike"],"picked":"Seeing Red+1","floor":25.0},{"not_picked":["Rage","Juggernaut"],"picked":"Offering","floor":29.0},{"not_picked":["Limit Break","Feed"],"picked":"Brutality","floor":33.0},{"not_picked":["Uppercut+1","Wild Strike","Flex"],"picked":"SKIP","floor":35.0},{"not_picked":["Infernal Blade+1","Twin Strike"],"picked":"Feel No Pain+1","floor":36.0},{"not_picked":["Sever Soul+1","Spot Weakness","Flex+1"],"picked":"SKIP","floor":37.0},{"not_picked":["Iron Wave+1","Uppercut+1","Perfected Strike+1"],"picked":"SKIP","floor":38.0},{"not_picked":["Bludgeon","Warcry+1"],"picked":"Armaments+1","floor":39},{"not_picked":["Shrug It Off","Spot Weakness","Ghostly Armor"],"picked":"SKIP","floor":41},{"not_picked":["Heavy Blade","Thunderclap+1","Dual Wield"],"picked":"SKIP","floor":46},{"not_picked":["Twin Strike","Clash+1","Sword Boomerang+1"],"picked":"SKIP","floor":47}],"player_experience":78463,"relics_obtained":[{"floor":7.0,"key":"MawBank"},{"floor":9.0,"key":"Bronze Scales"},{"floor":10.0,"key":"Vajra"},{"floor":21.0,"key":"Potion Belt"},{"floor":24.0,"key":"Anchor"},{"floor":26.0,"key":"Omamori"},{"floor":29.0,"key":"Sundial"},{"floor":43,"key":"PreservedInsect"}],"event_choices":[{"cards_removed":["Strike_R"],"damage_healed":0.0,"max_hp_gain":0.0,"max_hp_loss":0.0,"gold_gain":0.0,"event_name":"NoteForYourself","player_choice":"Took Card","floor":12.0,"gold_loss":0.0,"damage_taken":0.0,"cards_obtained":["Defend_R"]},{"damage_healed":0.0,"max_hp_gain":0.0,"max_hp_loss":0.0,"gold_gain":0.0,"event_name":"The Mausoleum","player_choice":"Opened","floor":22.0,"gold_loss":0.0,"damage_taken":0.0,"relics_obtained":["Kunai"],"cards_obtained":["Writhe"]},{"damage_healed":0.0,"max_hp_gain":0.0,"max_hp_loss":0.0,"gold_gain":0.0,"event_name":"Duplicator","player_choice":"Copied","floor":27.0,"gold_loss":0.0,"damage_taken":0.0,"cards_obtained":["Shrug It Off"]},{"damage_healed":0,"gold_gain":0,"player_choice":"Upgraded","damage_taken":0,"max_hp_gain":0,"max_hp_loss":0,"event_name":"Upgrade Shrine","floor":44,"gold_loss":0,"cards_upgraded":["True Grit"]}],"is_beta":false,"boss_relics":[{"not_picked":["SacredBark","Runic Pyramid"],"picked":"Empty Cage"},{"not_picked":["Velvet Choker","SlaversCollar"],"picked":"Coffee Dripper"}],"items_purged_floors":[4,13,19,31,48],"is_endless":false,"potions_floor_spawned":[2,7,8,10,18,24,41,47],"ascension_level":1}}