{"host":"khkox7sggahain0a","time":1610617744,"event":{"mods":["Act Like it!","Arknights The Spire","BaseMod","Downfall","Gensokyo","Lobotomy","LobotomyExtend","Marisa£®ÏF”Í°°ƒß¿Ì…≥£©","Minty Spire (QoL Compilation)","Quick Restart","StSLib","The Animator","Waifu the Spire"],"gold_per_floor":[269,15,371,573,573,573,601,601,625,656,656,656,674,705,705,809,1109,1127,1596,1596,1596],"floor_reached":20,"language":"ZHS","playtime":1007,"items_purged":[],"score":250,"play_id":"42895def-6583-46fa-bde6-d1ba1d038598","local_time":"20210114174904","is_ascension_mode":true,"campfire_choices":[{"data":"ats:Consecutive Shot Auto","floor":6.0,"key":"SMITH"},{"floor":15.0,"key":"RECALL"}],"circlet_count":0,"master_deck":["ats:Strike C","ats:Strike G","ats:Strike S","ats:Strike V","ats:Armor Crushing Shot","ats:Defend","ats:Defend","ats:Defend","ats:Emotion Absorption","Wellcheers","ats:Apocalypse","Gensokyo:MonkeysPaw","CrumblingArmor","ats:Ignite","ats:Consecutive Shot Auto+1","Mercenary","ats:True Silver Slash+1","MeatLantern","ats:Explosion Area Strengthen","Clumsy","QueenOfHatred","ats:Red Shift","PunishingBird","ats:Shadow Assault+1","CurseOfTheBell","OSAHOGD","BigBird","ats:Hammer On+1"],"relics":["ats:Sanity","CogitoBucket","LetterFromLob","Strawberry","ats:Originium","Centennial Puzzle","Happy Flower","Gensokyo:NagashiBinaDoll","LuminousBracelet","Turnip","Calling Bell","PreservedInsect","Kunai","Old Coin"],"acts_visited":["Gensokyo:Gensokyo","Gensokyo:Gensokyoer"],"potions_floor_usage":[],"damage_taken":[{"damage":0.0,"enemies":"Gensokyo:Python","floor":1.0,"turns":4.0},{"damage":41.0,"enemies":"Gensokyo:2_Kodama","floor":3.0,"turns":5.0},{"damage":19.0,"enemies":"Gensokyo:3_Fairies","floor":4.0,"turns":6.0},{"damage":31.0,"enemies":"Gensokyo:Cirno","floor":7.0,"turns":8.0},{"damage":14.0,"enemies":"Gensokyo:Aya","floor":10.0,"turns":3.0},{"damage":5.0,"enemies":"Gensokyo:3_Kodama","floor":13.0,"turns":3.0},{"damage":7.0,"enemies":"Gensokyo:Cirno","floor":14.0,"turns":4.0},{"damage":32.0,"enemies":"Gensokyo:Kokoro","floor":16.0,"turns":8.0},{"damage":14.0,"enemies":"Gensokyo:3_Dogs","floor":18.0,"turns":3.0},{"damage":45,"enemies":"Gensokyo:2_Gloops","floor":19,"turns":2}],"seed_played":"-6277005607069754496","potions_obtained":[{"floor":3.0,"key":"champ:CounterPotion"},{"floor":14.0,"key":"ats:Emergency Sanity Potion"},{"floor":18.0,"key":"PowerPotion"}],"is_trial":false,"path_per_floor":["M","COS","M","M","M","R","E","?","T","E","?","?","M","E","R","B",null,"M","M","?"],"character_chosen":"DOCTOR_CLASS","items_purchased":[],"campfire_rested":0,"item_purchase_floors":[],"current_hp_per_floor":[72,72,38,23,23,23,3,27,27,17,17,17,34,42,42,32,94,90,48,0,0],"gold":1596,"neow_bonus":"","is_daily":false,"chose_seed":false,"campfire_upgraded":1,"win_rate":0.0,"timestamp":1610617744,"path_taken":["M","COS","?","M","M","R","E","?","T","E","?","?","M","E","R","BOSS","M","M","?"],"items_purchased_type":[],"build_version":"2020-12-22","purchased_purges":0,"victory":false,"max_hp_per_floor":[72,72,72,72,72,72,79,79,79,79,79,79,94,94,94,94,94,94,94,94,94],"card_choices":[{"not_picked":["Rudolta","Murderer","PunishingBird"],"picked":"Singing Bowl","floor":1.0},{"not_picked":["Murderer","WallGazer"],"picked":"Wellcheers","floor":1.0},{"not_picked":["ats:Ignite","ats:Shell Defense"],"picked":"ats:Apocalypse","floor":1.0},{"not_picked":["Funeral","FairyFestival"],"picked":"CrumblingArmor","floor":3.0},{"not_picked":["ats:Hammer On","ats:Support Order"],"picked":"ats:Ignite","floor":3.0},{"not_picked":["FairyFestival","Bloodbath","BeautyBeast"],"picked":"Singing Bowl","floor":4.0},{"not_picked":["ats:Childhood Dance","ats:Hammer On"],"picked":"ats:Consecutive Shot Auto","floor":4.0},{"not_picked":["UniverseFragment","CherryBlossoms","FairyFestival"],"picked":"Singing Bowl","floor":7.0},{"not_picked":["SpiderBud","VoidDream"],"picked":"Mercenary","floor":7.0},{"not_picked":["ats:Song Of Battle","ats:Poison Spread"],"picked":"ats:True Silver Slash","floor":7.0},{"not_picked":["LittlePrince","WallGazer","FairyFestival"],"picked":"Singing Bowl","floor":10.0},{"not_picked":["Bloodbath","Scorched"],"picked":"MeatLantern","floor":10.0},{"not_picked":["ats:Mental Burst","ats:Poison Spread"],"picked":"ats:Explosion Area Strengthen","floor":10.0},{"not_picked":["WallGazer","UniverseFragment"],"picked":"QueenOfHatred","floor":13.0},{"not_picked":["ats:Charging Defense","ats:Powerful Strike"],"picked":"ats:Red Shift","floor":13.0},{"not_picked":["Bloodbath","LittlePrince","DespairKnight"],"picked":"Singing Bowl","floor":14.0},{"not_picked":["ats:Encircling Forest","ats:Burning Ground","ats:Fractured Body"],"picked":"SKIP","floor":14.0},{"not_picked":["UniverseFragment","BlueStar","Murderer"],"picked":"Singing Bowl","floor":16.0},{"not_picked":["OldLady","ShyLook"],"picked":"PunishingBird","floor":16.0},{"not_picked":["ats:Rat Pack","ats:Wolf Pack"],"picked":"ats:Shadow Assault","floor":16.0},{"not_picked":["SnowQueen","Scorched","FairyFestival"],"picked":"Singing Bowl","floor":18.0},{"not_picked":["Scorched","WhitesApple"],"picked":"OSAHOGD","floor":18.0},{"not_picked":["ats:Shell Defense+1","ats:Hook Shot","ats:Apocalypse"],"picked":"SKIP","floor":18.0},{"not_picked":["NakedNest","HappyTeddy","Laetitia"],"picked":"Singing Bowl","floor":19},{"not_picked":["Yin","LittlePrince"],"picked":"BigBird","floor":19},{"not_picked":["ats:Explosion Area Strengthen+1","ats:Apocalypse"],"picked":"ats:Hammer On","floor":19}],"player_experience":303798,"relics_obtained":[{"floor":1.0,"key":"LetterFromLob"},{"floor":7.0,"key":"ats:Originium"},{"floor":7.0,"key":"Centennial Puzzle"},{"floor":10.0,"key":"ats:Originium"},{"floor":10.0,"key":"Happy Flower"},{"floor":14.0,"key":"ats:Originium"},{"floor":14.0,"key":"Turnip"},{"floor":17.0,"key":"PreservedInsect"},{"floor":17.0,"key":"Kunai"},{"floor":17.0,"key":"Old Coin"}],"event_choices":[],"is_beta":false,"boss_relics":[{"not_picked":["ats:Sanity Plus","Astrolabe"],"picked":"Calling Bell"}],"items_purged_floors":[],"is_endless":false,"potions_floor_spawned":[3,14,18],"ascension_level":1}}