{"host":"zq4tmp0p98b2vpa9","time":1610627755,"event":{"mods":["AchievementEnabler","BaseMod","Minty Spire (QoL Compilation)","Relic Stats"],"gold_per_floor":[110,126,139,89,89,89,109,28,108,108,137,17,27,54,54,152,152,168,83,97,97,108,137,12,43,43,43,43,78,89,119,119,214,214,225,237,237,237,237,263,277,277,277,312,92,124,138,138,138,138],"floor_reached":51,"language":"ENG","playtime":3038,"items_purged":["Strike_G","Defend_G","Strike_G"],"score":1265,"play_id":"ae38f67c-b0a4-44c8-a62d-1b5febf74686","local_time":"20210114133555","is_ascension_mode":true,"campfire_choices":[{"data":"Blade Dance","floor":6,"key":"SMITH"},{"data":"Neutralize","floor":10,"key":"SMITH"},{"data":"Cloak And Dagger","floor":15,"key":"SMITH"},{"floor":27,"key":"REST"},{"floor":32,"key":"REST"},{"floor":42,"key":"REST"},{"floor":49,"key":"REST"}],"circlet_count":0,"master_deck":["Strike_G+1","Strike_G+1","Defend_G+1","Defend_G+1","Defend_G+1","Defend_G+1","Survivor+1","Neutralize+1","Backflip+1","Cloak And Dagger+1","Blade Dance+1","Cloak And Dagger+1","Accuracy+1","Accuracy+1","Blade Dance+1","Escape Plan+1","Adrenaline+1","Footwork+1","Quick Slash+1","After Image+1","Prepared+1","Writhe","Calculated Gamble+1","Cloak And Dagger+1","After Image+1","Acrobatics+1","Blade Dance+1","Thinking Ahead+1","Tools of the Trade+1","Escape Plan+1","Adrenaline+1","Flash of Steel+1","Blade Dance+1","Blade Dance+1"],"relics":["Ring of the Serpent","NeowsBlessing","Strawberry","Meat on the Bone","Singing Bowl","Question Card","Fusion Hammer","Nunchaku","Ancient Tea Set","Juzu Bracelet","Paper Crane","Molten Egg 2","Mango","StoneCalendar","Oddly Smooth Stone","Ornamental Fan","Mummified Hand","Pantograph","Mark of the Bloom"],"acts_visited":["Exordium","TheCity","TheBeyond"],"potions_floor_usage":[11,23,25,29,33,33,33,37,41,41],"damage_taken":[{"damage":0,"enemies":"Cultist","floor":1,"turns":1},{"damage":0,"enemies":"2 Louse","floor":2,"turns":1},{"damage":0,"enemies":"Jaw Worm","floor":3,"turns":1},{"damage":2,"enemies":"Gremlin Gang","floor":7,"turns":5},{"damage":3,"enemies":"Gremlin Nob","floor":11,"turns":3},{"damage":0,"enemies":"2 Fungi Beasts","floor":13,"turns":3},{"damage":9,"enemies":"3 Sentries","floor":14,"turns":5},{"damage":0,"enemies":"Slime Boss","floor":16,"turns":5},{"damage":1,"enemies":"Spheric Guardian","floor":18,"turns":3},{"damage":2,"enemies":"2 Thieves","floor":20,"turns":3},{"damage":0,"enemies":"3 Cultists","floor":22,"turns":4},{"damage":9,"enemies":"Slavers","floor":23,"turns":5},{"damage":2,"enemies":"Book of Stabbing","floor":25,"turns":4},{"damage":8,"enemies":"Slavers","floor":29,"turns":5},{"damage":29,"enemies":"Snecko","floor":30,"turns":5},{"damage":10,"enemies":"Book of Stabbing","floor":31,"turns":5},{"damage":3,"enemies":"Champ","floor":33,"turns":6},{"damage":4,"enemies":"3 Darklings","floor":35,"turns":4},{"damage":8,"enemies":"3 Shapes","floor":36,"turns":4},{"damage":0,"enemies":"Nemesis","floor":40,"turns":6},{"damage":0,"enemies":"Jaw Worm Horde","floor":41,"turns":2},{"damage":0,"enemies":"Giant Head","floor":44,"turns":5},{"damage":0,"enemies":"Nemesis","floor":46,"turns":5},{"damage":0,"enemies":"Spire Growth","floor":47,"turns":3},{"damage":0,"enemies":"Donu and Deca","floor":50,"turns":4}],"seed_played":"-1573265620859799442","potions_obtained":[{"floor":1,"key":"Weak Potion"},{"floor":3,"key":"FearPotion"},{"floor":7,"key":"Dexterity Potion"},{"floor":16,"key":"Swift Potion"},{"floor":29,"key":"Poison Potion"},{"floor":30,"key":"ColorlessPotion"},{"floor":31,"key":"FearPotion"},{"floor":33,"key":"ColorlessPotion"},{"floor":36,"key":"SteroidPotion"},{"floor":37,"key":"Fruit Juice"},{"floor":37,"key":"Regen Potion"},{"floor":37,"key":"DistilledChaos"},{"floor":46,"key":"EssenceOfSteel"}],"is_trial":false,"path_per_floor":["M","M","M","?","?","R","M","$","T","R","E","$","M","E","R","B",null,"M","?","M","?","M","E","$","E","T","R","?","E","M","E","R","B",null,"M","M","?","?","?","E","M","R","T","E","$","E","M","?","R","B",null],"character_chosen":"THE_SILENT","items_purchased":["Accuracy","Blade Dance","Prepared","Flash of Steel+1"],"campfire_rested":4,"item_purchase_floors":[8,12,24,45],"current_hp_per_floor":[70,70,70,70,65,65,63,63,63,63,60,60,62,53,53,53,79,80,80,78,63,63,54,54,54,54,80,80,86,57,59,89,86,102,98,90,95,95,95,95,95,107,107,107,107,107,107,107,107,107],"gold":138,"neow_bonus":"THREE_ENEMY_KILL","is_daily":false,"chose_seed":false,"campfire_upgraded":3,"win_rate":0.0,"timestamp":1610627755,"path_taken":["M","M","M","?","?","R","M","?","T","R","E","$","?","E","R","BOSS","M","?","M","?","M","E","$","E","T","R","?","E","M","E","R","BOSS","M","M","?","?","?","E","M","R","T","E","$","E","M","?","R","BOSS"],"items_purchased_type":["Card","Card","Card","Card"],"build_version":"2020-12-22","purchased_purges":3,"victory":true,"max_hp_per_floor":[70,70,70,70,77,77,77,77,77,77,77,77,79,79,79,79,79,81,81,81,86,86,86,86,88,88,88,88,102,102,102,102,102,102,102,102,107,107,107,107,107,107,107,107,107,107,107,107,107,107],"relic_stats":{"Nunchaku":[36],"Mark of the Bloom":57,"Singing Bowl":6,"counters":[25,97],"Ornamental Fan":[148],"Mummified Hand":[17],"Pantograph":0,"StoneCalendar":[0],"Juzu Bracelet":1,"Question Card":18,"obtain_stats":[{"Mark of the Bloom":48,"NeowsBlessing":0,"Singing Bowl":11,"Oddly Smooth Stone":40,"Mango":29,"StoneCalendar":31,"Juzu Bracelet":25,"Paper Crane":26,"Question Card":14,"Ancient Tea Set":23,"Nunchaku":19,"Ornamental Fan":43,"Mummified Hand":44,"Strawberry":5,"Pantograph":46,"Molten Egg 2":28,"Fusion Hammer":17,"Ring of the Serpent":34,"Ring of the Snake":0,"Meat on the Bone":9},{"Mark of the Bloom":24,"NeowsBlessing":0,"Singing Bowl":5,"Oddly Smooth Stone":20,"Mango":14,"StoneCalendar":16,"Juzu Bracelet":13,"Paper Crane":13,"Question Card":7,"Ancient Tea Set":12,"Nunchaku":9,"Ornamental Fan":21,"Mummified Hand":22,"Strawberry":3,"Pantograph":23,"Molten Egg 2":13,"Fusion Hammer":8,"Ring of the Serpent":17,"Ring of the Snake":0,"Meat on the Bone":4},{"Mark of the Bloom":93,"NeowsBlessing":0,"Singing Bowl":11,"Oddly Smooth Stone":78,"Mango":48,"StoneCalendar":58,"Juzu Bracelet":43,"Paper Crane":43,"Question Card":19,"Ancient Tea Set":39,"Nunchaku":27,"Ornamental Fan":80,"Mummified Hand":85,"Strawberry":3,"Pantograph":90,"Molten Egg 2":43,"Fusion Hammer":24,"Ring of the Serpent":64,"Ring of the Snake":0,"Meat on the Bone":8}],"Meat on the Bone":12},"card_choices":[{"not_picked":["Caltrops","Riddle With Holes"],"picked":"Backflip","floor":1},{"not_picked":["Caltrops","Dagger Spray"],"picked":"Cloak And Dagger","floor":2},{"not_picked":["Terror","Dagger Spray"],"picked":"Blade Dance","floor":3},{"not_picked":["Quick Slash","Dagger Throw"],"picked":"Cloak And Dagger","floor":7},{"not_picked":["Slice","Endless Agony"],"picked":"Accuracy","floor":11},{"not_picked":["Flying Knee","Slice","Quick Slash"],"picked":"Singing Bowl","floor":13},{"not_picked":["Reflex","Deflect"],"picked":"Escape Plan","floor":14},{"not_picked":["Wraith Form v2","Doppelganger","Bullet Time"],"picked":"Adrenaline","floor":16},{"not_picked":["Slice","Cloak And Dagger","Deflect+1","Dagger Spray"],"picked":"Singing Bowl","floor":18},{"not_picked":["Acrobatics+1","Slice+1","Dagger Throw+1"],"picked":"Footwork+1","floor":20},{"not_picked":["Footwork","Backstab","Underhanded Strike"],"picked":"Quick Slash","floor":22},{"not_picked":["Underhanded Strike+1","Slice+1","Reflex"],"picked":"After Image","floor":23},{"not_picked":["Choke","Masterful Stab","Deflect","Dash"],"picked":"Singing Bowl","floor":25},{"not_picked":["Deadly Poison+1","After Image","Escape Plan"],"picked":"Calculated Gamble","floor":29},{"not_picked":["Underhanded Strike+1","Prepared+1","Accuracy"],"picked":"Cloak And Dagger+1","floor":30},{"not_picked":["PiercingWail","Distraction","Slice+1"],"picked":"Backstab+1","floor":31},{"not_picked":["Glass Knife+1","A Thousand Cuts","Malaise"],"picked":"After Image","floor":33},{"not_picked":["Flechettes+1","Crippling Poison","Terror+1"],"picked":"Acrobatics","floor":35},{"not_picked":["Acrobatics+1","Slice+1","Outmaneuver+1"],"picked":"Blade Dance","floor":36},{"not_picked":["PanicButton","Impatience","Mind Blast+1"],"picked":"Thinking Ahead","floor":38},{"not_picked":["Prepared","PiercingWail","Outmaneuver+1"],"picked":"Tools of the Trade","floor":40},{"not_picked":["Acrobatics","Concentrate","Catalyst"],"picked":"Escape Plan+1","floor":41},{"not_picked":["Quick Slash+1","Footwork+1","Blade Dance"],"picked":"Adrenaline","floor":44},{"not_picked":["Sucker Punch+1","Bouncing Flask+1","Well Laid Plans"],"picked":"Blade Dance","floor":46},{"not_picked":["Underhanded Strike+1","Dagger Throw+1","Prepared"],"picked":"Blade Dance+1","floor":47}],"player_experience":230925,"relics_obtained":[{"floor":9,"key":"Meat on the Bone"},{"floor":11,"key":"Singing Bowl"},{"floor":14,"key":"Question Card"},{"floor":23,"key":"Ancient Tea Set"},{"floor":25,"key":"Juzu Bracelet"},{"floor":26,"key":"Paper Crane"},{"floor":29,"key":"Mango"},{"floor":31,"key":"StoneCalendar"},{"floor":40,"key":"Oddly Smooth Stone"},{"floor":43,"key":"Ornamental Fan"},{"floor":44,"key":"Mummified Hand"},{"floor":46,"key":"Pantograph"}],"event_choices":[{"cards_removed":["Strike_G"],"damage_healed":0,"gold_gain":0,"player_choice":"Card Removal","damage_taken":0,"max_hp_gain":0,"max_hp_loss":0,"event_name":"The Cleric","floor":4,"gold_loss":50},{"damage_healed":0,"gold_gain":0,"player_choice":"Success","damage_taken":12,"relics_obtained":["Strawberry"],"max_hp_gain":0,"max_hp_loss":0,"event_name":"Scrap Ooze","floor":5,"gold_loss":0},{"damage_healed":0,"gold_gain":0,"player_choice":"Obtained Relic","damage_taken":0,"relics_obtained":["Nunchaku"],"max_hp_gain":0,"max_hp_loss":0,"event_name":"Addict","floor":19,"gold_loss":85},{"damage_healed":0,"gold_gain":0,"player_choice":"Shed Blood","damage_taken":20,"max_hp_gain":5,"max_hp_loss":0,"event_name":"Forgotten Altar","floor":21,"gold_loss":0},{"damage_healed":0,"gold_gain":0,"player_choice":"Opened","damage_taken":0,"relics_obtained":["Molten Egg 2"],"max_hp_gain":0,"max_hp_loss":0,"event_name":"The Mausoleum","floor":28,"gold_loss":0,"cards_obtained":["Writhe"]},{"damage_healed":0,"gold_gain":0,"player_choice":"Got Potions","damage_taken":0,"max_hp_gain":0,"max_hp_loss":0,"event_name":"Lab","floor":37,"gold_loss":0},{"damage_healed":0,"gold_gain":0,"player_choice":"Memory 1","damage_taken":0,"max_hp_gain":0,"max_hp_loss":0,"event_name":"SensoryStone","floor":38,"gold_loss":0},{"cards_removed":["Backstab"],"damage_healed":0,"gold_gain":0,"player_choice":"Removed Attack","damage_taken":0,"max_hp_gain":0,"max_hp_loss":0,"event_name":"Falling","floor":39,"gold_loss":0},{"damage_healed":0,"gold_gain":0,"player_choice":"Upgrade","damage_taken":0,"relics_obtained":["Mark of the Bloom"],"max_hp_gain":0,"max_hp_loss":0,"event_name":"MindBloom","floor":48,"gold_loss":0,"cards_upgraded":["Strike_G","Strike_G","Defend_G","Defend_G","Defend_G","Defend_G","Survivor","Backflip","Cloak And Dagger","Accuracy","Accuracy","Blade Dance","Escape Plan","Adrenaline","Quick Slash","After Image","Prepared","Calculated Gamble","After Image","Acrobatics","Blade Dance","Thinking Ahead","Tools of the Trade","Adrenaline","Blade Dance"]}],"is_beta":false,"boss_relics":[{"not_picked":["HoveringKite","Snecko Eye"],"picked":"Fusion Hammer"},{"not_picked":["Tiny House","Astrolabe"],"picked":"Ring of the Serpent"}],"items_purged_floors":[12,24,45],"is_endless":false,"potions_floor_spawned":[1,3,7,16,20,29,30,31,33,36,40,46],"ascension_level":4}}