{"host":"wonp23fsqqcu31ie","time":1610665504,"event":{"mods":["2.2 Compatiblity","AchievementEnabler","Aspiration","BaseMod","Bestiary","Better Altar","Better Match","Better Sensory Stone","Better Skull","Better Third Choice","BetterRewards","Block Reminder","Colored Map","Colored Powertips","Conspire","Curses Come First","DeckTracker","Displayed Cursed Tome","Downfall","Energized Spire","Evolution","Hermit","Highlight Path","Hubris","Infinite Spire","Marisa????????","Minty Spire (QoL Compilation)","Permanent Neow","Prisma Mod","Quick Restart","Rare Cards Sparkle","Relic Stats","Replay The Spire","Robot Space Explorer","Shade Mod","Shop Mod","StSLib","SuperFastMode","The Animator","The Bug Knight","The Construct","The Cursed","The Disciple","The Dragon Tamer","The Gatherer","The Hierophant","The Marked","The Necromancer","The Poker Player","The Runesmith","The Saiyan","The Servant 0.9.4","TheBandit"],"gold_per_floor":[115,115,17,17,17,48,61,73,73,34,60,77,104,55,55,160,160,177,177,177,23,23,52,52,62,62,74,109,109,125,136,136,233,233,245,245,319,319,64,64,77,77,77,77,93,93,93,111,111,111],"floor_reached":51,"language":"ENG","playtime":1102,"items_purged":["hubris:Despair","Pain"],"score":1121,"play_id":"3345e8dc-0618-4d9b-8fd6-9bd6b8126eba","local_time":"20210115100504","is_ascension_mode":true,"metric_token":3410,"campfire_choices":[{"floor":15,"key":"REST"},{"data":"PokerPlayerMod:TheDieIsCast","floor":24,"key":"SMITH"},{"floor":32,"key":"RECALL"},{"floor":40,"key":"REST"},{"data":"PokerPlayerMod:Diamond1","floor":42,"key":"SMITH"},{"data":"PokerPlayerMod:Spade1","floor":47,"key":"SMITH"},{"data":"infinitespire:DeathsTouch","floor":49,"key":"SMITH"}],"circlet_count":0,"master_deck":["PokerPlayerMod:Diamond2","PokerPlayerMod:Diamond5","PokerPlayerMod:Diamond3","PokerPlayerMod:Diamond4","PokerPlayerMod:Diamond5","PokerPlayerMod:Spade2","PokerPlayerMod:Spade2","PokerPlayerMod:Spade3","PokerPlayerMod:Spade4","PokerPlayerMod:Club1","PokerPlayerMod:Club2","PokerPlayerMod:Heart2","PokerPlayerMod:TrumpStrike","PokerPlayerMod:BadJoker","PokerPlayerMod:Mulligan","PokerPlayerMod:TrumpStrike+1","PokerPlayerMod:DartThrow","PokerPlayerMod:Sharpen","PokerPlayerMod:ClubsClub+1","PokerPlayerMod:SecondChance","PokerPlayerMod:Club2","PokerPlayerMod:Club6","PokerPlayerMod:Club4","PokerPlayerMod:Club5","PokerPlayerMod:Club6","PokerPlayerMod:HeartStrike","PokerPlayerMod:Trickery","PokerPlayerMod:ClubStrike","PokerPlayerMod:DartThrow","PokerPlayerMod:DartThrow","PokerPlayerMod:TheDieIsCast+1","PokerPlayerMod:SpadeStrike","PokerPlayerMod:Heart4","PokerPlayerMod:Club4","PokerPlayerMod:DartThrow+1","PokerPlayerMod:FakeSymbols","infinitespire:DeathsTouch+1","infinitespire:Fortify","Madness","Madness"],"relics":["Guardian:ModeShifter","EVO:Axolotl","Ginger","MerchantsRug","Membership Card","conspire:Boomerang","infinitespire:WardingShard","infinitespire:Cubic Diamond","Smiling Mask","conspire:DeflatedDodgeball","ReplayTheSpireMod:CursedCoin","Replay:WaspNest","Bronze Scales","aspiration:StickyExplosives_weak","Replay:Kaleidoscope","Busted Crown","MutagenicStrength","Meat on the Bone","WarpedTongs","Sundial","Shuriken","infinitespire:Lucky Rock","energizedSpire:SpiderWeb","Ring of Chaos","Ring of Peace","PokerPlayerMod:PenAndEraser","Singing Bowl","aspiration:SeaSaltIceCream","hubris:KleinBottle","Medical Kit"],"acts_visited":["Exordium","TheCity","TheBeyond"],"potions_floor_usage":[16,16,33,50,50,50],"damage_taken":[{"damage":2,"enemies":"Jaw Worm","floor":1,"turns":2},{"damage":5,"enemies":"3 Sentries","floor":6,"turns":3},{"damage":0,"enemies":"Small Slimes","floor":7,"turns":1},{"damage":0,"enemies":"2 Louse","floor":8,"turns":2},{"damage":10,"enemies":"Lagavulin","floor":11,"turns":3},{"damage":10,"enemies":"Exordium Thugs","floor":12,"turns":3},{"damage":9,"enemies":"3 Sentries","floor":13,"turns":3},{"damage":0,"enemies":"Slime Boss","floor":16,"turns":5},{"damage":0,"enemies":"Chosen","floor":18,"turns":3},{"damage":11,"enemies":"Slavers","floor":23,"turns":3},{"damage":10,"enemies":"2 Thieves","floor":25,"turns":2},{"damage":12,"enemies":"Shelled Parasite and Fungi","floor":27,"turns":3},{"damage":18,"enemies":"Gremlin Leader","floor":28,"turns":4},{"damage":0,"enemies":"Snecko","floor":30,"turns":2},{"damage":0,"enemies":"Snake Plant","floor":31,"turns":1},{"damage":21,"enemies":"Champ","floor":33,"turns":6},{"damage":26,"enemies":"3 Shapes","floor":35,"turns":5},{"damage":11,"enemies":"Orb Walker","floor":41,"turns":3},{"damage":16,"enemies":"Jaw Worm Horde","floor":45,"turns":3},{"damage":14,"enemies":"Writhing Mass","floor":48,"turns":4},{"damage":55,"enemies":"Donu and Deca","floor":50,"turns":6}],"seed_played":"-5343227723645029897","potions_obtained":[{"floor":1,"key":"champ:CounterPotion"},{"floor":7,"key":"PowerPotion"},{"floor":8,"key":"Milkshake"},{"floor":13,"key":"Flashbang"},{"floor":18,"key":"Strength Potion"},{"floor":25,"key":"DuplicationPotion"},{"floor":33,"key":"SteroidPotion"},{"floor":37,"key":"infinitespire:BlackPotion"}],"is_trial":false,"path_per_floor":["M","?","$","?","?","E","M","M","T","$","E","M","E","?","R","B",null,"M","?","?","$","?","E","R","M","T","M","E","?","M","M","R_BF","B",null,"M","?","?","?","$","R","M","R","T","AVR","M","?","R","M","R","B",null],"character_chosen":"THE_POKER_PLAYER","items_purchased":["DollysMirror","MerchantsRug","Membership Card","infinitespire:WardingShard","PokerPlayerMod:DartThrow","PokerPlayerMod:Sharpen","Whetstone","PokerPlayerMod:SecondChance","ReplayTheSpireMod:CursedCoin","Replay:WaspNest","Bronze Scales","Meat on the Bone","PokerPlayerMod:Club4","PokerPlayerMod:PenAndEraser","Singing Bowl"],"campfire_rested":2,"item_purchase_floors":[0,0,0,0,0,0,3,3,10,10,10,21,21,39,39],"current_hp_per_floor":[26,26,26,26,26,23,23,26,26,26,16,10,8,8,23,28,52,52,44,44,44,44,36,36,30,30,30,29,29,41,41,41,31,52,31,31,11,16,16,31,34,34,34,34,34,27,27,42,42,16],"gold":111,"neow_bonus":"","is_daily":false,"chose_seed":false,"campfire_upgraded":4,"win_rate":0.0,"timestamp":1610665504,"path_taken":["M","?","$","?","?","E","M","?","T","?","E","?","E","?","R","BOSS","M","?","?","$","?","E","R","?","T","M","E","?","M","M","R_BF","BOSS","M","?","?","?","?","R","?","R","T","AVR","M","?","R","M","R","BOSS"],"items_purchased_type":["Relic","Relic","Relic","Relic","Card","Card","Relic","Card","Relic","Relic","Relic","Relic","Card","Relic","Relic"],"build_version":"2020-12-22","purchased_purges":2,"victory":true,"max_hp_per_floor":[52,52,52,52,52,52,52,52,52,52,52,52,52,52,52,52,52,52,52,52,52,52,52,52,52,52,52,52,52,52,52,52,52,52,52,52,52,52,52,52,54,54,54,54,56,56,56,58,58,58],"relic_stats":{"Busted Crown":106,"Singing Bowl":6,"counters":[134,564],"Sundial":[0],"Shuriken":[11],"Bronze Scales":[130],"Ginger":[18],"Smiling Mask":-12,"Medical Kit":[0],"obtain_stats":[{"hubris:BallOfYels":23,"infinitespire:Cubic Diamond":2,"Whetstone":10,"Ginger":0,"FrozenCore":17,"aspiration:EnhancedActuators":22,"Sundial":23,"MealTicket":48,"Replay:Bottled Flurry":54,"Kunai":39,"HollowMod:PaleOreRelic":27,"Replay:Wax Seal":9,"MerchantsRug":21,"ReplayTheSpireMod:Ring of Addiction":38,"Pen Nib":36,"Replay:Ancient Bell":70,"Guardian:PocketSentry":72,"Akabeko":7,"aspiration:FrozenJewel":53,"SlaversCollar":34,"hubris:BottledHeart":20,"infinitespire:Broken Mirror":36,"MutagenicStrength":20,"hubris:TenFootPole":4,"infinitespire:Cupcake":34,"Lantern":37,"PokerPlayerMod:PenAndEraser":39,"Singing Bowl":39,"Blue Doll":12,"hubris:EmptyBottle":38,"Ancient Tea Set":44,"Smiling Mask":6,"aspiration:AnachronicSnailShell":0,"Ring of Peace":36,"hubris:FunFungus":24,"aspiration:ChemicalBlood":25,"Ring of the Snake":0,"Potion Belt":26,"Circlet":38,"infinitespire:Lucky Rock":28,"hubris:Towel":45,"energizedSpire:SpiderWeb":34,"MawBank":27,"Busted Crown":47,"Ornamental Fan":6,"Turnip":0,"Art of War":14,"Runesmith:AutoHammer":19,"Bottled Lightning":64,"ReplayTheSpireMod:Ring of Challenge":36,"conspire:DeflatedDodgeball":9,"hubris:VirtuousBlindfold":34,"EVO:Axolotl":36,"Lizard Tail":40,"DollysMirror":0,"Strawberry":26,"Prayer Wheel":11,"aspiration:ArtOfWarUpgrade":32,"Iron Hammer":26,"Girya":12,"Ring of Hypnosis":36,"hubris:DuctTape":40,"aspiration:Nostalgia":0,"ReplayTheSpireMod:CursedCoin":10,"Oddly Smooth Stone":23,"Guardian:ModeShifter":2,"Ring of Chaos":38,"conspire:SlowCooker":17,"conspire:Boomerang":0,"Letter Opener":21,"Replay:Kaleidoscope":13,"aspiration:SeaSaltIceCream":43,"WarpedTongs":50,"Bottled Flame":54,"Replay:Baseball":47,"Shuriken":26,"Bronze Scales":53,"Onion Ring":21,"ReplayTheSpireMod:TigerMarble":9,"Black Star":53,"CatCart":48,"Meat on the Bone":0,"Replay:PocketPolymizer":0,"SacredBark":56,"aspiration:TomeofQuesting":30,"conspire:SpecialSausage":19,"PrismaticShard":19,"ClockworkSouvenir":39,"aspiration:StickyExplosives_weak":11,"Nunchaku":12,"PokerPlayerMod:DeckCase":43,"hubris:Icosahedron":27,"Pantograph":21,"hubris:Stopwatch":17,"Tiny Chest":9,"Replay:Bottled Snecko":45,"Cracked Core":0,"Gremlin Food":7,"hubris:KleinBottle":43,"Guide Book":53,"hubris:MedicalManual":0,"infinitespire:FocusingShard":70,"Replay:WaspNest":10,"Medical Kit":44,"Mercury Hourglass":10,"Anchor":29,"infinitespire:WardingShard":0,"PokerPlayerMod:JackpotMachine":70,"Membership Card":38,"FossilizedHelix":15,"ReplayTheSpireMod:ShopPack":22},{"hubris:BallOfYels":36,"infinitespire:Cubic Diamond":114,"Whetstone":5,"Ginger":113,"FrozenCore":9,"aspiration:EnhancedActuators":35,"Sundial":123,"MealTicket":21,"Replay:Bottled Flurry":77,"Kunai":17,"HollowMod:PaleOreRelic":61,"Replay:Wax Seal":50,"MerchantsRug":11,"ReplayTheSpireMod:Ring of Addiction":17,"Pen Nib":17,"Replay:Ancient Bell":108,"Guardian:PocketSentry":109,"Akabeko":4,"aspiration:FrozenJewel":76,"SlaversCollar":16,"hubris:BottledHeart":34,"infinitespire:Broken Mirror":67,"MutagenicStrength":122,"hubris:TenFootPole":80,"infinitespire:Cupcake":66,"Lantern":17,"PokerPlayerMod:PenAndEraser":130,"Singing Bowl":130,"Blue Doll":83,"hubris:EmptyBottle":17,"Ancient Tea Set":19,"Smiling Mask":115,"aspiration:AnachronicSnailShell":24,"Ring of Peace":130,"hubris:FunFungus":88,"aspiration:ChemicalBlood":60,"Ring of the Snake":78,"Potion Belt":89,"Circlet":17,"infinitespire:Lucky Rock":126,"hubris:Towel":19,"energizedSpire:SpiderWeb":129,"MawBank":14,"Busted Crown":74,"Ornamental Fan":50,"Turnip":78,"Art of War":8,"Runesmith:AutoHammer":34,"Bottled Lightning":107,"ReplayTheSpireMod:Ring of Challenge":40,"conspire:DeflatedDodgeball":117,"hubris:VirtuousBlindfold":39,"EVO:Axolotl":67,"Lizard Tail":70,"DollysMirror":113,"Strawberry":13,"Prayer Wheel":6,"aspiration:ArtOfWarUpgrade":15,"Iron Hammer":37,"Girya":30,"Ring of Hypnosis":40,"hubris:DuctTape":43,"aspiration:Nostalgia":78,"ReplayTheSpireMod:CursedCoin":117,"Oddly Smooth Stone":12,"Guardian:ModeShifter":114,"Ring of Chaos":17,"conspire:SlowCooker":55,"conspire:Boomerang":113,"Letter Opener":11,"Replay:Kaleidoscope":120,"aspiration:SeaSaltIceCream":131,"WarpedTongs":99,"Bottled Flame":23,"Replay:Baseball":74,"Shuriken":124,"Bronze Scales":22,"Onion Ring":86,"ReplayTheSpireMod:TigerMarble":27,"Black Star":100,"CatCart":75,"Meat on the Bone":45,"Replay:PocketPolymizer":24,"SacredBark":102,"aspiration:TomeofQuesting":64,"conspire:SpecialSausage":85,"PrismaticShard":122,"ClockworkSouvenir":94,"aspiration:StickyExplosives_weak":118,"Nunchaku":7,"PokerPlayerMod:DeckCase":96,"hubris:Icosahedron":37,"Pantograph":11,"hubris:Stopwatch":32,"Tiny Chest":4,"Replay:Bottled Snecko":96,"Cracked Core":0,"Gremlin Food":81,"hubris:KleinBottle":131,"Guide Book":76,"hubris:MedicalManual":45,"infinitespire:FocusingShard":108,"Replay:WaspNest":117,"Medical Kit":131,"Mercury Hourglass":28,"Anchor":14,"infinitespire:WardingShard":113,"PokerPlayerMod:JackpotMachine":108,"Membership Card":41,"FossilizedHelix":83,"ReplayTheSpireMod:ShopPack":35},{"hubris:BallOfYels":177,"infinitespire:Cubic Diamond":499,"Whetstone":18,"Ginger":497,"FrozenCore":38,"aspiration:EnhancedActuators":173,"Sundial":525,"MealTicket":114,"Replay:Bottled Flurry":340,"Kunai":87,"HollowMod:PaleOreRelic":266,"Replay:Wax Seal":231,"MerchantsRug":49,"ReplayTheSpireMod:Ring of Addiction":87,"Pen Nib":87,"Replay:Ancient Bell":478,"Guardian:PocketSentry":480,"Akabeko":13,"aspiration:FrozenJewel":336,"SlaversCollar":85,"hubris:BottledHeart":170,"infinitespire:Broken Mirror":292,"MutagenicStrength":522,"hubris:TenFootPole":352,"infinitespire:Cupcake":289,"Lantern":87,"PokerPlayerMod:PenAndEraser":548,"Singing Bowl":548,"Blue Doll":367,"hubris:EmptyBottle":87,"Ancient Tea Set":101,"Smiling Mask":502,"aspiration:AnachronicSnailShell":132,"Ring of Peace":548,"hubris:FunFungus":394,"aspiration:ChemicalBlood":262,"Ring of the Snake":348,"Potion Belt":400,"Circlet":87,"infinitespire:Lucky Rock":534,"hubris:Towel":101,"energizedSpire:SpiderWeb":543,"MawBank":67,"Busted Crown":321,"Ornamental Fan":231,"Turnip":348,"Art of War":28,"Runesmith:AutoHammer":170,"Bottled Lightning":475,"ReplayTheSpireMod:Ring of Challenge":197,"conspire:DeflatedDodgeball":505,"hubris:VirtuousBlindfold":194,"EVO:Axolotl":292,"Lizard Tail":307,"DollysMirror":497,"Strawberry":61,"Prayer Wheel":20,"aspiration:ArtOfWarUpgrade":74,"Iron Hammer":181,"Girya":150,"Ring of Hypnosis":197,"hubris:DuctTape":211,"aspiration:Nostalgia":348,"ReplayTheSpireMod:CursedCoin":505,"Oddly Smooth Stone":56,"Guardian:ModeShifter":499,"Ring of Chaos":87,"conspire:SlowCooker":246,"conspire:Boomerang":497,"Letter Opener":49,"Replay:Kaleidoscope":514,"aspiration:SeaSaltIceCream":551,"WarpedTongs":452,"Bottled Flame":129,"Replay:Baseball":321,"Shuriken":527,"Bronze Scales":123,"Onion Ring":382,"ReplayTheSpireMod:TigerMarble":141,"Black Star":461,"CatCart":327,"Meat on the Bone":214,"Replay:PocketPolymizer":132,"SacredBark":464,"aspiration:TomeofQuesting":279,"conspire:SpecialSausage":378,"PrismaticShard":522,"ClockworkSouvenir":426,"aspiration:StickyExplosives_weak":508,"Nunchaku":26,"PokerPlayerMod:DeckCase":437,"hubris:Icosahedron":181,"Pantograph":49,"hubris:Stopwatch":160,"Tiny Chest":13,"Replay:Bottled Snecko":437,"Cracked Core":0,"Gremlin Food":362,"hubris:KleinBottle":551,"Guide Book":336,"hubris:MedicalManual":214,"infinitespire:FocusingShard":478,"Replay:WaspNest":505,"Medical Kit":551,"Mercury Hourglass":144,"Anchor":67,"infinitespire:WardingShard":497,"PokerPlayerMod:JackpotMachine":478,"Membership Card":201,"FossilizedHelix":367,"ReplayTheSpireMod:ShopPack":173}],"Meat on the Bone":48,"WarpedTongs":[87]},"card_choices":[{"not_picked":["PokerPlayerMod:HiddenCard","PokerPlayerMod:Diamond4"],"picked":"PokerPlayerMod:ClubsClub","floor":1},{"not_picked":["PokerPlayerMod:Manipulation","PokerPlayerMod:Diamond2","PokerPlayerMod:ClubsClub"],"picked":"SKIP","floor":6},{"not_picked":["PokerPlayerMod:Diamond3","PokerPlayerMod:Harden"],"picked":"PokerPlayerMod:HeartStrike","floor":7},{"not_picked":["PokerPlayerMod:Overdeal","PokerPlayerMod:Spade4"],"picked":"PokerPlayerMod:Trickery","floor":8},{"not_picked":["PokerPlayerMod:Club4","PokerPlayerMod:Diamond8"],"picked":"PokerPlayerMod:ClubStrike","floor":11},{"not_picked":["PokerPlayerMod:Spade3","PokerPlayerMod:Diamond1"],"picked":"PokerPlayerMod:DartThrow","floor":12},{"not_picked":["PokerPlayerMod:Spade6","PokerPlayerMod:Diamond1"],"picked":"PokerPlayerMod:DartThrow","floor":13},{"not_picked":["PokerPlayerMod:StackedDeck","PokerPlayerMod:WildCard"],"picked":"PokerPlayerMod:TheDieIsCast","floor":16},{"not_picked":[],"picked":"PokerPlayerMod:SpadeStrike","floor":18},{"not_picked":[],"picked":"PokerPlayerMod:Heart4","floor":19},{"not_picked":["PokerPlayerMod:Diamond4"],"picked":"SKIP","floor":23},{"not_picked":["PokerPlayerMod:Spade3"],"picked":"SKIP","floor":25},{"not_picked":[],"picked":"PokerPlayerMod:DartThrow+1","floor":27},{"not_picked":["PokerPlayerMod:Configure"],"picked":"SKIP","floor":28},{"not_picked":["PokerPlayerMod:Spade1"],"picked":"SKIP","floor":30},{"not_picked":["PokerPlayerMod:Diamond2"],"picked":"SKIP","floor":31},{"not_picked":[],"picked":"PokerPlayerMod:FakeSymbols","floor":33},{"not_picked":["PokerPlayerMod:Diamond3"],"picked":"SKIP","floor":35},{"not_picked":["PokerPlayerMod:Spade2"],"picked":"Singing Bowl","floor":41},{"not_picked":["infinitespire:SealOfDarkness+","infinitespire:UltimateForm"],"picked":"infinitespire:DeathsTouch","floor":43},{"not_picked":["PokerPlayerMod:Spade6"],"picked":"Singing Bowl","floor":45},{"not_picked":["PokerPlayerMod:Spade4"],"picked":"Singing Bowl","floor":48}],"player_experience":524759,"relics_obtained":[{"floor":6,"key":"Smiling Mask"},{"floor":9,"key":"conspire:DeflatedDodgeball"},{"floor":11,"key":"aspiration:StickyExplosives_weak"},{"floor":13,"key":"Replay:Kaleidoscope"},{"floor":19,"key":"PrismaticShard"},{"floor":23,"key":"Sundial"},{"floor":26,"key":"Shuriken"},{"floor":28,"key":"infinitespire:Lucky Rock"},{"floor":36,"key":"Ring of Chaos"},{"floor":36,"key":"Ring of Peace"},{"floor":43,"key":"aspiration:SeaSaltIceCream"}],"event_choices":[{"damage_healed":0,"gold_gain":0,"player_choice":"Jackpot","damage_taken":0,"max_hp_gain":0,"max_hp_loss":0,"event_name":"PokerPlayerMod:ExordiumClub","floor":4,"gold_loss":0,"cards_obtained":["PokerPlayerMod:Club2","PokerPlayerMod:Club3","PokerPlayerMod:Club4","PokerPlayerMod:Club5","PokerPlayerMod:Club6"]},{"damage_healed":0,"gold_gain":0,"player_choice":"Jackpot","damage_taken":0,"max_hp_gain":0,"max_hp_loss":0,"event_name":"PokerPlayerMod:ExordiumClub","floor":4,"gold_loss":0,"cards_obtained":["PokerPlayerMod:Club2","PokerPlayerMod:Club3","PokerPlayerMod:Club4","PokerPlayerMod:Club5","PokerPlayerMod:Club6"]},{"damage_healed":0,"gold_gain":0,"player_choice":"Jackpot","damage_taken":0,"max_hp_gain":0,"max_hp_loss":0,"event_name":"PokerPlayerMod:ExordiumClub","floor":4,"gold_loss":0,"cards_obtained":["PokerPlayerMod:Club2","PokerPlayerMod:Club3","PokerPlayerMod:Club4","PokerPlayerMod:Club5","PokerPlayerMod:Club6"]},{"damage_healed":0,"gold_gain":0,"player_choice":"Jackpot","damage_taken":0,"max_hp_gain":0,"max_hp_loss":0,"event_name":"PokerPlayerMod:ExordiumClub","floor":4,"gold_loss":0,"cards_obtained":["PokerPlayerMod:Club2","PokerPlayerMod:Club3","PokerPlayerMod:Club4","PokerPlayerMod:Club5","PokerPlayerMod:Club6"]},{"damage_healed":0,"gold_gain":0,"player_choice":"Jackpot","damage_taken":0,"max_hp_gain":0,"max_hp_loss":0,"event_name":"PokerPlayerMod:ExordiumClub","floor":4,"gold_loss":0,"cards_obtained":["PokerPlayerMod:Club2","PokerPlayerMod:Club3","PokerPlayerMod:Club4","PokerPlayerMod:Club5","PokerPlayerMod:Club6"]},{"damage_healed":0,"gold_gain":0,"player_choice":"Ignored","damage_taken":0,"max_hp_gain":0,"max_hp_loss":0,"event_name":"Transmorgrifier","floor":5,"gold_loss":0},{"damage_healed":0,"gold_gain":0,"player_choice":"Left","damage_taken":0,"max_hp_gain":0,"max_hp_loss":0,"event_name":"betterThird:BetterGoop","floor":14,"gold_loss":49},{"damage_healed":0,"gold_gain":0,"player_choice":"Inject Mutagens","damage_taken":0,"relics_obtained":["MutagenicStrength"],"max_hp_gain":0,"max_hp_loss":0,"event_name":"Drug Dealer","floor":20,"gold_loss":0},{"damage_healed":0,"gold_gain":0,"player_choice":"Rummage","damage_taken":0,"relics_obtained":["WarpedTongs"],"max_hp_gain":0,"max_hp_loss":0,"event_name":"Accursed Blacksmith","floor":22,"gold_loss":0,"cards_obtained":["Pain"]},{"damage_healed":0,"gold_gain":0,"player_choice":"Ignored","damage_taken":0,"max_hp_gain":0,"max_hp_loss":0,"event_name":"Transmorgrifier","floor":29,"gold_loss":0},{"damage_healed":0,"gold_gain":0,"player_choice":"Embrace Madness","damage_taken":7,"max_hp_gain":0,"max_hp_loss":0,"event_name":"Winding Halls","floor":46,"gold_loss":0,"cards_obtained":["Madness","Madness"]}],"is_beta":false,"boss_relics":[{"not_picked":["energizedSpire:MagnifyingGlass","aspiration:RunesmithSkillbook"],"picked":"Busted Crown"},{"not_picked":["hubris:HollowSoul","Philosopher\u0027s Stone"],"picked":"energizedSpire:SpiderWeb"}],"items_purged_floors":[21,39],"is_endless":false,"potions_floor_spawned":[1,7,8,13,18,25,31,33,35,41],"ascension_level":1}}