{"host":"uxq2rly8rxtwffuf","time":1610615075,"event":{"mods":["BaseMod","Koishi","Minty Spire (QoL Compilation)","StSLib","The Servant 0.9.4"],"gold_per_floor":[117,42,42,42,59,79,79,91,91,102,129,129,144,66,66,170,170,183,195,195,205,105,147,147,174,174,174,22,59,59,59,59,59,59],"floor_reached":33,"language":"ENG","playtime":2091,"items_purged":["Strike_P","Defend_P"],"score":369,"play_id":"bb3a329f-5571-48a1-a592-9435077e52b7","local_time":"20210114120435","is_ascension_mode":true,"campfire_choices":[{"data":"Eruption","floor":7,"key":"SMITH"},{"data":"CutThroughFate","floor":12,"key":"SMITH"},{"data":"FlyingSleeves","floor":15,"key":"SMITH"},{"data":"DeusExMachina","floor":24,"key":"SMITH"},{"data":"WindmillStrike","floor":27,"key":"SMITH"},{"floor":30,"key":"RECALL"},{"data":"CrushJoints","floor":32,"key":"SMITH"}],"circlet_count":0,"master_deck":["Strike_P","Strike_P","Strike_P","Defend_P","Defend_P","Defend_P","Eruption+1","Vigilance","CutThroughFate+1","FlyingSleeves+1","EmptyFist","Sanctity","EmptyBody","Halt","ReachHeaven","DeusExMachina+1","CutThroughFate","FearNoEvil+1","Evaluate+1","CrushJoints+1","WindmillStrike+1","FlyingSleeves"],"relics":["PureWater","HornCleat","Ornamental Fan","Ancient Tea Set","SacredBark","CeramicFish","Bag of Marbles","Bronze Scales","Toxic Egg 2","Toy Ornithopter"],"acts_visited":["Exordium","TheCity"],"potions_floor_usage":[16,16,18,23,25,29],"damage_taken":[{"damage":0,"enemies":"2 Louse","floor":1,"turns":3},{"damage":4,"enemies":"Cultist","floor":5,"turns":5},{"damage":2,"enemies":"Small Slimes","floor":6,"turns":3},{"damage":15,"enemies":"Exordium Thugs","floor":8,"turns":4},{"damage":3,"enemies":"Looter","floor":10,"turns":3},{"damage":5,"enemies":"3 Sentries","floor":11,"turns":7},{"damage":0,"enemies":"Exordium Wildlife","floor":13,"turns":2},{"damage":0,"enemies":"Slime Boss","floor":16,"turns":7},{"damage":2,"enemies":"2 Thieves","floor":18,"turns":2},{"damage":0,"enemies":"Spheric Guardian","floor":19,"turns":3},{"damage":5,"enemies":"Snake Plant","floor":21,"turns":3},{"damage":4,"enemies":"Book of Stabbing","floor":23,"turns":5},{"damage":0,"enemies":"3 Cultists","floor":25,"turns":3},{"damage":6,"enemies":"Gremlin Leader","floor":29,"turns":5},{"damage":62,"enemies":"Collector","floor":33,"turns":6}],"seed_played":"2994149044977480065","potions_obtained":[{"floor":11,"key":"LiquidMemories"},{"floor":13,"key":"ColorlessPotion"},{"floor":16,"key":"Explosive Potion"},{"floor":18,"key":"Block Potion"},{"floor":23,"key":"Swift Potion"},{"floor":25,"key":"DuplicationPotion"}],"is_trial":false,"path_per_floor":["M","$","?","$","M","M","R","M","T","M","E","R","M","$","R","B",null,"M","M","?","M","$","E","R","M","T","R","$","E","R","?","R","B"],"character_chosen":"WATCHER","items_purchased":["ReachHeaven","Bronze Scales"],"campfire_rested":0,"item_purchase_floors":[14,28],"current_hp_per_floor":[79,79,79,79,75,73,73,58,58,55,50,50,50,50,50,50,79,77,77,77,72,72,68,68,68,68,68,68,62,62,62,62,0,0],"gold":59,"neow_bonus":"TEN_PERCENT_HP_BONUS","is_daily":false,"chose_seed":false,"campfire_upgraded":6,"win_rate":0.0,"timestamp":1610615075,"path_taken":["M","$","?","?","M","M","R","M","T","M","E","R","M","$","R","BOSS","M","M","?","M","$","E","R","M","T","R","?","E","R","?","R","BOSS"],"items_purchased_type":["Card","Relic"],"build_version":"2020-12-22","purchased_purges":2,"victory":false,"max_hp_per_floor":[79,79,79,79,79,79,79,79,79,79,79,79,79,79,79,79,79,79,79,79,79,79,79,79,79,79,79,79,79,79,79,79,79,79],"card_choices":[{"not_picked":["FlyingSleeves","InnerPeace"],"picked":"CutThroughFate","floor":1},{"not_picked":["Prostrate","Worship"],"picked":"CutThroughFate","floor":5},{"not_picked":["PathToVictory","CrushJoints"],"picked":"FlyingSleeves","floor":6},{"not_picked":["Crescendo","Protect"],"picked":"EmptyFist","floor":8},{"not_picked":["InnerPeace","CrushJoints"],"picked":"Sanctity","floor":10},{"not_picked":["Wallop","Swivel"],"picked":"EmptyBody","floor":11},{"not_picked":["Vault","SashWhip"],"picked":"Halt","floor":13},{"not_picked":["Vault","Wish"],"picked":"DeusExMachina","floor":16},{"not_picked":["Worship+1","SashWhip"],"picked":"CutThroughFate","floor":18},{"not_picked":["Crescendo","FlurryOfBlows"],"picked":"FearNoEvil+1","floor":19},{"not_picked":["Study","DeceiveReality"],"picked":"Evaluate+1","floor":21},{"not_picked":["EmptyMind","SashWhip"],"picked":"CrushJoints","floor":23},{"not_picked":["FlurryOfBlows","Wireheading"],"picked":"WindmillStrike","floor":25},{"not_picked":["Protect+1","Devotion"],"picked":"FlyingSleeves","floor":29}],"player_experience":1398950,"relics_obtained":[{"floor":9,"key":"Ornamental Fan"},{"floor":11,"key":"Ancient Tea Set"},{"floor":23,"key":"CeramicFish"},{"floor":26,"key":"Bag of Marbles"},{"floor":29,"key":"Toxic Egg 2"},{"floor":31,"key":"Toy Ornithopter"}],"event_choices":[{"cards_removed":["CutThroughFate"],"damage_healed":0,"gold_gain":0,"player_choice":"Gave Card","damage_taken":0,"relics_obtained":["HornCleat"],"max_hp_gain":0,"max_hp_loss":0,"event_name":"WeMeetAgain","floor":3,"gold_loss":0},{"damage_healed":0,"gold_gain":0,"player_choice":"Ignored","damage_taken":0,"max_hp_gain":0,"max_hp_loss":0,"event_name":"N\u0027loth","floor":20,"gold_loss":0},{"damage_healed":0,"gold_gain":0,"player_choice":"Relic","damage_taken":0,"max_hp_gain":0,"max_hp_loss":0,"event_name":"Wheel of Change","floor":31,"gold_loss":0}],"is_beta":false,"boss_relics":[{"not_picked":["Velvet Choker","Empty Cage"],"picked":"SacredBark"}],"items_purged_floors":[2,22],"is_endless":false,"potions_floor_spawned":[11,13,16,18,23,25],"killed_by":"Collector","ascension_level":2}}