{"host":"ibonnlq6s1c814xj","time":1610598288,"event":{"mods":["BaseMod","Good Game Mod","Minty Spire (QoL Compilation)","StSLib","【功能Mod】聪明的最终Boss"],"gold_per_floor":[110,110,124,148,323,323,343,124,124,124,124,124,24,24,24,155,155,171,171,195,195,40,40,71,71,71],"floor_reached":25,"language":"ZHS","playtime":1019,"items_purged":["Doubt","Strike_G"],"score":217,"play_id":"efb3497b-bffa-456a-af20-761cc44deb04","local_time":"20210114122448","is_ascension_mode":true,"campfire_choices":[{"data":"Noxious Fumes","floor":6,"key":"SMITH"},{"data":"Catalyst","floor":10,"key":"SMITH"},{"floor":15,"key":"REST"},{"data":"Crippling Poison","floor":23,"key":"SMITH"}],"circlet_count":0,"master_deck":["Strike_G","Strike_G","Defend_G","Defend_G","Defend_G","Defend_G","Defend_G","Survivor","Neutralize+1","Bullet Time+1","Noxious Fumes+1","Deadly Poison","Crippling Poison+1","Catalyst+1","Noxious Fumes","Outmaneuver","Escape Plan"],"relics":["Ring of the Snake","REME:ComplimentaryCards","Golden Idol","Strange Spoon","Omamori","Philosopher\u0027s Stone","Pear","Thread and Needle","Snake Skull","Gremlin Horn"],"acts_visited":["Exordium","TheCity"],"potions_floor_usage":[16,20,24],"damage_taken":[{"damage":0,"enemies":"2 Louse","floor":1,"turns":3},{"damage":0,"enemies":"Small Slimes","floor":3,"turns":4},{"damage":1,"enemies":"Cultist","floor":4,"turns":4},{"damage":9,"enemies":"3 Louse","floor":7,"turns":4},{"damage":9,"enemies":"The Guardian","floor":16,"turns":6},{"damage":13,"enemies":"Spheric Guardian","floor":18,"turns":4},{"damage":25,"enemies":"3 Byrds","floor":20,"turns":5},{"damage":33,"enemies":"Slavers","floor":24,"turns":5},{"damage":14,"enemies":"Shelled Parasite and Fungi","floor":25,"turns":2}],"seed_played":"3213420405899647154","potions_obtained":[{"floor":4,"key":"PowerPotion"},{"floor":16,"key":"Ancient Potion"},{"floor":18,"key":"Weak Potion"}],"is_trial":false,"path_per_floor":["M","?","M","M","?","R","M","$","T","R","?","?","$","?","R","B",null,"M","?","M","?","$","R","E","M"],"character_chosen":"THE_SILENT","items_purchased":["Strange Spoon","Snake Skull"],"campfire_rested":1,"item_purchase_floors":[8,22],"current_hp_per_floor":[70,53,53,52,52,52,43,43,43,43,29,29,29,22,43,34,70,57,67,42,42,42,42,9,0,0],"gold":71,"neow_bonus":"ONE_RANDOM_RARE_CARD","is_daily":false,"chose_seed":false,"campfire_upgraded":3,"win_rate":0.0,"timestamp":1610598288,"path_taken":["M","?","M","M","?","R","M","$","T","R","?","?","?","?","R","BOSS","M","?","M","?","$","R","E","M"],"items_purchased_type":["Relic","Relic"],"build_version":"2020-12-22","purchased_purges":2,"victory":false,"max_hp_per_floor":[70,70,70,70,70,70,70,70,70,70,70,70,70,70,70,70,70,70,80,80,80,80,80,80,80,80],"card_choices":[{"not_picked":["Backflip","Leg Sweep"],"picked":"Deadly Poison","floor":1},{"not_picked":["Prepared","Slice"],"picked":"Crippling Poison","floor":3},{"not_picked":["Slice","Blade Dance"],"picked":"Catalyst","floor":4},{"not_picked":["Skewer","Acrobatics"],"picked":"Noxious Fumes","floor":7},{"not_picked":["Slice","Poisoned Stab"],"picked":"Outmaneuver","floor":18},{"not_picked":["Finisher","Quick Slash+1"],"picked":"Escape Plan","floor":20},{"not_picked":["Heel Hook","Riddle With Holes","Caltrops"],"picked":"SKIP","floor":24}],"player_experience":190096,"relics_obtained":[{"floor":9,"key":"Omamori"},{"floor":24,"key":"Gremlin Horn"}],"event_choices":[{"damage_healed":0,"gold_gain":0,"player_choice":"Take Damage","damage_taken":17,"relics_obtained":["Golden Idol"],"max_hp_gain":0,"max_hp_loss":0,"event_name":"Golden Idol","floor":2,"gold_loss":0},{"damage_healed":0,"gold_gain":175,"player_choice":"AGREE","damage_taken":0,"max_hp_gain":0,"max_hp_loss":0,"event_name":"Liars Game","floor":5,"gold_loss":0,"cards_obtained":["Doubt"]},{"damage_healed":0,"gold_gain":0,"player_choice":"Entered Light","damage_taken":14,"max_hp_gain":0,"max_hp_loss":0,"event_name":"Shining Light","floor":11,"gold_loss":0,"cards_upgraded":["Neutralize","Bullet Time"]},{"cards_removed":["Strike_G"],"damage_healed":0,"gold_gain":0,"player_choice":"Forget","damage_taken":0,"max_hp_gain":0,"max_hp_loss":0,"event_name":"Living Wall","floor":12,"gold_loss":0},{"cards_removed":["Strike_G"],"damage_healed":0,"gold_gain":0,"player_choice":"Card Removal","damage_taken":7,"max_hp_gain":0,"max_hp_loss":0,"event_name":"Golden Wing","floor":14,"gold_loss":0},{"damage_healed":0,"gold_gain":0,"player_choice":"Stole Relic","damage_taken":0,"relics_obtained":["Pear"],"max_hp_gain":0,"max_hp_loss":0,"event_name":"Addict","floor":19,"gold_loss":0,"cards_obtained":["Shame"]},{"damage_healed":0,"gold_gain":0,"player_choice":"Opened","damage_taken":0,"relics_obtained":["Thread and Needle"],"max_hp_gain":0,"max_hp_loss":0,"event_name":"The Mausoleum","floor":21,"gold_loss":0}],"is_beta":false,"boss_relics":[{"not_picked":["HoveringKite","WristBlade"],"picked":"Philosopher\u0027s Stone"}],"items_purged_floors":[8,13],"is_endless":false,"potions_floor_spawned":[4,16,18],"killed_by":"Shelled Parasite and Fungi","ascension_level":1}}