{"host":"qrlp59d4kykmw4mt","time":1610625509,"event":{"mods":["Act Like it!","BaseMod","Colored Map","Downfall","Friendly Minions","Highlight Path","Minty Spire (QoL Compilation)","Permanent Neow","Random Character Button","Rare Cards Sparkle","SacredBarkPlus","StSLib","SuperFastMode","everything is the same but u backflip on backflip"],"gold_per_floor":[99,99,35,53,203,128,128,141,153,170,200,125,141,30,47,152,152,152,164,180,191,391,280,304,304,215,228,347,372,82,102,115,214,214,214,214,112,122,132,132,156,170,95,7,23,40,40,51,65,65,65,94,55,55,55],"floor_reached":56,"language":"ENG","playtime":2965,"items_purged":["Slimebound:Icky","Guardian:Strike_Guardian","Guardian:Strike_Guardian","Guardian:Strike_Guardian","Guardian:Strike_Guardian","Guardian:PrimingBeam","Guardian:Defend_Guardian"],"score":1273,"play_id":"4fd4f36c-dc38-4356-9778-22d09008415f","local_time":"20210114065829","is_ascension_mode":false,"campfire_choices":[{"floor":1,"key":"RECALL"},{"data":"Guardian:GatlingBeam","floor":6,"key":"SMITH"},{"data":"Guardian:TwinSlam","floor":12,"key":"SMITH"},{"data":"Guardian:TimeSifter","floor":18,"key":"SMITH"},{"data":"Guardian:Recover","floor":25,"key":"SMITH"},{"data":"Guardian:FastForward","floor":35,"key":"SMITH"},{"data":"Guardian:Emergency","floor":40,"key":"SMITH"},{"data":"Guardian:Suspension","floor":43,"key":"SMITH"},{"data":"Guardian:TimeCapacitor","floor":47,"key":"SMITH"},{"data":"Guardian:Orbwalk","floor":54,"key":"SMITH"}],"circlet_count":0,"master_deck":["Guardian:Defend_Guardian","Guardian:Defend_Guardian","Guardian:Defend_Guardian","Guardian:CurlUp+1","Guardian:TwinSlam+1","Guardian:GatlingBeam+1","Guardian:TimeSifter+1","Guardian:Planning","Guardian:FierceBash","Guardian:TemporalShield","Guardian:Recover+1","Guardian:BronzeOrb","Guardian:Incinerate","Guardian:BronzeOrb","Guardian:Orbwalk+1","Guardian:FastForward+1","Guardian:Suspension+1","Guardian:Emergency+1","Guardian:Reroute","Guardian:TimeCapacitor+1","Guardian:TimeCapacitor"],"relics":["Guardian:ModeShifterPlus","downfall:HeartBlessingRed","Smiling Mask","Orichalcum","downfall:HeartBlessingGreen","SacredBark","Happy Flower","Anchor","Vajra","Membership Card","Blood Vial","downfall:HeartBlessingBlue","FossilizedHelix"],"acts_visited":["Exordium","TheCity","TheBeyond","TheEnding"],"potions_floor_usage":[13,28,33,55,55,55],"damage_taken":[{"damage":0,"enemies":"downfall:FleeingMerchant","floor":3,"turns":4},{"damage":0,"enemies":"Small Slimes","floor":4,"turns":3},{"damage":0,"enemies":"Cultist","floor":8,"turns":3},{"damage":0,"enemies":"2 Louse","floor":9,"turns":3},{"damage":8,"enemies":"Exordium Thugs","floor":10,"turns":4},{"damage":18,"enemies":"Lagavulin","floor":11,"turns":6},{"damage":2,"enemies":"2 Fungi Beasts","floor":13,"turns":3},{"damage":0,"enemies":"downfall:FleeingMerchant","floor":14,"turns":4},{"damage":10,"enemies":"Gremlin Gang","floor":15,"turns":3},{"damage":19,"enemies":"downfall:Watcher","floor":16,"turns":9},{"damage":14,"enemies":"Shell Parasite","floor":19,"turns":3},{"damage":10,"enemies":"Centurion and Healer","floor":20,"turns":5},{"damage":16,"enemies":"Snake Plant","floor":21,"turns":4},{"damage":10,"enemies":"downfall:FleeingMerchant","floor":23,"turns":4},{"damage":1,"enemies":"downfall:FleeingMerchant","floor":26,"turns":4},{"damage":0,"enemies":"3 Cultists","floor":27,"turns":4},{"damage":0,"enemies":"downfall:FleeingMerchant","floor":28,"turns":4},{"damage":0,"enemies":"Book of Stabbing","floor":29,"turns":4},{"damage":0,"enemies":"Cultist and Chosen","floor":31,"turns":4},{"damage":0,"enemies":"Snake Plant","floor":32,"turns":4},{"damage":12,"enemies":"downfall:Ironclad","floor":33,"turns":7},{"damage":0,"enemies":"Orb Walker","floor":38,"turns":3},{"damage":0,"enemies":"3 Darklings","floor":39,"turns":6},{"damage":17,"enemies":"Sphere and 2 Shapes","floor":42,"turns":4},{"damage":0,"enemies":"Spire Growth","floor":45,"turns":4},{"damage":0,"enemies":"3 Darklings","floor":46,"turns":4},{"damage":0,"enemies":"Transient","floor":48,"turns":5},{"damage":0,"enemies":"Writhing Mass","floor":49,"turns":4},{"damage":43,"enemies":"downfall:Silent","floor":50,"turns":9},{"damage":0,"enemies":"downfall:CharBossMerchant","floor":52,"turns":6},{"damage":6,"enemies":"downfall:NeowBoss","floor":55,"turns":13}],"seed_played":"-3740528767949503923","potions_obtained":[{"floor":4,"key":"EntropicBrew"},{"floor":10,"key":"Guardian:DefensiveModePotion"},{"floor":13,"key":"Ancient Potion"},{"floor":15,"key":"hexamod:EctoCoolerPotion"},{"floor":16,"key":"SteroidPotion"},{"floor":21,"key":"Guardian:DefensiveModePotion"},{"floor":29,"key":"champ:CounterPotion"},{"floor":33,"key":"CultistPotion"},{"floor":46,"key":"PowerPotion"}],"is_trial":false,"path_per_floor":["R","?","$","M","?","R","T","M","M","M","E","R","M","$","M","B",null,"R","M","M","M","?","$","T","R","$","M","$","E","$","M","M","B",null,"R","?","$","M","M","R","T","M","R","$","M","M","R","M","M","B",null,"E","$","R","B",null],"character_chosen":"GUARDIAN","items_purchased":["Guardian:PrimingBeam","Guardian:Planning","Guardian:Recover","Guardian:Incinerate","Guardian:BronzeOrb","Anchor","Membership Card","Blood Vial","Guardian:Orbwalk","Guardian:Suspension","Guardian:Emergency","Guardian:TimeCapacitor","Guardian:TimeCapacitor"],"campfire_rested":0,"item_purchase_floors":[3,14,23,26,28,28,30,30,30,37,37,44,53],"current_hp_per_floor":[80,80,80,80,80,80,80,80,80,72,54,54,52,52,42,23,80,80,66,56,40,40,30,30,30,29,29,29,29,29,31,33,23,80,80,80,80,80,80,80,80,63,73,73,75,77,77,79,81,40,90,90,90,90,84],"gold":55,"neow_bonus":"UPGRADE_CARD","is_daily":false,"chose_seed":false,"campfire_upgraded":9,"win_rate":0.0,"timestamp":1610625509,"path_taken":["R","?","?","M","?","R","T","M","?","M","E","R","M","$","M","BOSS","R","M","M","M","?","$","T","R","?","M","$","E","$","M","M","BOSS","R","?","?","?","M","R","T","M","R","$","M","M","R","?","M","BOSS","E","$","R","BOSS"],"items_purchased_type":["Card","Card","Card","Card","Card","Relic","Relic","Relic","Card","Card","Card","Card","Card"],"build_version":"2020-12-22","purchased_purges":7,"victory":true,"max_hp_per_floor":[80,80,80,80,80,80,80,80,80,80,80,80,80,80,80,80,80,80,80,80,80,80,80,80,80,80,80,80,80,80,80,80,80,80,80,80,80,80,80,80,80,80,90,90,90,90,90,90,90,90,90,90,90,90,90],"card_choices":[{"not_picked":["Guardian:Gem_Lightblue","Guardian:Gem_Green"],"picked":"Guardian:GatlingBeam","floor":3},{"not_picked":["Guardian:Gem_Cyan","Guardian:Harden","Guardian:Planning"],"picked":"SKIP","floor":4},{"not_picked":["Guardian:Emergency","Guardian:GuardianWhirl","Guardian:Gem_Red"],"picked":"SKIP","floor":8},{"not_picked":["Guardian:CrystalBeam","Guardian:RollAttack","Guardian:ChargeCore"],"picked":"SKIP","floor":9},{"not_picked":["Guardian:Recover","Guardian:Reroute"],"picked":"Guardian:TimeSifter","floor":10},{"not_picked":["Guardian:ExploitGems","Guardian:WalkerClaw"],"picked":"Guardian:Gem_Cyan","floor":11},{"not_picked":["Guardian:Clone","Guardian:ChargeCore","Guardian:Gem_Green"],"picked":"SKIP","floor":13},{"not_picked":["Guardian:Repulse","Guardian:Gem_Purple","Guardian:Incinerate"],"picked":"SKIP","floor":14},{"not_picked":["Guardian:Suspension","Guardian:CrystalBeam"],"picked":"Guardian:FierceBash","floor":15},{"not_picked":["Guardian:AncientConstruct","Guardian:Gem_Orange"],"picked":"Guardian:Gem_Synthetic","floor":16},{"not_picked":["Guardian:PiercingHide","Guardian:Clone"],"picked":"Guardian:SentryBeam+1","floor":19},{"not_picked":["Guardian:RollAttack","Guardian:Gem_Lightblue","Guardian:ArmoredProtocol"],"picked":"SKIP","floor":20},{"not_picked":["Guardian:ChargeCore","Guardian:Suspension"],"picked":"Guardian:TemporalShield","floor":21},{"not_picked":["Guardian:VentSteam","Guardian:Reroute+1","Guardian:SentryBeam"],"picked":"SKIP","floor":23},{"not_picked":["Guardian:StasisStrike","Guardian:PrimingBeam"],"picked":"Guardian:BronzeOrb","floor":26},{"not_picked":["Guardian:ChargeCore","Guardian:Suspension+1","Guardian:DecasProtection"],"picked":"SKIP","floor":27},{"not_picked":["Guardian:CrystalBeam","Guardian:TemporalStrike","Guardian:ShieldSpikes"],"picked":"SKIP","floor":28},{"not_picked":["Guardian:ConstructionForm","Guardian:Recover","Guardian:PrismaticBeam"],"picked":"SKIP","floor":29},{"not_picked":["Guardian:TemporalShield+1","Guardian:Gem_Crimson","Guardian:Suspension"],"picked":"SKIP","floor":31},{"not_picked":["Guardian:Recover+1","Guardian:Gem_Red","Guardian:ChargeCore"],"picked":"SKIP","floor":32},{"not_picked":["Guardian:AncientConstruct","Guardian:SphericShield"],"picked":"Guardian:FastForward","floor":33},{"not_picked":["Guardian:Gem_Crimson","Guardian:Gem_Lightblue"],"picked":"Guardian:Reroute","floor":38},{"not_picked":["Guardian:Recover+1","Guardian:ArmoredProtocol+1","Guardian:Clone+1"],"picked":"SKIP","floor":39},{"not_picked":["Guardian:Clone+1","Guardian:Gem_Crimson","Guardian:Incinerate"],"picked":"SKIP","floor":42},{"not_picked":["Guardian:PiercingHide","Guardian:TemporalStrike","Guardian:VentSteam"],"picked":"SKIP","floor":45},{"not_picked":["Guardian:CrystalBeam+1","Guardian:Gem_Cyan","Guardian:RollAttack+1"],"picked":"SKIP","floor":46},{"not_picked":["Guardian:Gem_Lightblue","Guardian:VentSteam+1","Guardian:WalkerClaw+1"],"picked":"SKIP","floor":48},{"not_picked":["Guardian:CrystalBeam+1","Guardian:Reroute","Guardian:PrimingBeam"],"picked":"SKIP","floor":49},{"not_picked":["Guardian:ChargeCore+1","Guardian:WalkerClaw+1","Guardian:TemporalShield"],"picked":"SKIP","floor":52}],"player_experience":286824,"relics_obtained":[{"floor":7,"key":"Smiling Mask"},{"floor":11,"key":"Orichalcum"},{"floor":24,"key":"Happy Flower"},{"floor":29,"key":"Vajra"},{"floor":52,"key":"FossilizedHelix"}],"event_choices":[{"damage_healed":0,"gold_gain":200,"player_choice":"Gold","damage_taken":0,"max_hp_gain":0,"max_hp_loss":0,"event_name":"Wheel of Change","floor":22,"gold_loss":0},{"cards_removed":["Guardian:SentryBeam"],"damage_healed":0,"gold_gain":0,"player_choice":"Offered Uncommon","damage_taken":0,"max_hp_gain":0,"max_hp_loss":0,"event_name":"Bonfire Elementals","floor":36,"gold_loss":0}],"is_beta":false,"boss_relics":[{"not_picked":["Runic Pyramid","Busted Crown"],"picked":"SacredBark"},{"not_picked":["Snecko Eye","Black Star"],"picked":"Guardian:ModeShifterPlus"}],"items_purged_floors":[14,23,26,28,30,37,44],"is_endless":false,"potions_floor_spawned":[4,10,13,15,16,21,27,29,32,33,38,42,46,49],"ascension_level":0}}