{"host":"8i4doyxqctgl5qb0","time":1610668660,"event":{"mods":["AchievementEnabler","BaseMod","Block Reminder","Colored Powertips","Downfall","Minty Spire (QoL Compilation)","Permanent Neow","Potion Indicator Mod","Rare Cards Sparkle","StSLib","SuperFastMode","The Jungle"],"gold_per_floor":[117,136,311,311,327,327,361,361,385,385,405,438,145,165,165,267,267,280,379,379,379,390,390,400,400,400,425,437,437,437],"floor_reached":29,"language":"ZHS","playtime":583,"items_purged":["Doubt"],"score":367,"play_id":"881892dc-0e72-4aa4-9321-27785756a6dd","local_time":"20210115075740","is_ascension_mode":true,"campfire_choices":[{"floor":6.0,"key":"REST"},{"data":"Loop","floor":8.0,"key":"SMITH"},{"data":"Buffer","floor":10.0,"key":"SMITH"},{"data":"Hello World","floor":15.0,"key":"SMITH"},{"data":"Loop","floor":23.0,"key":"SMITH"},{"floor":25.0,"key":"REST"}],"circlet_count":0,"master_deck":["Strike_B","Strike_B","Strike_B","Strike_B","Defend_B","Defend_B","Defend_B","Defend_B","Zap","Dualcast","Slimebound:Icky","Electrodynamics+1","Ball Lightning","Consume","Loop+1","Buffer+1","Static Discharge","BootSequence","Hello World+1","Loop+1","Amplify","J.A.X.","Tempest","Static Discharge","Hello World","Leap+1"],"relics":["Cracked Core","PreservedInsect","DataDisk","Pen Nib","Lee\u0027s Waffle","Inserter","Toxic Egg 2","Girya"],"acts_visited":["Exordium","TheCity"],"potions_floor_usage":[],"damage_taken":[{"damage":6.0,"enemies":"Cultist","floor":1.0,"turns":4.0},{"damage":7.0,"enemies":"2 Louse","floor":2.0,"turns":2.0},{"damage":12.0,"enemies":"Jaw Worm","floor":5.0,"turns":2.0},{"damage":10.0,"enemies":"3 Sentries","floor":7.0,"turns":2.0},{"damage":8.0,"enemies":"Blue Slaver","floor":11.0,"turns":3.0},{"damage":8.0,"enemies":"Gremlin Nob","floor":12.0,"turns":3.0},{"damage":3.0,"enemies":"Exordium Thugs","floor":14.0,"turns":3.0},{"damage":33.0,"enemies":"Hexaghost","floor":16.0,"turns":8.0},{"damage":13.0,"enemies":"Shell Parasite","floor":18.0,"turns":5.0},{"damage":2.0,"enemies":"Chosen","floor":22.0,"turns":4.0},{"damage":44.0,"enemies":"Shelled Parasite and Fungi","floor":24.0,"turns":5.0},{"damage":14.0,"enemies":"Gremlin Leader","floor":27.0,"turns":6.0},{"damage":27.0,"enemies":"Snake Plant","floor":28.0,"turns":3.0},{"damage":7,"enemies":"Snecko","floor":29,"turns":2}],"seed_played":"-8868592719977359379","potions_obtained":[{"floor":2.0,"key":"LiquidBronze"},{"floor":11.0,"key":"Dexterity Potion"},{"floor":12.0,"key":"BlessingOfTheForge"},{"floor":16.0,"key":"Energy Potion"},{"floor":24.0,"key":"Fruit Juice"}],"is_trial":false,"path_per_floor":["M","M","?","?","M","R","E","R","T","R","M","E","$","M","R","B",null,"M","?","?","?","M","R","M","R","T","E","M","M"],"character_chosen":"DEFECT","items_purchased":["Lee\u0027s Waffle","Hello World"],"campfire_rested":2,"item_purchase_floors":[13,13],"current_hp_per_floor":[62,55,55,55,43,65,55,55,55,55,47,39,82,79,79,46,73,60,60,60,60,58,58,14,38,38,24,2,0,0],"gold":437,"neow_bonus":"THREE_RARE_CARDS","is_daily":false,"chose_seed":false,"campfire_upgraded":4,"win_rate":0.0,"timestamp":1610668660,"path_taken":["M","M","?","?","M","R","E","R","T","R","?","E","$","M","R","BOSS","M","?","?","?","M","R","M","R","T","E","M","?"],"items_purchased_type":["Relic","Card"],"build_version":"2020-12-22","purchased_purges":1,"victory":false,"max_hp_per_floor":[75,75,75,75,75,75,75,75,75,75,75,75,82,82,82,82,82,82,82,82,82,82,82,82,82,82,82,87,87,87],"card_choices":[{"not_picked":["Seek","Fission"],"picked":"Electrodynamics","floor":0.0},{"not_picked":["Redo","Doom and Gloom"],"picked":"Ball Lightning","floor":1.0},{"not_picked":["Aggregate","Rebound"],"picked":"Consume","floor":2.0},{"not_picked":["Go for the Eyes","Skim"],"picked":"Loop","floor":5.0},{"not_picked":["Steam","Consume"],"picked":"Buffer","floor":7.0},{"not_picked":["Chill","FTL"],"picked":"Static Discharge","floor":11.0},{"not_picked":["Turbo","Genetic Algorithm"],"picked":"BootSequence","floor":12.0},{"not_picked":["Compile Driver","Conserve Battery"],"picked":"Loop","floor":14.0},{"not_picked":["Rainbow","Meteor Strike"],"picked":"Amplify","floor":16.0},{"not_picked":["Cold Snap+1","Streamline","Leap"],"picked":"SKIP","floor":18.0},{"not_picked":["Fusion+1","Chill"],"picked":"Tempest","floor":22.0},{"not_picked":["Cold Snap","Beam Cell"],"picked":"Static Discharge","floor":24.0},{"not_picked":["Lockon","Sweeping Beam"],"picked":"Hello World","floor":27.0},{"not_picked":["Stack+1","Redo+1"],"picked":"Leap+1","floor":28.0}],"player_experience":177738,"relics_obtained":[{"floor":7.0,"key":"PreservedInsect"},{"floor":9.0,"key":"DataDisk"},{"floor":12.0,"key":"Pen Nib"},{"floor":26.0,"key":"Toxic Egg 2"},{"floor":27.0,"key":"Girya"}],"event_choices":[{"damage_healed":0.0,"max_hp_gain":0.0,"max_hp_loss":0.0,"gold_gain":175.0,"event_name":"Liars Game","player_choice":"AGREE","floor":3.0,"gold_loss":0.0,"damage_taken":0.0,"cards_obtained":["Doubt"]},{"damage_healed":0.0,"max_hp_gain":0.0,"max_hp_loss":0.0,"gold_gain":0.0,"event_name":"Upgrade Shrine","player_choice":"Upgraded","floor":4.0,"gold_loss":0.0,"damage_taken":0.0,"cards_upgraded":["Electrodynamics"]},{"damage_healed":0.0,"max_hp_gain":0.0,"max_hp_loss":0.0,"gold_gain":99.0,"event_name":"Nest","player_choice":"Stole From Cult","floor":19.0,"gold_loss":0.0,"damage_taken":0.0},{"damage_healed":0.0,"max_hp_gain":0.0,"max_hp_loss":0.0,"gold_gain":0.0,"event_name":"Drug Dealer","player_choice":"Obtain J.A.X.","floor":20.0,"gold_loss":0.0,"damage_taken":0.0,"cards_obtained":["J.A.X."]},{"damage_healed":0.0,"max_hp_gain":0.0,"max_hp_loss":0.0,"gold_gain":0.0,"event_name":"Ghosts","player_choice":"Ignored","floor":21.0,"gold_loss":0.0,"damage_taken":0.0}],"is_beta":false,"boss_relics":[{"not_picked":["Nuclear Battery","Astrolabe"],"picked":"Inserter"}],"items_purged_floors":[13],"is_endless":false,"potions_floor_spawned":[2,11,12,16,24],"killed_by":"Snecko","ascension_level":9}}