{"host":"owox7x4ngjt9htcc","time":1610610089,"event":{"mods":["BaseMod","Colored Map","DeckTracker","Keyboard Shortcuts","Minty Spire (QoL Compilation)","SuperFastMode"],"gold_per_floor":[114,129,144,159,85,115,130,145,170,170,185,185,38,53,53,153,153,168,183,198,213,31,31,46,46,71,71,86,185,185,215,215,315,315,330,345,360,375,390,390,420,420,470,485,500,525,48,48,48,48],"floor_reached":51,"language":"KOR","playtime":1418,"items_purged":["Concentrate","Expertise"],"score":857,"play_id":"62d2e7a8-0d95-43a3-ada8-be03d70636b0","local_time":"20210114164129","daily_mods":["Insanity","Uncertain Future","Binary"],"is_ascension_mode":false,"campfire_choices":[{"floor":12.0,"key":"REST"},{"floor":15.0,"key":"REST"},{"data":"Terror","floor":23.0,"key":"SMITH"},{"floor":27.0,"key":"REST"},{"floor":32.0,"key":"REST"},{"data":"Crippling Poison","floor":40,"key":"SMITH"},{"floor":42,"key":"REST"},{"floor":49,"key":"REST"}],"circlet_count":0,"master_deck":["Dash","Sucker Punch","Accuracy","Distraction","Deadly Poison","Terror+1","Poisoned Stab","Distraction","Backstab","Blade Dance","Dagger Throw","Dodge and Roll","Crippling Poison+1","Acrobatics","Dash","Skewer","Deflect","Heel Hook","Deadly Poison","Deflect","Acrobatics","PiercingWail","Dodge and Roll","Distraction","Dodge and Roll","Cloak And Dagger","Outmaneuver","Leg Sweep","Prepared","Catalyst","Blade Dance","Flying Knee","Acrobatics","Prepared","All Out Attack","Backflip","Reflex","Predator","Dagger Spray","Catalyst","Slice","Tactician","Eviscerate","PiercingWail","Well Laid Plans","Deadly Poison","Blade Dance","PiercingWail","Blade Dance","Accuracy","PiercingWail","Adrenaline","Calculated Gamble","Infinite Blades","Blade Dance","Calculated Gamble","Malaise","Prepared","Infinite Blades","Bandage Up","Blade Dance+1","Infinite Blades","Slice","Storm of Steel","CurseOfTheBell","Backstab+1","Dodge and Roll","Cloak And Dagger+1","Well Laid Plans+1","Leg Sweep+1","Escape Plan","Noxious Fumes","Escape Plan"],"relics":["Ring of the Snake","Regal Pillow","Oddly Smooth Stone","Smiling Mask","SacredBark","Ancient Tea Set","Strawberry","Calling Bell","Bag of Preparation","Letter Opener","Gambling Chip","Snake Skull","Lantern","Potion Belt","HandDrill"],"acts_visited":["Exordium","TheCity","TheBeyond"],"potions_floor_usage":[39,39,50,50,50,50,50],"damage_taken":[{"damage":0.0,"enemies":"Cultist","floor":1.0,"turns":2.0},{"damage":0.0,"enemies":"2 Louse","floor":2.0,"turns":1.0},{"damage":6.0,"enemies":"Small Slimes","floor":3.0,"turns":2.0},{"damage":0.0,"enemies":"Blue Slaver","floor":4.0,"turns":4.0},{"damage":25.0,"enemies":"Lagavulin","floor":6.0,"turns":6.0},{"damage":2.0,"enemies":"3 Louse","floor":7.0,"turns":2.0},{"damage":9.0,"enemies":"Gremlin Gang","floor":8.0,"turns":3.0},{"damage":15.0,"enemies":"Red Slaver","floor":11.0,"turns":4.0},{"damage":7.0,"enemies":"Blue Slaver","floor":14.0,"turns":2.0},{"damage":13.0,"enemies":"Slime Boss","floor":16.0,"turns":8.0},{"damage":0.0,"enemies":"Chosen","floor":18.0,"turns":6.0},{"damage":2.0,"enemies":"2 Thieves","floor":19.0,"turns":4.0},{"damage":2.0,"enemies":"Centurion and Healer","floor":20.0,"turns":7.0},{"damage":21.0,"enemies":"Snake Plant","floor":21.0,"turns":6.0},{"damage":34.0,"enemies":"Sentry and Sphere","floor":24.0,"turns":6.0},{"damage":4.0,"enemies":"Snecko","floor":28.0,"turns":7.0},{"damage":6.0,"enemies":"Slavers","floor":31.0,"turns":6.0},{"damage":40.0,"enemies":"Champ","floor":33.0,"turns":9.0},{"damage":10.0,"enemies":"3 Darklings","floor":35.0,"turns":4.0},{"damage":6.0,"enemies":"3 Shapes","floor":36.0,"turns":4.0},{"damage":14.0,"enemies":"Jaw Worm Horde","floor":37.0,"turns":5.0},{"damage":35.0,"enemies":"Spire Growth","floor":38.0,"turns":6.0},{"damage":0,"enemies":"Transient","floor":39,"turns":5},{"damage":60,"enemies":"Reptomancer","floor":41,"turns":8},{"damage":21,"enemies":"Sphere and 2 Shapes","floor":44,"turns":5},{"damage":1,"enemies":"Jaw Worm Horde","floor":45,"turns":3},{"damage":40,"enemies":"Donu and Deca","floor":50,"turns":9}],"seed_played":"-4891952413640654339","potions_obtained":[{"floor":1.0,"key":"Dexterity Potion"},{"floor":2.0,"key":"SteroidPotion"},{"floor":4.0,"key":"Poison Potion"},{"floor":7.0,"key":"SmokeBomb"},{"floor":20.0,"key":"PowerPotion"},{"floor":31.0,"key":"Block Potion"},{"floor":33.0,"key":"Poison Potion"},{"floor":35.0,"key":"Fire Potion"},{"floor":36.0,"key":"Regen Potion"},{"floor":39,"key":"Poison Potion"},{"floor":45,"key":"AttackPotion"}],"is_trial":false,"path_per_floor":["M","M","M","M","$","E","M","M","T","?","M","R","$","M","R","B",null,"M","M","M","M","$","R","M","?","T","R","M","?","?","E","R","B",null,"M","M","M","M","M","R","E","R","T","M","M","T","$","?","R","B",null],"character_chosen":"THE_SILENT","items_purchased":["Accuracy","Infinite Blades","Blade Dance","Infinite Blades","Bandage Up","Noxious Fumes","Explosive Potion","SkillPotion","HandDrill","EssenceOfSteel","Escape Plan"],"campfire_rested":6,"item_purchase_floors":[5,13,13,22,22,47,47,47,47,47,47],"current_hp_per_floor":[70,70,64,64,64,39,37,28,28,16,1,37,37,30,66,53,70,70,68,66,45,45,45,11,11,11,47,43,43,43,44,77,41,77,67,61,47,16,60,60,4,42,42,25,24,24,24,24,62,26],"gold":48,"neow_bonus":"","is_daily":true,"chose_seed":false,"campfire_upgraded":2,"win_rate":0.0,"timestamp":1610610089,"path_taken":["M","M","M","?","?","E","M","M","T","?","M","R","$","M","R","BOSS","M","M","M","M","$","R","M","?","T","R","M","?","?","E","R","BOSS","M","M","?","M","M","R","E","R","T","M","M","?","$","?","R","BOSS"],"items_purchased_type":["Card","Card","Card","Card","Card","Card","Potion","Potion","Relic","Potion","Card"],"build_version":"2020-12-22","purchased_purges":2,"victory":true,"max_hp_per_floor":[70,70,70,70,70,70,70,70,70,70,70,70,70,70,70,70,70,70,70,70,70,70,70,70,70,70,70,70,70,70,77,77,77,77,77,77,77,77,77,77,77,77,77,77,77,77,77,77,77,77],"card_choices":[{"not_picked":["Dodge and Roll"],"picked":"Blade Dance","floor":1.0},{"not_picked":["Sucker Punch"],"picked":"PiercingWail","floor":2.0},{"not_picked":["Acrobatics","Underhanded Strike"],"picked":"SKIP","floor":3.0},{"not_picked":["Flying Knee"],"picked":"Blade Dance","floor":4.0},{"not_picked":["Finisher"],"picked":"PiercingWail","floor":6.0},{"not_picked":["Dagger Throw","Crippling Poison"],"picked":"SKIP","floor":7.0},{"not_picked":["Prepared"],"picked":"Adrenaline","floor":8.0},{"not_picked":["Cloak And Dagger"],"picked":"Calculated Gamble","floor":11.0},{"not_picked":["Prepared"],"picked":"Calculated Gamble","floor":14.0},{"not_picked":["Night Terror"],"picked":"Malaise","floor":16.0},{"not_picked":["Sucker Punch+1","Deadly Poison+1"],"picked":"SKIP","floor":18.0},{"not_picked":["Outmaneuver","Unload"],"picked":"SKIP","floor":19.0},{"not_picked":["Sucker Punch"],"picked":"Prepared","floor":20.0},{"not_picked":["Dodge and Roll","Deflect"],"picked":"SKIP","floor":21.0},{"not_picked":["Flying Knee"],"picked":"Blade Dance+1","floor":24.0},{"not_picked":["Flying Knee"],"picked":"Infinite Blades","floor":28.0},{"not_picked":["Dagger Throw","Prepared"],"picked":"SKIP","floor":31.0},{"not_picked":["Doppelganger"],"picked":"Storm of Steel","floor":33.0},{"not_picked":["Quick Slash+1"],"picked":"Backstab+1","floor":35.0},{"not_picked":["Masterful Stab+1"],"picked":"Dodge and Roll","floor":36.0},{"not_picked":["Calculated Gamble"],"picked":"Cloak And Dagger+1","floor":37.0},{"not_picked":["Caltrops","Flying Knee"],"picked":"SKIP","floor":38.0},{"not_picked":["Quick Slash"],"picked":"Well Laid Plans+1","floor":39},{"not_picked":["Poisoned Stab","Tactician"],"picked":"SKIP","floor":41},{"not_picked":["Deflect+1"],"picked":"Leg Sweep+1","floor":44},{"not_picked":["Crippling Poison"],"picked":"Escape Plan","floor":45}],"player_experience":886697,"relics_obtained":[{"floor":6.0,"key":"Regal Pillow"},{"floor":9.0,"key":"Oddly Smooth Stone"},{"floor":26.0,"key":"Ancient Tea Set"},{"floor":31.0,"key":"Strawberry"},{"floor":34.0,"key":"Bag of Preparation"},{"floor":34.0,"key":"Letter Opener"},{"floor":34.0,"key":"Gambling Chip"},{"floor":41,"key":"Snake Skull"},{"floor":43,"key":"Lantern"},{"floor":46,"key":"Potion Belt"}],"event_choices":[{"damage_healed":0.0,"max_hp_gain":0.0,"max_hp_loss":0.0,"gold_gain":0.0,"event_name":"Scrap Ooze","player_choice":"Success","floor":10.0,"gold_loss":0.0,"damage_taken":12.0,"relics_obtained":["Smiling Mask"]},{"damage_healed":0.0,"max_hp_gain":0.0,"max_hp_loss":0.0,"gold_gain":0.0,"event_name":"Ghosts","player_choice":"Ignored","floor":25.0,"gold_loss":0.0,"damage_taken":0.0},{"damage_healed":0.0,"max_hp_gain":0.0,"max_hp_loss":0.0,"gold_gain":99.0,"event_name":"Nest","player_choice":"Stole From Cult","floor":29.0,"gold_loss":0.0,"damage_taken":0.0},{"damage_healed":0.0,"max_hp_gain":0.0,"max_hp_loss":0.0,"gold_gain":0.0,"cards_transformed":["Distraction"],"event_name":"Transmorgrifier","player_choice":"Transformed","floor":30.0,"gold_loss":0.0,"damage_taken":0.0,"cards_obtained":["Slice"]},{"cards_removed":["Bane"],"damage_healed":0,"gold_gain":0,"player_choice":"Removed Attack","damage_taken":0,"max_hp_gain":0,"max_hp_loss":0,"event_name":"Falling","floor":48,"gold_loss":0}],"is_beta":false,"boss_relics":[{"not_picked":["Sozu","Ectoplasm"],"picked":"SacredBark"},{"not_picked":["Empty Cage","SlaversCollar"],"picked":"Calling Bell"}],"items_purged_floors":[13,22],"is_endless":false,"potions_floor_spawned":[1,2,4,7,11,16,20,21,31,33,35,36,39,45],"ascension_level":0}}