{"host":"bb5r3ba2ig485dr2","time":1610649313,"event":{"mods":["Act Like it!","BaseMod","CapriCore","Chen","Curses Come First","Gensokyo","Hallownest","Koishi","Lobotomy","LobotomyExtend","Marisa（霧雨　魔理沙）","Minty Spire (QoL Compilation)","Random Character Button","Rare Cards Sparkle","Reimu（博??梦）","StSLib","Td1madao Mod","The Administrix","The Bug Knight","The Immortal","The Servant 0.9.4","The Wild Card"],"gold_per_floor":[110,35,52,67,86,113,113,127,127,45,45,73,86,86,86,184,184,184,184],"floor_reached":18,"language":"ENG","playtime":1487,"items_purged":["Doubt"],"score":172,"play_id":"107c9b77-4372-498a-89af-261dbf1c7b03","local_time":"20210114193513","is_ascension_mode":false,"campfire_choices":[{"data":"Mountainwind:ReiMu","floor":7,"key":"SMITH"},{"data":"TightArray:ReiMu","floor":15,"key":"SMITH"}],"circlet_count":0,"master_deck":["Strike_Lin:ReiMu","Strike_Lin:ReiMu","Strike_Lin:ReiMu","Strike_Lin:ReiMu","Defend_Lin:ReiMu","Defend_Lin:ReiMu","NB:ReiMu","Stagnation:ReiMu","SpringWay:ReiMu","Mountainwind:ReiMu+1","FantasyMoon:ReiMu","SealNeedle:ReiMu","RainPray2:ReiMu","SubcavityFantasy:ReiMu","Conquer:ReiMu","SpringWay:ReiMu","KamiSacrifice:ReiMu","YinYangSign:ReiMu","DoubleButterfly:ReiMu","TightArray:ReiMu+1","Determination:ReiMu"],"relics":["FlyPower:ReiMu","LetterFromLob","RuthlessExorcism:ReiMu","Bottled Lightning","Nunchaku","Lizard Tail","SlaversCollar"],"acts_visited":["Gensokyo:Gensokyo","Gensokyo:Gensokyoer"],"potions_floor_usage":[6,12,16],"damage_taken":[{"damage":0,"enemies":"Gensokyo:3_Fairies","floor":1,"turns":6},{"damage":4,"enemies":"Gensokyo:2_Kodama","floor":3,"turns":6},{"damage":3,"enemies":"Gensokyo:Python","floor":4,"turns":4},{"damage":29,"enemies":"Gensokyo:3_Kodama","floor":5,"turns":6},{"damage":5,"enemies":"Gensokyo:Mamizou","floor":6,"turns":10},{"damage":0,"enemies":"Gensokyo:LivingMonolith","floor":8,"turns":2},{"damage":13,"enemies":"Gensokyo:Aya","floor":12,"turns":9},{"damage":6,"enemies":"Gensokyo:Kitsune","floor":13,"turns":3},{"damage":28,"enemies":"Gensokyo:Yukari","floor":16,"turns":9},{"damage":165,"enemies":"Gensokyo:3_Dogs","floor":18,"turns":4}],"seed_played":"-917191405314643662","potions_obtained":[{"floor":1,"key":"Dexterity Potion"},{"floor":5,"key":"ColorlessPotion"},{"floor":8,"key":"DuplicationPotion"},{"floor":16,"key":"Swift Potion"}],"is_trial":false,"path_per_floor":["M","$","M","M","M","E","R","M","T","?","?","E","M","?","R","B",null,"M"],"character_chosen":"REIMU","items_purchased":[],"campfire_rested":0,"item_purchase_floors":[],"current_hp_per_floor":[65,65,61,58,29,24,24,24,24,65,65,52,46,33,33,5,65,0,0],"gold":184,"neow_bonus":"TRANSFORM_TWO_CARDS","is_daily":false,"chose_seed":false,"campfire_upgraded":2,"win_rate":0.0,"timestamp":1610649313,"path_taken":["M","$","M","M","M","E","R","M","T","?","?","E","?","?","R","BOSS","M"],"items_purchased_type":[],"build_version":"2020-12-22","purchased_purges":1,"victory":false,"max_hp_per_floor":[65,65,65,65,65,65,65,65,65,65,65,65,65,65,65,65,65,65,65],"card_choices":[{"not_picked":["Enchanting:ReiMu","SpreadBorder2:ReiMu"],"picked":"FantasyMoon:ReiMu","floor":1},{"not_picked":["DoubleButterfly:ReiMu","FineLineFantasy:ReiMu"],"picked":"SealNeedle:ReiMu","floor":3},{"not_picked":["WonderfulDomain:ReiMu","SafetyPray:ReiMu"],"picked":"RainPray2:ReiMu","floor":4},{"not_picked":["Intuition:ReiMu","SpreadBorder2:ReiMu"],"picked":"SubcavityFantasy:ReiMu","floor":5},{"not_picked":["TakeOff:ReiMu","CollectionFlower2:ReiMu"],"picked":"Conquer:ReiMu","floor":6},{"not_picked":["AirManeuver:ReiMu","Meditation:ReiMu"],"picked":"SpringWay:ReiMu","floor":8},{"not_picked":["Meditation:ReiMu","SubAcupoint:ReiMu"],"picked":"KamiSacrifice:ReiMu","floor":11},{"not_picked":["SpringWay:ReiMu","SubAcupoint:ReiMu"],"picked":"YinYangSign:ReiMu","floor":11},{"not_picked":["PassingAway:ReiMu","Conquer:ReiMu"],"picked":"DoubleButterfly:ReiMu","floor":12},{"not_picked":["SubAcupoint:ReiMu","CareerPray:ReiMu"],"picked":"TightArray:ReiMu","floor":13},{"not_picked":["YinYang:ReiMu","OctopathSalyBorderN:ReiMu"],"picked":"Determination:ReiMu","floor":16}],"player_experience":197415,"relics_obtained":[{"floor":1,"key":"LetterFromLob"},{"floor":6,"key":"RuthlessExorcism:ReiMu"},{"floor":9,"key":"Bottled Lightning"},{"floor":12,"key":"Nunchaku"}],"event_choices":[],"is_beta":false,"boss_relics":[{"not_picked":["RedLine:ReiMu","Philosopher\u0027s Stone"],"picked":"SlaversCollar"}],"items_purged_floors":[2],"is_endless":false,"potions_floor_spawned":[1,5,8,16],"killed_by":"Gensokyo:3_Dogs","ascension_level":0}}