{"host":"sl4rf9j4s63ev6os","time":1610605192,"event":{"mods":["AchievementEnabler","BaseMod","Colored Map","Colored Powertips","DeckTracker","Minty Spire (QoL Compilation)","Relic Sorter"],"gold_per_floor":[114,129,144,159,10,40,55,70,95,95,110,110,10,25,25,125,125,140,155,170,185,23,23,23,23],"floor_reached":24,"language":"ENG","playtime":1933,"items_purged":["Terror","Well Laid Plans","Eviscerate"],"score":329,"play_id":"e8318a24-f220-4c8e-a676-d190d84b4b2d","local_time":"20210114161952","daily_mods":["Insanity","Uncertain Future","Binary"],"is_ascension_mode":false,"campfire_choices":[{"floor":12,"key":"REST"},{"floor":15,"key":"REST"},{"data":"Adrenaline","floor":23,"key":"SMITH"}],"circlet_count":0,"master_deck":["Dash","Sucker Punch","Accuracy","Distraction","Deadly Poison","Poisoned Stab","Distraction","Backstab","Blade Dance","Dagger Throw","Dodge and Roll","Concentrate","Crippling Poison","Acrobatics","Distraction","Dash","Skewer","Expertise","Deflect","Heel Hook","Deadly Poison","Deflect","Acrobatics","PiercingWail","Dodge and Roll","Distraction","Dodge and Roll","Cloak And Dagger","Outmaneuver","Leg Sweep","Bane","Prepared","Catalyst","Blade Dance","Flying Knee","Acrobatics","Prepared","All Out Attack","Backflip","Reflex","Predator","Dagger Spray","Catalyst","Slice","Tactician","PiercingWail","Deadly Poison","Blade Dance","Blade Dance","Accuracy","Adrenaline+1","Deadly Poison+1","Infinite Blades"],"relics":["Ring of the Snake","Regal Pillow","Oddly Smooth Stone","Sozu"],"acts_visited":["Exordium","TheCity"],"potions_floor_usage":[6,16,16],"damage_taken":[{"damage":6,"enemies":"Cultist","floor":1,"turns":3},{"damage":0,"enemies":"2 Louse","floor":2,"turns":1},{"damage":8,"enemies":"Small Slimes","floor":3,"turns":2},{"damage":2,"enemies":"Blue Slaver","floor":4,"turns":2},{"damage":36,"enemies":"Lagavulin","floor":6,"turns":4},{"damage":0,"enemies":"3 Louse","floor":7,"turns":2},{"damage":6,"enemies":"Gremlin Gang","floor":8,"turns":4},{"damage":0,"enemies":"Red Slaver","floor":11,"turns":2},{"damage":0,"enemies":"Blue Slaver","floor":14,"turns":2},{"damage":28,"enemies":"Slime Boss","floor":16,"turns":11},{"damage":0,"enemies":"Chosen","floor":18,"turns":3},{"damage":19,"enemies":"2 Thieves","floor":19,"turns":3},{"damage":11,"enemies":"Centurion and Healer","floor":20,"turns":5},{"damage":15,"enemies":"Snake Plant","floor":21,"turns":3},{"damage":27,"enemies":"Sentry and Sphere","floor":24,"turns":3}],"seed_played":"-4891952413640654339","potions_obtained":[{"floor":1,"key":"Dexterity Potion"},{"floor":2,"key":"SteroidPotion"},{"floor":4,"key":"Poison Potion"},{"floor":7,"key":"SmokeBomb"},{"floor":11,"key":"SkillPotion"},{"floor":16,"key":"SpeedPotion"}],"is_trial":false,"path_per_floor":["M","M","M","M","$","E","M","M","T","?","M","R","$","M","R","B",null,"M","M","M","M","$","R","M"],"character_chosen":"THE_SILENT","items_purchased":["Accuracy","Infinite Blades"],"campfire_rested":2,"item_purchase_floors":[5,22],"current_hp_per_floor":[64,64,56,54,54,18,18,12,12,9,9,45,45,45,70,42,70,70,51,40,25,25,25,0,0],"gold":23,"neow_bonus":"","is_daily":true,"chose_seed":false,"campfire_upgraded":1,"win_rate":0.0,"timestamp":1610605192,"path_taken":["M","M","M","?","?","E","M","M","T","?","M","R","$","M","R","BOSS","M","M","M","M","$","R","M"],"items_purchased_type":["Card","Card"],"build_version":"2020-12-22","purchased_purges":3,"victory":false,"max_hp_per_floor":[70,70,70,70,70,70,70,70,70,70,70,70,70,70,70,70,70,70,70,70,70,70,70,70,70],"card_choices":[{"not_picked":["Dodge and Roll"],"picked":"Blade Dance","floor":1},{"not_picked":["Sucker Punch","PiercingWail"],"picked":"SKIP","floor":2},{"not_picked":["Acrobatics","Underhanded Strike"],"picked":"SKIP","floor":3},{"not_picked":["Flying Knee"],"picked":"Blade Dance","floor":4},{"not_picked":["Finisher","PiercingWail"],"picked":"SKIP","floor":6},{"not_picked":["Dagger Throw","Crippling Poison"],"picked":"SKIP","floor":7},{"not_picked":["Prepared"],"picked":"Adrenaline","floor":8},{"not_picked":["Calculated Gamble","Cloak And Dagger"],"picked":"SKIP","floor":11},{"not_picked":["Prepared","Calculated Gamble"],"picked":"SKIP","floor":14},{"not_picked":["Sucker Punch+1"],"picked":"Deadly Poison+1","floor":18},{"not_picked":["Outmaneuver","Unload"],"picked":"SKIP","floor":19},{"not_picked":["Sucker Punch","Prepared"],"picked":"SKIP","floor":20},{"not_picked":["Dodge and Roll","Deflect"],"picked":"SKIP","floor":21}],"player_experience":220522,"relics_obtained":[{"floor":6,"key":"Regal Pillow"},{"floor":9,"key":"Oddly Smooth Stone"}],"event_choices":[{"damage_healed":0,"gold_gain":0,"player_choice":"Fled","damage_taken":3,"max_hp_gain":0,"max_hp_loss":0,"event_name":"Scrap Ooze","floor":10,"gold_loss":0}],"is_beta":false,"boss_relics":[{"not_picked":["SacredBark","Ectoplasm"],"picked":"Sozu"}],"items_purged_floors":[5,13,22],"is_endless":false,"potions_floor_spawned":[1,2,4,7,11,16,20,21],"killed_by":"Sentry and Sphere","ascension_level":0}}