{"host":"waym8cixmimlndgg","time":1610615898,"event":{"mods":["Act Like it!","BaseMod","Colored Powertips","Downfall","Gensokyo","KinomotoSakuraMod(Ä¾Ö®±¾Ó£)","Marisa£¨ìFÓê¡¡Ä§ÀíÉ³£©","Minty Spire (QoL Compilation)","READ ME - Guardian Mod","Replay The Spire","StSLib","The Bug Knight","The Poker Player"],"gold_per_floor":[113,126,126,182,209,209,239,239,287,300,300,96,96,173,173,173,173],"floor_reached":16,"language":"ZHS","playtime":958,"items_purged":["Strike_MRS"],"score":96,"play_id":"0d97140e-9715-474a-ac06-730d7052bdf8","local_time":"20210114171818","is_ascension_mode":false,"campfire_choices":[{"data":"EscapeVelocity","floor":6.0,"key":"SMITH"},{"floor":8.0,"key":"REST"},{"floor":13.0,"key":"REST"},{"floor":15,"key":"REST"}],"circlet_count":0,"master_deck":["Strike_MRS","Strike_MRS","Defend_MRS","Defend_MRS+1","Defend_MRS","Defend_MRS","MasterSpark","UpSweep","EscapeVelocity+1","ManaConvection","ShootingEcho","OpenUniverse+1","MagicChant","IllusionStar","WitchOfGreed","OpenUniverse","Acceleration","Acceleration","MagicChant","AsteroidBelt"],"relics":["MiniHakkero","Smiling Mask","Dream Catcher","War Paint","PreservedInsect"],"acts_visited":["Exordium"],"potions_floor_usage":[14],"damage_taken":[{"damage":0.0,"enemies":"Small Slimes","floor":1.0,"turns":3.0},{"damage":7.0,"enemies":"2 Louse","floor":2.0,"turns":3.0},{"damage":34.0,"enemies":"Replay:BlueRogue","floor":7.0,"turns":6.0},{"damage":11.0,"enemies":"Jaw Worm","floor":10.0,"turns":3.0},{"damage":31,"enemies":"Lagavulin Event","floor":14,"turns":6},{"damage":35,"enemies":"Slime Boss","floor":16,"turns":5}],"seed_played":"3262894329601450572","potions_obtained":[{"floor":7.0,"key":"Fire Potion"},{"floor":10.0,"key":"Elixir"}],"is_trial":false,"path_per_floor":["M","M","?","?","T","R","E","R","T","M","?","$","R","?","R","B"],"character_chosen":"MARISA","items_purchased":["WitchOfGreed","OpenUniverse","Acceleration"],"campfire_rested":3,"item_purchase_floors":[12,12,12],"current_hp_per_floor":[75,68,73,73,73,73,39,63,63,52,52,52,76,45,69,34,34],"gold":173,"neow_bonus":"TRANSFORM_CARD","is_daily":false,"chose_seed":false,"campfire_upgraded":1,"win_rate":0.0,"timestamp":1610615898,"path_taken":["M","M","?","?","?","R","E","R","T","M","?","$","R","?","R","BOSS"],"items_purchased_type":["Card","Card","Card"],"build_version":"2020-12-22","purchased_purges":1,"victory":false,"max_hp_per_floor":[75,75,80,80,80,80,80,80,80,80,80,80,80,80,80,80,80],"card_choices":[{"not_picked":["WitchOfGreed","ShootingEcho"],"picked":"ManaConvection","floor":1.0},{"not_picked":["UnstableBomb","6A"],"picked":"ShootingEcho","floor":2.0},{"not_picked":["DoubleSpark","EnergyRecoil"],"picked":"OpenUniverse","floor":7.0},{"not_picked":["GrandCross","UltimateShortwave"],"picked":"MagicChant","floor":8.0},{"not_picked":["SporeBomb","FairyDestructionRay"],"picked":"IllusionStar","floor":10.0},{"not_picked":["GalacticHalo","Robbery"],"picked":"Acceleration","floor":13.0},{"not_picked":["AlicesGift","ShootingEcho"],"picked":"MagicChant","floor":14},{"not_picked":["WitchOfGreed","UnstableBomb"],"picked":"AsteroidBelt","floor":15}],"player_experience":84159,"relics_obtained":[{"floor":5.0,"key":"Smiling Mask"},{"floor":7.0,"key":"Dream Catcher"},{"floor":9.0,"key":"War Paint"},{"floor":14,"key":"PreservedInsect"}],"event_choices":[{"damage_healed":0.0,"max_hp_gain":5.0,"max_hp_loss":0.0,"gold_gain":0.0,"event_name":"Big Fish","player_choice":"Donut","floor":3.0,"gold_loss":0.0,"damage_taken":0.0},{"damage_healed":0.0,"max_hp_gain":0.0,"max_hp_loss":0.0,"gold_gain":56.0,"event_name":"Golden Wing","player_choice":"Gained Gold","floor":4.0,"gold_loss":0.0,"damage_taken":0.0},{"damage_healed":0,"gold_gain":0,"player_choice":"Searched \u00272\u0027 times","damage_taken":0,"max_hp_gain":0,"max_hp_loss":0,"event_name":"Dead Adventurer","floor":14,"gold_loss":0}],"is_beta":false,"boss_relics":[],"items_purged_floors":[12],"is_endless":false,"potions_floor_spawned":[7,10],"killed_by":"Slime Boss","ascension_level":0}}