{"host":"0009l0kk6tb2u2kt","time":1610640205,"event":{"mods":["BaseMod","Downfall","Hermit","Hubris","Minty Spire (QoL Compilation)","Replay The Spire","StSLib"],"gold_per_floor":[214,228,181,192,210,244,244,86,135,154,154,174,449,459,459,558,558,575,599,172,172,186,186,186,186],"floor_reached":24,"language":"ENG","playtime":2317,"items_purged":["hermit:Strike_Hermit","hermit:Defend_Hermit"],"score":198,"play_id":"56e3c8e0-f662-4565-a467-730a9863ebad","local_time":"20210114170325","is_ascension_mode":false,"campfire_choices":[{"data":"hermit:Desperado","floor":7,"key":"SMITH"},{"data":"hermit:Manifest","floor":11,"key":"SMITH"},{"data":"hermit:Determination","floor":15,"key":"SMITH"},{"data":"1","floor":23,"key":"LIFT"}],"circlet_count":0,"master_deck":["hermit:Strike_Hermit","hermit:Strike_Hermit","hermit:Strike_Hermit","hermit:Defend_Hermit","hermit:Defend_Hermit","hermit:Defend_Hermit","hermit:Snapshot","hermit:Covet","hermit:Vantage","hermit:Grudge","hermit:LowProfile","hermit:ShadowCloak","hermit:Desperado+1","hermit:Determination+1","hermit:Manifest+1","hermit:LowProfile","hermit:Misfire","Regret","hermit:Cheat","hermit:Reprieve","hermit:Midnight","hermit:Spite","hermit:Misfire"],"relics":["hermit:ClaspedLocket","Replay:Baseball","Bag of Marbles","Girya","Replay:Bottled Flurry"],"acts_visited":["Exordium","TheCity"],"potions_floor_usage":[24,24],"damage_taken":[{"damage":0,"enemies":"Cultist","floor":1,"turns":3},{"damage":0,"enemies":"2 Louse","floor":2,"turns":2},{"damage":2,"enemies":"Jaw Worm","floor":4,"turns":3},{"damage":4,"enemies":"3 Louse","floor":5,"turns":5},{"damage":24,"enemies":"Gremlin Nob","floor":6,"turns":5},{"damage":7,"enemies":"Red Slaver","floor":10,"turns":3},{"damage":0,"enemies":"Blue Slaver","floor":12,"turns":3},{"damage":18,"enemies":"Exordium Thugs","floor":14,"turns":5},{"damage":15,"enemies":"The Guardian","floor":16,"turns":11},{"damage":15,"enemies":"Shell Parasite","floor":18,"turns":5},{"damage":13,"enemies":"Chosen","floor":22,"turns":5},{"damage":56,"enemies":"Gremlin Leader","floor":24,"turns":4}],"seed_played":"-692119901712750910","potions_obtained":[{"floor":4,"key":"Ancient Potion"},{"floor":6,"key":"SteroidPotion"},{"floor":10,"key":"Swift Potion"},{"floor":22,"key":"SkillPotion"}],"is_trial":false,"path_per_floor":["M","M","$","M","M","E","R","$","T","M","R","M","?","M","R","B",null,"M","T","$","?","M","R","E"],"character_chosen":"HERMIT","items_purchased":["hermit:LowProfile","hermit:Determination","hermit:Manifest","hermit:Spite","Girya"],"campfire_rested":0,"item_purchase_floors":[3,8,8,20,20],"current_hp_per_floor":[75,75,75,73,69,45,45,45,45,38,38,38,38,20,20,5,75,60,60,60,60,48,48,0,0],"gold":186,"neow_bonus":"HUNDRED_GOLD","is_daily":false,"chose_seed":false,"campfire_upgraded":3,"win_rate":0.0,"timestamp":1610640205,"path_taken":["M","?","?","M","M","E","R","?","T","M","R","M","?","M","R","BOSS","M","?","$","?","M","R","E"],"items_purchased_type":["Card","Card","Card","Card","Relic"],"build_version":"2020-12-22","purchased_purges":2,"victory":false,"max_hp_per_floor":[75,75,75,75,75,75,75,75,75,75,75,75,75,75,75,75,75,75,75,75,75,75,75,75,75],"card_choices":[{"not_picked":["hermit:Ricochet","hermit:Manifest"],"picked":"hermit:Vantage","floor":1},{"not_picked":["hermit:CalledShot","hermit:Coalescence"],"picked":"hermit:Grudge","floor":2},{"not_picked":["hermit:Feint","hermit:Scavenge"],"picked":"hermit:ShadowCloak","floor":4},{"not_picked":["hermit:HighCaliber","hermit:Ricochet","hermit:Dive"],"picked":"SKIP","floor":5},{"not_picked":["hermit:CalledShot","hermit:Headshot"],"picked":"hermit:Desperado","floor":6},{"not_picked":["hermit:Coalescence","hermit:Showdown"],"picked":"hermit:LowProfile","floor":10},{"not_picked":["hermit:Quickdraw","hermit:LowProfile"],"picked":"hermit:Misfire","floor":12},{"not_picked":["hermit:Headshot","hermit:WideOpen"],"picked":"hermit:Cheat","floor":14},{"not_picked":["hermit:Magnum","hermit:EternalForm"],"picked":"hermit:Reprieve","floor":16},{"not_picked":["hermit:Desperado+1","hermit:TrackingShot"],"picked":"hermit:Midnight","floor":18},{"not_picked":["hermit:Manifest","hermit:Feint"],"picked":"hermit:Misfire","floor":22}],"player_experience":217039,"relics_obtained":[{"floor":6,"key":"Replay:Baseball"},{"floor":9,"key":"Bag of Marbles"}],"event_choices":[{"damage_healed":0,"gold_gain":275,"player_choice":"Desecrate","damage_taken":0,"max_hp_gain":0,"max_hp_loss":0,"event_name":"Golden Shrine","floor":13,"gold_loss":0,"cards_obtained":["Regret"]},{"damage_healed":0,"gold_gain":0,"player_choice":"Gave Potion","damage_taken":0,"relics_obtained":["Replay:Bottled Flurry"],"max_hp_gain":0,"max_hp_loss":0,"event_name":"WeMeetAgain","floor":21,"gold_loss":0}],"is_beta":false,"boss_relics":[{"not_picked":["Honey Jar","Replay:Drink Me"],"picked":"hermit:ClaspedLocket"}],"items_purged_floors":[8,20],"is_endless":false,"potions_floor_spawned":[4,6,10,12,22],"killed_by":"Gremlin Leader","ascension_level":0}}