{"host":"ss2ocoam53r2lno0","time":1610643394,"event":{"mods":["Act Like it!","BaseMod","ChefMod","Clockwork Mod","Colored Powertips","Curses Come First","Displayed Cursed Tome","Downfall","Evolution","Googly Eyes","Hallownest","Highlight Path","Minty Spire (QoL Compilation)","Poor People Problems","Rare Cards Sparkle","Robot Space Explorer","Shade Mod","Shop Mod","Spicy Shops","StSLib","The Marked"],"gold_per_floor":[117,117,42,60,74,74,104,104,153,164,178,195,195,160,160,262,262,280,293,321,321,25,25,25,25,25,37,49,49],"floor_reached":28,"language":"ENG","playtime":1800,"items_purged":["Clockwork:Strike","Clockwork:Strike","Clockwork:Shield"],"score":259,"play_id":"9f863a13-e0e1-46e8-867c-949fff76c7bf","local_time":"20210114175634","is_ascension_mode":true,"campfire_choices":[{"data":"Clockwork:ChargingBlade","floor":6,"key":"SMITH"},{"data":"Clockwork:ChargingShield","floor":8,"key":"SMITH"},{"data":"Clockwork:CraftBloodPhial","floor":15,"key":"SMITH"},{"floor":23,"key":"REST"},{"data":"Clockwork:ChargingBlade","floor":25,"key":"SMITH"},{"data":"Clockwork:WarmUp","floor":27,"key":"SMITH"}],"circlet_count":0,"master_deck":["Clockwork:ChargingBlade+1","Clockwork:Shield","Clockwork:Shield","Clockwork:Shield","Clockwork:Tinker","Clockwork:WarmUp+1","Clockwork:ChargingBlade+1","Clockwork:ChargingShield+1","Clockwork:Efficiency"],"relics":["Clockwork:MomentumEngine","EVO:Axolotl","NeowsBlessing","Clockwork:QuicksilverHourglass","Omamori","Oddly Smooth Stone","Clockwork:BloodPhial","Clockwork:BootleggersToolkit","Red Mask","Akabeko","Bag of Preparation","MawBank"],"acts_visited":["Exordium","TheCity"],"potions_floor_usage":[7,16,16,18],"damage_taken":[{"damage":0,"enemies":"2 Louse","floor":1,"turns":8},{"damage":0,"enemies":"Cultist","floor":4,"turns":1},{"damage":11,"enemies":"Jaw Worm","floor":5,"turns":5},{"damage":56,"enemies":"Gremlin Nob","floor":7,"turns":7},{"damage":3,"enemies":"Large Slime","floor":10,"turns":6},{"damage":11,"enemies":"Exordium Thugs","floor":11,"turns":6},{"damage":0,"enemies":"Blue Slaver","floor":12,"turns":6},{"damage":8,"enemies":"Hexaghost","floor":16,"turns":18},{"damage":12,"enemies":"3 Byrds","floor":18,"turns":5},{"damage":32,"enemies":"Spheric Guardian","floor":19,"turns":10},{"damage":42,"enemies":"Masked Bandits","floor":20,"turns":7},{"damage":32,"enemies":"Snecko","floor":28,"turns":3}],"seed_played":"-7287014465357982606","potions_obtained":[{"floor":4,"key":"ColorlessPotion"},{"floor":7,"key":"SneckoOil"},{"floor":10,"key":"SkillPotion"},{"floor":11,"key":"EssenceOfSteel"}],"is_trial":false,"path_per_floor":["M","?","$","M","M","R","E","R","T","M","M","M","?","?","R","B",null,"M","M","?","?","$","R","T","R","T","R","M"],"character_chosen":"CLOCKWORK","items_purchased":["Akabeko"],"campfire_rested":1,"item_purchase_floors":[22],"current_hp_per_floor":[85,85,85,85,74,74,18,18,18,15,4,4,4,25,25,23,85,73,43,3,3,3,28,28,28,28,28,0,0],"gold":49,"neow_bonus":"THREE_ENEMY_KILL","is_daily":false,"chose_seed":false,"campfire_upgraded":5,"win_rate":0.0,"timestamp":1610643394,"path_taken":["M","?","$","?","M","R","E","R","T","M","M","M","?","?","R","BOSS","M","M","?","?","$","R","?","R","T","R","M"],"items_purchased_type":["Relic"],"build_version":"2020-12-22","purchased_purges":3,"victory":false,"max_hp_per_floor":[85,85,85,85,85,85,85,85,85,85,85,85,85,85,85,85,85,85,85,85,85,85,85,85,85,85,85,85,85],"card_choices":[{"not_picked":["Clockwork:SystemScan","Clockwork:SystemHardening"],"picked":"Clockwork:ChargingBlade","floor":1},{"not_picked":["Clockwork:CraftSomewhatSmoothStone","Clockwork:Roundhouse"],"picked":"Clockwork:CraftQuicksilverHourglass","floor":4},{"not_picked":["Clockwork:Selectivity","Clockwork:OccamsRazor","Clockwork:Redundancy"],"picked":"SKIP","floor":5},{"not_picked":["Clockwork:SpurOn","Clockwork:SnapKeep"],"picked":"Clockwork:ChargingShield","floor":7},{"not_picked":["Clockwork:Enhance","Clockwork:Minimalism","Clockwork:AssemblyLine"],"picked":"SKIP","floor":10},{"not_picked":["Clockwork:Improve","Clockwork:Enhance"],"picked":"Clockwork:CraftBloodPhial","floor":11},{"not_picked":["Clockwork:RitualDaggerMk0","Clockwork:Improve","Clockwork:CogToss"],"picked":"SKIP","floor":12},{"not_picked":["Clockwork:ReactiveNanites","Clockwork:DefectiveParts"],"picked":"Clockwork:CraftQuicksilverHourglass","floor":16},{"not_picked":["Clockwork:PerfectedStrike","Clockwork:SystemScan+1","Clockwork:CogToss"],"picked":"SKIP","floor":18},{"not_picked":["Clockwork:PerfectedStrike","Clockwork:SystemScan+1","Clockwork:CogToss"],"picked":"SKIP","floor":18},{"not_picked":["Clockwork:SpurOn","Clockwork:HeadStart","Clockwork:Pluck"],"picked":"SKIP","floor":19},{"not_picked":["Clockwork:RampUp","Clockwork:SystemScan+1"],"picked":"Clockwork:Efficiency","floor":20}],"player_experience":704180,"relics_obtained":[{"floor":7,"key":"Omamori"},{"floor":9,"key":"Oddly Smooth Stone"},{"floor":20,"key":"Red Mask"},{"floor":24,"key":"Bag of Preparation"},{"floor":26,"key":"MawBank"}],"event_choices":[{"cards_removed":["Clockwork:Strike"],"damage_healed":0,"gold_gain":0,"player_choice":"Offered Basic","damage_taken":0,"max_hp_gain":0,"max_hp_loss":0,"event_name":"Bonfire Elementals","floor":2,"gold_loss":0},{"damage_healed":0,"gold_gain":0,"player_choice":"Ignored","damage_taken":0,"max_hp_gain":0,"max_hp_loss":0,"event_name":"Shining Light","floor":13,"gold_loss":0},{"damage_healed":21,"gold_gain":0,"player_choice":"Healed","damage_taken":0,"max_hp_gain":0,"max_hp_loss":0,"event_name":"The Cleric","floor":14,"gold_loss":35},{"damage_healed":0,"gold_gain":0,"player_choice":"Fought Bandits","damage_taken":0,"max_hp_gain":0,"max_hp_loss":0,"event_name":"Masked Bandits","floor":20,"gold_loss":0},{"damage_healed":0,"gold_gain":0,"player_choice":"Smashed Altar","damage_taken":0,"max_hp_gain":0,"max_hp_loss":0,"event_name":"Forgotten Altar","floor":21,"gold_loss":0,"cards_obtained":["Decay"]}],"is_beta":false,"boss_relics":[{"not_picked":["Runic Dome","Sozu"],"picked":"Clockwork:BootleggersToolkit"}],"items_purged_floors":[3,22,22],"is_endless":false,"potions_floor_spawned":[4,7,10,11,12],"killed_by":"Snecko","ascension_level":4}}