{"host":"9w1j3v3kvq5208ps","time":1610636410,"event":{"mods":["2.2 Compatiblity","BaseMod","CapriCore","Colored Map","DeckTracker","Highlight Path","Keyboard Shortcuts","Minty Spire (QoL Compilation)","Permanent Neow","Quick Restart","StSLib","SuperFastMode","The Immortal","everything is the same but u backflip on backflip"],"gold_per_floor":[112,37,47,64,64,64,15,15,65,65,65,93,110,140,140,245,245,265,284,284,284,295,295,141,141,165,182,195,209,232,121,121,121,121],"floor_reached":33,"language":"KOR","playtime":1085,"items_purged":["Defend_R","Demon Form+1"],"score":293,"play_id":"a24cfd06-597c-4e5b-b7e6-a39b9ddb9576","local_time":"20210115000010","is_ascension_mode":true,"campfire_choices":[{"data":"Perfected Strike","floor":6,"key":"SMITH"},{"data":"Perfected Strike","floor":8,"key":"SMITH"},{"data":"Bash","floor":11,"key":"SMITH"},{"floor":15,"key":"REST"},{"floor":23,"key":"REST"},{"data":"Immolate","floor":25,"key":"SMITH"},{"data":"Blood for Blood","floor":32,"key":"SMITH"}],"circlet_count":0,"master_deck":["Strike_R+1","Strike_R+1","Strike_R+1","Strike_R+1","Strike_R+1","Bash+1","Perfected Strike+1","Perfected Strike+1","Shrug It Off","Shrug It Off","Clothesline","Clash","Blood for Blood+1","Immolate+1","Thunderclap+1","Metallicize+1","Shockwave","Armaments","Pommel Strike","Flex","Second Wind+1","Feel No Pain","Sentinel"],"relics":["Burning Blood","Boot","Regal Pillow","Bronze Scales","Bottled Flame","Astrolabe","MutagenicStrength","Blood Vial","Vajra"],"acts_visited":["Exordium","TheCity"],"potions_floor_usage":[12,29,33,33,33],"damage_taken":[{"damage":7,"enemies":"Jaw Worm","floor":1,"turns":3},{"damage":0,"enemies":"Cultist","floor":3,"turns":2},{"damage":0,"enemies":"2 Louse","floor":4,"turns":3},{"damage":21,"enemies":"Lagavulin","floor":12,"turns":5},{"damage":5,"enemies":"Large Slime","floor":13,"turns":3},{"damage":7,"enemies":"Gremlin Nob","floor":14,"turns":3},{"damage":60,"enemies":"Slime Boss","floor":16,"turns":11},{"damage":18,"enemies":"Spheric Guardian","floor":18,"turns":4},{"damage":33,"enemies":"2 Thieves","floor":19,"turns":3},{"damage":24,"enemies":"Snake Plant","floor":22,"turns":3},{"damage":21,"enemies":"Snecko","floor":27,"turns":4},{"damage":10,"enemies":"Cultist and Chosen","floor":28,"turns":4},{"damage":12,"enemies":"Shelled Parasite and Fungi","floor":29,"turns":2},{"damage":49,"enemies":"Collector","floor":33,"turns":8}],"seed_played":"-2799415027432634631","potions_obtained":[{"floor":1,"key":"PowerPotion"},{"floor":3,"key":"Ancient Potion"},{"floor":16,"key":"FearPotion"},{"floor":22,"key":"LiquidMemories"},{"floor":28,"key":"LiquidMemories"},{"floor":29,"key":"EssenceOfSteel"}],"is_trial":false,"path_per_floor":["M","$","M","M","?","R","$","R","T","?","R","E","M","E","R","B",null,"M","M","?","?","M","R","$","R","T","M","M","M","T","$","R","B"],"character_chosen":"IRONCLAD","items_purchased":["Shrug It Off","Armaments","Feel No Pain","Sentinel"],"campfire_rested":2,"item_purchase_floors":[7,24,31,31],"current_hp_per_floor":[79,79,80,80,64,64,64,64,64,64,64,49,50,49,80,26,80,68,41,41,41,23,62,62,62,62,49,47,43,43,43,43,0,0],"gold":121,"neow_bonus":"THREE_CARDS","is_daily":false,"chose_seed":false,"campfire_upgraded":5,"win_rate":0.0,"timestamp":1610636410,"path_taken":["M","$","M","M","?","R","$","R","T","?","R","E","M","E","R","BOSS","M","?","?","?","M","R","$","R","T","M","M","M","?","?","R","BOSS"],"items_purchased_type":["Card","Card","Card","Card"],"build_version":"2020-12-22","purchased_purges":2,"victory":false,"max_hp_per_floor":[80,80,80,80,80,80,80,80,80,80,80,80,80,80,80,80,80,80,80,80,80,80,80,80,80,80,80,80,80,80,80,80,80,80],"card_choices":[{"not_picked":["Twin Strike","Clothesline"],"picked":"Perfected Strike","floor":0},{"not_picked":["Dropkick","Dark Embrace"],"picked":"Perfected Strike","floor":1},{"not_picked":["Second Wind","Havoc"],"picked":"Shrug It Off","floor":3},{"not_picked":["Havoc","Headbutt","Rupture"],"picked":"SKIP","floor":4},{"not_picked":["Blood for Blood","Searing Blow"],"picked":"Clothesline","floor":12},{"not_picked":["Body Slam","Havoc"],"picked":"Clash","floor":13},{"not_picked":["Dual Wield","Rampage"],"picked":"Blood for Blood","floor":14},{"not_picked":["Bludgeon","Double Tap"],"picked":"Immolate","floor":16},{"not_picked":["Body Slam","Heavy Blade","Entrench+1"],"picked":"SKIP","floor":18},{"not_picked":["Uppercut","Iron Wave","Shrug It Off"],"picked":"SKIP","floor":19},{"not_picked":["Clothesline","Pommel Strike"],"picked":"Shockwave","floor":22},{"not_picked":["Twin Strike","Shrug It Off"],"picked":"Pommel Strike","floor":27},{"not_picked":["Clothesline","Burning Pact"],"picked":"Flex","floor":28},{"not_picked":["Havoc","Armaments"],"picked":"Second Wind+1","floor":29}],"player_experience":225940,"relics_obtained":[{"floor":9,"key":"Boot"},{"floor":12,"key":"Bronze Scales"},{"floor":14,"key":"Bottled Flame"},{"floor":26,"key":"Blood Vial"},{"floor":30,"key":"Vajra"}],"event_choices":[{"damage_healed":0,"gold_gain":0,"player_choice":"Entered Light","damage_taken":16,"max_hp_gain":0,"max_hp_loss":0,"event_name":"Shining Light","floor":5,"gold_loss":0,"cards_upgraded":["Strike_R","Strike_R"]},{"damage_healed":0,"gold_gain":0,"player_choice":"Gave Potion","damage_taken":0,"relics_obtained":["Regal Pillow"],"max_hp_gain":0,"max_hp_loss":0,"event_name":"WeMeetAgain","floor":10,"gold_loss":0},{"damage_healed":0,"gold_gain":0,"player_choice":"Simplicity","damage_taken":0,"max_hp_gain":0,"max_hp_loss":0,"event_name":"Back to Basics","floor":20,"gold_loss":0,"cards_upgraded":["Strike_R","Strike_R","Strike_R"]},{"damage_healed":0,"gold_gain":0,"player_choice":"Inject Mutagens","damage_taken":0,"relics_obtained":["MutagenicStrength"],"max_hp_gain":0,"max_hp_loss":0,"event_name":"Drug Dealer","floor":21,"gold_loss":0}],"is_beta":false,"boss_relics":[{"not_picked":["Coffee Dripper","Sozu"],"picked":"Astrolabe"}],"items_purged_floors":[2,24],"is_endless":false,"potions_floor_spawned":[1,3,16,22,28,29],"killed_by":"Collector","ascension_level":3}}