{"host":"sc0o2qwpf9j16a4i","time":1610662483,"event":{"mods":["AchievementEnabler","BaseMod","BetterRewards","Block Reminder","Colored Map","Colored Powertips","Custom Start","Highlight Path","Minty Spire (QoL Compilation)","Relic Stats"],"gold_per_floor":[113,83,99,21,21,21,52,68,68,68,84,111,111,139,139,212,212,226,238,238,257,257,257,288,288,334,48,89,89,89,89,89,172,172,197,197,218,246,61,61,90,15,40,67,92,92,92,12,12,12,12,12,12,12,52,52,52],"floor_reached":56,"language":"ENG","playtime":2393,"items_purged":["Pain"],"score":2264,"play_id":"8409a7bb-75d6-4325-ae89-7668e67c4554","local_time":"20210115001443","is_ascension_mode":true,"campfire_choices":[{"data":"Uppercut","floor":6.0,"key":"SMITH"},{"data":"Rupture","floor":10.0,"key":"SMITH"},{"floor":15.0,"key":"REST"},{"floor":23.0,"key":"REST"},{"data":"Warcry","floor":25.0,"key":"SMITH"},{"data":"Burning Pact","floor":30.0,"key":"SMITH"},{"floor":32.0,"key":"REST"},{"data":"Apotheosis","floor":40.0,"key":"SMITH"},{"floor":49,"key":"RECALL"},{"data":"Feel No Pain","floor":53,"key":"SMITH"}],"circlet_count":0,"master_deck":["AscendersBane","Bash","Demon Form+1","Power Through","Power Through","Thunderclap","Disarm+1","Warcry+1","Feed","Combust","Flex","Rupture+1","Uppercut+1","Blood for Blood","Headbutt","Second Wind","Metallicize","Impervious","Body Slam+1","Shrug It Off","Disarm","Shockwave","Burning Pact+1","Barricade","Sentinel","Havoc+1","Shrug It Off","Apotheosis+1","Seeing Red","Feel No Pain+1","Fiend Fire"],"relics":["Pandora\u0027s Box","WarpedTongs","Eternal Feather","Mango","Regal Pillow","White Beast Statue","Runic Dome","Orichalcum","CeramicFish","Paper Frog","Blood Vial","HornCleat","Nilry\u0027s Codex","SlaversCollar","Toy Ornithopter","MealTicket","Art of War"],"acts_visited":["Exordium","TheCity","TheBeyond","TheEnding"],"potions_floor_usage":[44,44,44,44,50,50],"damage_taken":[{"damage":2.0,"enemies":"Small Slimes","floor":1.0,"turns":4.0},{"damage":6.0,"enemies":"Cultist","floor":3.0,"turns":3.0},{"damage":11.0,"enemies":"Lagavulin","floor":7.0,"turns":6.0},{"damage":20.0,"enemies":"Jaw Worm","floor":8.0,"turns":4.0},{"damage":7.0,"enemies":"Exordium Wildlife","floor":11.0,"turns":2.0},{"damage":20.0,"enemies":"3 Sentries","floor":12.0,"turns":7.0},{"damage":6.0,"enemies":"Lagavulin","floor":14.0,"turns":7.0},{"damage":10.0,"enemies":"The Guardian","floor":16.0,"turns":8.0},{"damage":12.0,"enemies":"Spheric Guardian","floor":18.0,"turns":4.0},{"damage":41.0,"enemies":"Chosen","floor":19.0,"turns":6.0},{"damage":18.0,"enemies":"Shelled Parasite and Fungi","floor":21.0,"turns":4.0},{"damage":53.0,"enemies":"Slavers","floor":24.0,"turns":4.0},{"damage":13.0,"enemies":"Gremlin Leader","floor":28.0,"turns":6.0},{"damage":56.0,"enemies":"Collector","floor":33.0,"turns":9.0},{"damage":20.0,"enemies":"3 Shapes","floor":35.0,"turns":7.0},{"damage":19.0,"enemies":"Orb Walker","floor":37.0,"turns":6.0},{"damage":4.0,"enemies":"Maw","floor":38.0,"turns":8.0},{"damage":63.0,"enemies":"Reptomancer","floor":41.0,"turns":9.0},{"damage":15,"enemies":"Nemesis","floor":44,"turns":11},{"damage":11,"enemies":"Jaw Worm Horde","floor":45,"turns":7},{"damage":0,"enemies":"Time Eater","floor":50,"turns":13},{"damage":48,"enemies":"Awakened One","floor":51,"turns":15},{"damage":62,"enemies":"Shield and Spear","floor":55,"turns":9},{"damage":87,"enemies":"The Heart","floor":56,"turns":8}],"seed_played":"-4811268767846024526","potions_obtained":[{"floor":2.0,"key":"SpeedPotion"},{"floor":2.0,"key":"SpeedPotion"},{"floor":3.0,"key":"HeartOfIron"},{"floor":8.0,"key":"SkillPotion"},{"floor":12.0,"key":"SpeedPotion"},{"floor":16.0,"key":"Energy Potion"},{"floor":21.0,"key":"Fire Potion"},{"floor":24.0,"key":"EssenceOfSteel"},{"floor":28.0,"key":"ElixirPotion"},{"floor":41.0,"key":"EntropicBrew"},{"floor":44,"key":"HeartOfIron"},{"floor":45,"key":"SteroidPotion"},{"floor":55,"key":"FearPotion"}],"is_trial":false,"path_per_floor":["M","?","M","$","?","R","E","M","T","R","M","E","?","E","R","B",null,"M","M","?","M","?","R","E","R","T","$","E","T","R","?","R","B",null,"M","?","M","M","$","R","E","$","T","E","M","?","?","$","R","B","B",null,"R","$","E","B"],"character_chosen":"IRONCLAD","items_purchased":["Uppercut","Paper Frog","Apotheosis","Feel No Pain"],"campfire_rested":3,"item_purchase_floors":[4,27,39,48],"current_hp_per_floor":[69,69,66,66,66,66,59,43,57,66,63,43,43,41,98,88,105,96,59,59,45,45,108,59,71,71,71,62,62,74,53,119,65,114,99,99,85,83,83,98,37,37,37,48,43,43,23,38,56,68,26,112,130,141,83,0,0],"gold":52,"neow_bonus":"BOSS_RELIC","is_daily":false,"chose_seed":false,"campfire_upgraded":6,"win_rate":0.0,"timestamp":1610662483,"path_taken":["M","?","M","$","?","R","E","?","T","R","M","E","?","E","R","BOSS","M","M","?","?","?","R","E","R","T","$","E","?","R","?","R","BOSS","M","?","M","M","$","R","E","?","T","E","?","?","?","$","R","BOSS","BOSS","R","$","E","BOSS"],"items_purchased_type":["Card","Relic","Card","Card"],"build_version":"2020-12-22","purchased_purges":1,"victory":false,"max_hp_per_floor":[78,78,81,81,81,81,85,89,103,103,107,107,107,111,111,111,111,114,118,118,122,122,122,126,126,126,126,130,130,130,130,130,130,130,133,133,136,136,136,136,136,136,136,140,144,137,137,137,137,137,141,141,141,141,145,145,145],"relic_stats":{"Blood Vial":20,"Regal Pillow":45,"counters":[24,167],"CeramicFish":81,"Pandora\u0027s Box":["Demon Form","Power Through","Power Through","Thunderclap","Disarm","Warcry","Feed","Combust","Flex"],"Eternal Feather":117,"MealTicket":26,"Art of War":[5],"Orichalcum":[84],"obtain_stats":[{"Regal Pillow":12,"Nilry\u0027s Codex":31,"CeramicFish":26,"Eternal Feather":7,"Mango":9,"Orichalcum":24,"Burning Blood":0,"White Beast Statue":14,"WarpedTongs":5,"Blood Vial":28,"Runic Dome":17,"SlaversCollar":34,"HornCleat":29,"Pandora\u0027s Box":0,"MealTicket":44,"Art of War":55,"Toy Ornithopter":41,"Paper Frog":27},{"Regal Pillow":6,"Nilry\u0027s Codex":13,"CeramicFish":12,"Eternal Feather":3,"Mango":4,"Orichalcum":12,"Burning Blood":0,"White Beast Statue":7,"WarpedTongs":2,"Blood Vial":13,"Runic Dome":8,"SlaversCollar":14,"HornCleat":13,"Pandora\u0027s Box":0,"MealTicket":19,"Art of War":23,"Toy Ornithopter":18,"Paper Frog":12},{"Regal Pillow":26,"Nilry\u0027s Codex":65,"CeramicFish":59,"Eternal Feather":13,"Mango":17,"Orichalcum":59,"Burning Blood":0,"White Beast Statue":33,"WarpedTongs":7,"Blood Vial":65,"Runic Dome":41,"SlaversCollar":74,"HornCleat":65,"Pandora\u0027s Box":0,"MealTicket":115,"Art of War":159,"Toy Ornithopter":104,"Paper Frog":59}],"Toy Ornithopter":25,"WarpedTongs":[127]},"card_choices":[{"not_picked":["Warcry","Cleave","Perfected Strike"],"picked":"SKIP","floor":1.0},{"not_picked":["Sentinel","Flex"],"picked":"Rupture","floor":3.0},{"not_picked":["Reckless Charge","Metallicize"],"picked":"Blood for Blood","floor":7.0},{"not_picked":["Iron Wave","Cleave","Thunderclap"],"picked":"SKIP","floor":8.0},{"not_picked":["Dual Wield","Power Through"],"picked":"Headbutt","floor":11.0},{"not_picked":["Perfected Strike","Entrench"],"picked":"Second Wind","floor":12.0},{"not_picked":["Double Tap","Evolve"],"picked":"Metallicize","floor":14.0},{"not_picked":["Demon Form","Offering"],"picked":"Impervious","floor":16.0},{"not_picked":["Headbutt","Clothesline"],"picked":"Body Slam+1","floor":18.0},{"not_picked":["Cleave","Pommel Strike"],"picked":"Shrug It Off","floor":19.0},{"not_picked":["Combust","Heavy Blade"],"picked":"Disarm","floor":21.0},{"not_picked":["Perfected Strike","Body Slam+1","Thunderclap"],"picked":"SKIP","floor":24.0},{"not_picked":["Body Slam+1","Berserk"],"picked":"Burning Pact","floor":28.0},{"not_picked":["Demon Form","Corruption"],"picked":"Barricade","floor":33.0},{"not_picked":["Iron Wave","Body Slam"],"picked":"Sentinel","floor":35.0},{"not_picked":["Rage","Rupture"],"picked":"Havoc+1","floor":37.0},{"not_picked":["Flex","Warcry"],"picked":"Shrug It Off","floor":38.0},{"not_picked":["Flex","Pummel","Second Wind"],"picked":"SKIP","floor":41.0},{"not_picked":["Brutality","Berserk","Perfected Strike"],"picked":"SKIP","floor":44},{"not_picked":["Metallicize","Reckless Charge"],"picked":"Seeing Red","floor":45},{"not_picked":["Exhume","Cleave"],"picked":"Fiend Fire","floor":55}],"player_experience":642878,"relics_obtained":[{"floor":7.0,"key":"Eternal Feather"},{"floor":9.0,"key":"Mango"},{"floor":12.0,"key":"Regal Pillow"},{"floor":14.0,"key":"White Beast Statue"},{"floor":24.0,"key":"Orichalcum"},{"floor":26.0,"key":"CeramicFish"},{"floor":28.0,"key":"Blood Vial"},{"floor":29.0,"key":"HornCleat"},{"floor":31.0,"key":"Nilry\u0027s Codex"},{"floor":41.0,"key":"Toy Ornithopter"},{"floor":44,"key":"MealTicket"},{"floor":55,"key":"Art of War"}],"event_choices":[{"damage_healed":0.0,"max_hp_gain":0.0,"max_hp_loss":0.0,"gold_gain":0.0,"event_name":"The Woman in Blue","player_choice":"Bought 2 Potions","floor":2.0,"gold_loss":0.0,"damage_taken":0.0},{"damage_healed":0.0,"max_hp_gain":0.0,"max_hp_loss":0.0,"gold_gain":0.0,"event_name":"Accursed Blacksmith","player_choice":"Rummage","floor":5.0,"gold_loss":0.0,"damage_taken":0.0,"relics_obtained":["WarpedTongs"],"cards_obtained":["Pain"]},{"damage_healed":0.0,"max_hp_gain":0.0,"max_hp_loss":0.0,"gold_gain":0.0,"event_name":"Living Wall","player_choice":"Grow","floor":13.0,"gold_loss":0.0,"damage_taken":0.0,"cards_upgraded":["Disarm"]},{"damage_healed":0.0,"max_hp_gain":0.0,"max_hp_loss":0.0,"gold_gain":0.0,"event_name":"Upgrade Shrine","player_choice":"Upgraded","floor":20.0,"gold_loss":0.0,"damage_taken":0.0,"cards_upgraded":["Demon Form"]},{"damage_healed":0.0,"max_hp_gain":0.0,"max_hp_loss":0.0,"gold_gain":0.0,"event_name":"The Library","player_choice":"Read","floor":22.0,"gold_loss":0.0,"damage_taken":0.0,"cards_obtained":["Shockwave"]},{"damage_healed":0.0,"max_hp_gain":0.0,"max_hp_loss":0.0,"gold_gain":0.0,"event_name":"Cursed Tome","player_choice":"Obtained Book","floor":31.0,"gold_loss":0.0,"damage_taken":21.0},{"damage_healed":0.0,"max_hp_gain":0.0,"max_hp_loss":0.0,"gold_gain":0.0,"event_name":"SecretPortal","player_choice":"Ignored","floor":36.0,"gold_loss":0.0,"damage_taken":0.0},{"damage_healed":0,"gold_gain":0,"player_choice":"Max HP","damage_taken":0,"max_hp_gain":0,"max_hp_loss":7,"event_name":"Winding Halls","floor":46,"gold_loss":0},{"damage_healed":0,"gold_gain":0,"player_choice":"Damaged","damage_taken":20,"max_hp_gain":0,"max_hp_loss":0,"event_name":"Wheel of Change","floor":47,"gold_loss":0}],"is_beta":false,"boss_relics":[{"not_picked":["Coffee Dripper","Empty Cage"],"picked":"Runic Dome"},{"not_picked":["Velvet Choker","Sozu"],"picked":"SlaversCollar"}],"items_purged_floors":[42],"is_endless":false,"potions_floor_spawned":[3,8,12,16,18,19,21,24,28,33,35,37,38,41,44,45,55],"killed_by":"The Heart","ascension_level":20}}