{"host":"r5cycnjhcbwgkpkf","time":1610658293,"event":{"mods":["2.2 Compatiblity","AchievementEnabler","BaseMod","Bestiary","Better Match","Better Note","Better Skull","Better Third Choice","BetterRewards","Colored Map","Colored Powertips","Downfall","Infinite Spire","Minty Spire (QoL Compilation)","Replay The Spire","Spicy Shops","StSLib"],"gold_per_floor":[111,111,128,128,128,128,18,49,49,49,59,77,77,95,95,190,190,173,173,193,207,167,167,195,42,42,58,70,70,70],"floor_reached":29,"language":"ENG","playtime":1820,"items_purged":[],"score":518,"play_id":"dd0d781a-a223-45db-b2e5-bb99e667104b","local_time":"20210114130453","is_ascension_mode":true,"campfire_choices":[{"floor":6.0,"key":"REST"},{"floor":10.0,"key":"REST"},{"data":"Chaos","floor":13.0,"key":"SMITH"},{"data":"Mirror Shield","floor":15.0,"key":"SMITH"},{"floor":23,"key":"REST"}],"circlet_count":0,"master_deck":["AscendersBane","Strike_B","Strike_B","Strike_B","Strike_B","Defend_B","Defend_B+1","Defend_B","Defend_B+1","Zap+1","Dualcast","Storm+1","Chaos+1","Melter","Panic Button","Loop+1","Mirror Shield+1","Ball Lightning","Echo Form+1","Consume","ReplayTheSpireMod:System Scan+1"],"relics":["Cracked Core","infinitespire:Blanks Blanky","Frozen Egg 2","infinitespire:SolderingIron","Omamori","Torii","Orichalcum","Replay:Grab Bag","Replay:Bronze Core","Abe\u0027s Treasure","SacredBark","Solar Panel","ClockworkSouvenir","Blue Doll"],"acts_visited":["Exordium","TheCity"],"potions_floor_usage":[24,27,29],"damage_taken":[{"damage":5.0,"enemies":"2 Louse","floor":1.0,"turns":3.0},{"damage":2.0,"enemies":"Small Slimes","floor":3.0,"turns":4.0},{"damage":47.0,"enemies":"Lagavulin","floor":8.0,"turns":7.0},{"damage":6.0,"enemies":"infinitespire:Voidling","floor":11.0,"turns":3.0},{"damage":0.0,"enemies":"Large Slime","floor":12.0,"turns":4.0},{"damage":1.0,"enemies":"Gremlin Gang","floor":14.0,"turns":5.0},{"damage":69.0,"enemies":"Fading Forest","floor":16.0,"turns":11.0},{"damage":26,"enemies":"2 Thieves","floor":18,"turns":5},{"damage":6,"enemies":"Chosen","floor":20,"turns":6},{"damage":26,"enemies":"Snake Plant","floor":21,"turns":4},{"damage":22,"enemies":"Replay:Snechameleon","floor":24,"turns":7},{"damage":17,"enemies":"Centurion and Healer","floor":27,"turns":6},{"damage":16,"enemies":"Chosen and Byrds","floor":28,"turns":6},{"damage":35,"enemies":"Snake Plant","floor":29,"turns":4}],"seed_played":"-198359156972949600","potions_obtained":[{"floor":1.0,"key":"SteroidPotion"},{"floor":3.0,"key":"infinitespire:BlackPotion"},{"floor":11.0,"key":"sneckomod:MuddlingPotion"},{"floor":16.0,"key":"Energy Potion"},{"floor":19,"key":"Cursed Concoction"},{"floor":24,"key":"champ:CounterPotion"},{"floor":27,"key":"Block Potion"},{"floor":28,"key":"Regen Potion"}],"is_trial":false,"path_per_floor":["M","?","M","?","?","R","$","E","T","R","M","M","R","M","R","B",null,"M","?","M","M","?","R","E","$","T","M","M","M"],"character_chosen":"DEFECT","items_purchased":["Regal Pillow","Frozen Egg 2","infinitespire:SolderingIron","Omamori","Storm+1","Elixir","Melter","ClockworkSouvenir"],"campfire_rested":3,"item_purchase_floors":[0,0,0,0,0,0,7,25],"current_hp_per_floor":[31,36,34,34,34,80,80,33,33,80,79,79,79,78,78,23,66,40,40,34,8,8,80,58,58,58,45,31,0,0],"gold":70,"neow_bonus":"","is_daily":false,"chose_seed":false,"campfire_upgraded":2,"win_rate":0.0,"timestamp":1610658293,"path_taken":["M","?","M","?","?","R","$","E","T","R","M","M","R","M","R","BOSS","M","?","?","M","?","R","E","$","T","M","M","?"],"items_purchased_type":["Relic","Relic","Relic","Relic","Card","Potion","Card","Relic"],"build_version":"2020-12-22","purchased_purges":0,"victory":false,"max_hp_per_floor":[75,80,80,80,80,80,80,80,80,80,80,80,80,80,80,80,80,80,80,80,80,80,80,80,80,80,80,80,80,80],"card_choices":[{"not_picked":["ReplayTheSpireMod:Repulse","Sweeping Beam"],"picked":"Chaos","floor":1.0},{"not_picked":["Hologram","Barrage","Compile Driver"],"picked":"SKIP","floor":3.0},{"not_picked":["Turbo","Rip and Tear"],"picked":"Panic Button","floor":8.0},{"not_picked":["Coolheaded","Genetic Algorithm"],"picked":"Loop+1","floor":11.0},{"not_picked":["Rip and Tear","Leap"],"picked":"Mirror Shield","floor":12.0},{"not_picked":["Rip and Tear","Chaos"],"picked":"Ball Lightning","floor":14.0},{"not_picked":["Fission","Hyperbeam"],"picked":"Echo Form+1","floor":16.0},{"not_picked":["Turbo+1","Leap"],"picked":"Consume","floor":18},{"not_picked":["Loop+1","Rebound+1","Sweeping Beam"],"picked":"SKIP","floor":20},{"not_picked":["BasicCrystalCard","Ball Lightning+1","Sweeping Beam"],"picked":"SKIP","floor":21},{"not_picked":["Beam Cell","Barrage+1"],"picked":"ReplayTheSpireMod:System Scan+1","floor":24},{"not_picked":["Scrape+1","Sunder+1","Darkness"],"picked":"SKIP","floor":27},{"not_picked":["Gash","Auto Shields","Barrage"],"picked":"SKIP","floor":28}],"player_experience":427659,"relics_obtained":[{"floor":8.0,"key":"Torii"},{"floor":9.0,"key":"Orichalcum"},{"floor":24,"key":"Solar Panel"},{"floor":26,"key":"Blue Doll"}],"event_choices":[{"damage_healed":0.0,"max_hp_gain":5.0,"max_hp_loss":0.0,"gold_gain":0.0,"event_name":"Big Fish","player_choice":"Donut","floor":2.0,"gold_loss":0.0,"damage_taken":0.0},{"damage_healed":0,"gold_gain":0,"player_choice":"Got Potions","damage_taken":0,"max_hp_gain":0,"max_hp_loss":0,"event_name":"Lab","floor":19,"gold_loss":0},{"damage_healed":0,"gold_gain":0,"player_choice":"Upgraded Two","damage_taken":0,"max_hp_gain":0,"max_hp_loss":0,"event_name":"Designer","floor":22,"gold_loss":40,"cards_upgraded":["Zap","Defend_B"]}],"is_beta":false,"boss_relics":[{"not_picked":["Kintsugi","Inserter"],"picked":"Replay:Grab Bag"},{"not_picked":["ChewingGum","ReplayTheSpireMod:DimensionalGlitch"],"picked":"Replay:Bronze Core"},{"not_picked":["Sozu","Painkiller Herb"],"picked":"Abe\u0027s Treasure"},{"not_picked":["Empty Cage","Snecko Eye"],"picked":"SacredBark"}],"items_purged_floors":[],"is_endless":false,"potions_floor_spawned":[1,3,11,16,24,27,28],"killed_by":"Snake Plant","ascension_level":10}}