{"host":"9n6i2vl93jt4o42q","time":1610630933,"event":{"mods":["BaseMod","Minty Spire (QoL Compilation)","Relic Stats"],"gold_per_floor":[119,119,132,152,214,214,139,139,164,179,207,207,257,286,286,363,363,378,389,439,489,564,564,614,645,725,725,81,115,130,180,180,251,251,263,313,389,405,420,420,21,32,32,82,115,190,190,223,223,223,223,223,12,12,12],"floor_reached":54,"language":"ENG","playtime":7236,"items_purged":["Strike_R","Doubt","Decay"],"score":1442,"play_id":"ed0a3379-9215-468b-a238-58eb2bbf3f9b","local_time":"20210114142853","is_ascension_mode":true,"campfire_choices":[{"data":"Fiend Fire","floor":6.0,"key":"SMITH"},{"data":"Evolve","floor":8.0,"key":"SMITH"},{"data":"Cleave","floor":12.0,"key":"SMITH"},{"floor":15.0,"key":"REST"},{"floor":23.0,"key":"REST"},{"floor":27.0,"key":"REST"},{"floor":32.0,"key":"REST"},{"floor":40.0,"key":"RECALL"},{"floor":47.0,"key":"REST"},{"floor":49.0,"key":"REST"},{"floor":52.0,"key":"REST"}],"circlet_count":0,"master_deck":["AscendersBane","Strike_R+1","Defend_R+1","Defend_R","Bash+1","Fiend Fire+1","Iron Wave+1","Flex","Cleave+1","Shrug It Off","Evolve+1","Pommel Strike","Demon Form","Burning Pact","Limit Break","Spot Weakness+1","Wild Strike","Sword Boomerang","Feed","Immolate","Metallicize","Ghostly Armor","Shrug It Off","Reaper","Whirlwind","Shrug It Off+1","Metallicize","Thunderclap","PanicButton","Offering","Shrug It Off+1","Inflame","Fire Breathing"],"relics":["Burning Blood","SsserpentHead","MealTicket","Tiny Chest","Fusion Hammer","Nloth\u0027s Gift","Happy Flower","Lantern","HornCleat","Mummified Hand","Gremlin Horn","Singing Bowl","Cursed Key","Oddly Smooth Stone","OrangePellets","Eternal Feather","Du-Vu Doll","InkBottle"],"acts_visited":["Exordium","TheCity","TheBeyond","TheEnding"],"potions_floor_usage":[],"damage_taken":[{"damage":7.0,"enemies":"Jaw Worm","floor":1.0,"turns":2.0},{"damage":1.0,"enemies":"Cultist","floor":3.0,"turns":3.0},{"damage":0.0,"enemies":"Small Slimes","floor":4.0,"turns":2.0},{"damage":7.0,"enemies":"Looter","floor":5.0,"turns":3.0},{"damage":0.0,"enemies":"Blue Slaver","floor":10.0,"turns":2.0},{"damage":20.0,"enemies":"3 Sentries","floor":11.0,"turns":6.0},{"damage":20.0,"enemies":"Lagavulin","floor":14.0,"turns":4.0},{"damage":31.0,"enemies":"Slime Boss","floor":16.0,"turns":4.0},{"damage":33.0,"enemies":"Shell Parasite","floor":18.0,"turns":4.0},{"damage":6.0,"enemies":"Chosen","floor":19.0,"turns":4.0},{"damage":57.0,"enemies":"Gremlin Leader","floor":25.0,"turns":7.0},{"damage":38.0,"enemies":"Book of Stabbing","floor":29.0,"turns":4.0},{"damage":0.0,"enemies":"3 Cultists","floor":30.0,"turns":3.0},{"damage":32.0,"enemies":"Champ","floor":33.0,"turns":8.0},{"damage":0.0,"enemies":"3 Shapes","floor":35.0,"turns":3.0},{"damage":14.0,"enemies":"3 Darklings","floor":38.0,"turns":6.0},{"damage":53.0,"enemies":"Spire Growth","floor":39.0,"turns":5.0},{"damage":35.0,"enemies":"Transient","floor":42.0,"turns":6.0},{"damage":21.0,"enemies":"Reptomancer","floor":45.0,"turns":6.0},{"damage":6.0,"enemies":"Mind Bloom Boss Battle","floor":46.0,"turns":4.0},{"damage":43.0,"enemies":"Nemesis","floor":48.0,"turns":7.0},{"damage":47.0,"enemies":"Time Eater","floor":50.0,"turns":8.0},{"damage":79,"enemies":"Shield and Spear","floor":54,"turns":5}],"seed_played":"6366022154899932027","potions_obtained":[{"floor":1.0,"key":"Regen Potion"},{"floor":3.0,"key":"EssenceOfSteel"},{"floor":25.0,"key":"SneckoOil"},{"floor":30.0,"key":"Block Potion"},{"floor":39.0,"key":"Weak Potion"},{"floor":45.0,"key":"Energy Potion"},{"floor":48.0,"key":"DuplicationPotion"}],"is_trial":false,"path_per_floor":["M","?","M","M","M","R","$","R","T","M","E","R","?","E","R","B",null,"M","M","?","?","T","R","?","E","T","R","$","E","M","?","R","B",null,"M","?","T","M","M","R","$","M","T","?","E","?","R","E","R","B",null,"R","$","E"],"character_chosen":"IRONCLAD","items_purchased":["Mummified Hand","Gremlin Horn","Metallicize","Metallicize","Thunderclap","OrangePellets","Fire Breathing"],"campfire_rested":7,"item_purchase_floors":[28,28,28,41,41,41,53],"current_hp_per_floor":[67,67,68,68,67,67,67,67,67,68,54,54,34,20,40,15,55,28,28,28,28,28,48,48,12,12,32,47,18,24,24,45,19,58,74,74,74,76,50,50,65,47,47,47,78,78,78,61,78,67,75,78,78,0,0],"gold":12,"neow_bonus":"TRANSFORM_TWO_CARDS","is_daily":false,"chose_seed":false,"campfire_upgraded":3,"win_rate":0.0,"timestamp":1610630933,"path_taken":["M","?","M","M","?","R","$","R","T","M","E","R","?","E","R","BOSS","M","M","?","?","?","R","?","E","T","R","$","E","M","?","R","BOSS","M","?","?","M","M","R","$","M","T","?","E","?","R","E","R","BOSS","R","$","E"],"items_purchased_type":["Relic","Relic","Card","Card","Card","Relic","Card"],"build_version":"2020-12-22","purchased_purges":3,"victory":false,"max_hp_per_floor":[68,68,68,68,68,68,68,68,68,68,68,68,68,68,68,68,68,68,68,68,68,68,68,68,68,68,68,68,71,71,71,71,71,71,74,74,74,76,76,76,76,78,78,78,78,78,78,78,78,78,78,78,78,78,78],"relic_stats":{"Happy Flower":[24],"Gremlin Horn":[13,13],"Singing Bowl":4,"counters":[23,106],"Eternal Feather":20,"Cursed Key":2,"Burning Blood":99,"SsserpentHead":550,"OrangePellets":[6],"Mummified Hand":[39],"MealTicket":30,"Tiny Chest":2,"Nloth\u0027s Gift":4,"obtain_stats":[{"Lantern":25,"Happy Flower":22,"Gremlin Horn":28,"Singing Bowl":29,"Oddly Smooth Stone":37,"Eternal Feather":45,"Whetstone":14,"Cursed Key":34,"Burning Blood":0,"Du-Vu Doll":46,"SsserpentHead":2,"OrangePellets":41,"HornCleat":26,"Mummified Hand":28,"MealTicket":9,"Tiny Chest":11,"Fusion Hammer":17,"Nloth\u0027s Gift":21,"InkBottle":48},{"Lantern":11,"Happy Flower":10,"Gremlin Horn":11,"Singing Bowl":12,"Oddly Smooth Stone":15,"Eternal Feather":19,"Whetstone":7,"Cursed Key":14,"Burning Blood":0,"Du-Vu Doll":20,"SsserpentHead":1,"OrangePellets":17,"HornCleat":11,"Mummified Hand":11,"MealTicket":4,"Tiny Chest":6,"Fusion Hammer":8,"Nloth\u0027s Gift":10,"InkBottle":21},{"Lantern":41,"Happy Flower":34,"Gremlin Horn":41,"Singing Bowl":45,"Oddly Smooth Stone":59,"Eternal Feather":82,"Whetstone":22,"Cursed Key":56,"Burning Blood":0,"Du-Vu Doll":86,"SsserpentHead":2,"OrangePellets":70,"HornCleat":41,"Mummified Hand":41,"MealTicket":10,"Tiny Chest":18,"Fusion Hammer":26,"Nloth\u0027s Gift":34,"InkBottle":93}],"InkBottle":[6]},"card_choices":[{"not_picked":["Combust","Second Wind"],"picked":"Flex","floor":1.0},{"not_picked":["Clothesline","Sever Soul"],"picked":"Cleave","floor":3.0},{"not_picked":["Armaments","Infernal Blade"],"picked":"Shrug It Off","floor":4.0},{"not_picked":["Ghostly Armor","Shrug It Off"],"picked":"Evolve","floor":5.0},{"not_picked":["Clash","Sword Boomerang"],"picked":"Pommel Strike","floor":10.0},{"not_picked":["Clothesline","Heavy Blade"],"picked":"Demon Form","floor":11.0},{"not_picked":["Warcry","Hemokinesis"],"picked":"Burning Pact","floor":14.0},{"not_picked":["Feed","Corruption"],"picked":"Limit Break","floor":16.0},{"not_picked":["Carnage+1","Warcry"],"picked":"Spot Weakness+1","floor":18.0},{"not_picked":["Body Slam","Headbutt"],"picked":"Wild Strike","floor":19.0},{"not_picked":["Double Tap","Sentinel"],"picked":"Immolate","floor":25.0},{"not_picked":["Pommel Strike","Fiend Fire"],"picked":"Ghostly Armor","floor":29.0},{"not_picked":["Ghostly Armor","Pommel Strike"],"picked":"Shrug It Off","floor":30.0},{"not_picked":["Barricade","Fiend Fire"],"picked":"Reaper","floor":33.0},{"not_picked":["Cleave","Iron Wave"],"picked":"Whirlwind","floor":35.0},{"not_picked":["Twin Strike+1","Anger","Spot Weakness"],"picked":"Singing Bowl","floor":38.0},{"not_picked":["Limit Break","Thunderclap"],"picked":"Shrug It Off+1","floor":39.0},{"not_picked":["Body Slam","True Grit","Spot Weakness"],"picked":"Singing Bowl","floor":42.0},{"not_picked":["Discovery","HandOfGreed"],"picked":"PanicButton","floor":44.0},{"not_picked":["Whirlwind","Disarm+1"],"picked":"Offering","floor":45.0},{"not_picked":["Anger","Juggernaut"],"picked":"Shrug It Off+1","floor":46.0},{"not_picked":["Sentinel","Flex"],"picked":"Inflame","floor":48.0}],"player_experience":2068819,"relics_obtained":[{"floor":9.0,"key":"MealTicket"},{"floor":11.0,"key":"Tiny Chest"},{"floor":14.0,"key":"Whetstone"},{"floor":22.0,"key":"Happy Flower"},{"floor":25.0,"key":"Lantern"},{"floor":26.0,"key":"HornCleat"},{"floor":29.0,"key":"Singing Bowl"},{"floor":37.0,"key":"Oddly Smooth Stone"},{"floor":45.0,"key":"Eternal Feather"},{"floor":46.0,"key":"Du-Vu Doll"},{"floor":48.0,"key":"InkBottle"}],"event_choices":[{"damage_healed":0.0,"max_hp_gain":0.0,"max_hp_loss":0.0,"gold_gain":0.0,"event_name":"FaceTrader","player_choice":"Trade","floor":2.0,"gold_loss":0.0,"damage_taken":0.0,"relics_obtained":["SsserpentHead"]},{"damage_healed":0.0,"max_hp_gain":0.0,"max_hp_loss":0.0,"gold_gain":0.0,"event_name":"Shining Light","player_choice":"Entered Light","floor":13.0,"gold_loss":0.0,"damage_taken":20.0,"cards_upgraded":["Defend_R","Iron Wave"]},{"damage_healed":0.0,"max_hp_gain":0.0,"max_hp_loss":0.0,"gold_gain":0.0,"event_name":"Cursed Tome","player_choice":"Ignored","floor":20.0,"gold_loss":0.0,"damage_taken":0.0},{"damage_healed":0.0,"max_hp_gain":0.0,"max_hp_loss":0.0,"gold_gain":0.0,"event_name":"N\u0027loth","player_choice":"Traded Relic","floor":21.0,"relics_lost":["Whetstone"],"gold_loss":0.0,"damage_taken":0.0,"relics_obtained":["Nloth\u0027s Gift"]},{"damage_healed":0.0,"max_hp_gain":0.0,"max_hp_loss":0.0,"gold_gain":0.0,"cards_transformed":["Strike_R","Strike_R"],"event_name":"Drug Dealer","player_choice":"Became Test Subject","floor":24.0,"gold_loss":0.0,"damage_taken":0.0,"cards_obtained":["Sword Boomerang","Feed"]},{"cards_removed":["Defend_R"],"damage_healed":0.0,"max_hp_gain":0.0,"max_hp_loss":0.0,"gold_gain":0.0,"event_name":"Purifier","player_choice":"Purged","floor":31.0,"gold_loss":0.0,"damage_taken":0.0},{"damage_healed":0.0,"max_hp_gain":0.0,"max_hp_loss":0.0,"gold_gain":0.0,"event_name":"Mysterious Sphere","player_choice":"Ignored","floor":36.0,"gold_loss":0.0,"damage_taken":0.0},{"damage_healed":0.0,"max_hp_gain":0.0,"max_hp_loss":0.0,"gold_gain":0.0,"event_name":"SensoryStone","player_choice":"Memory 1","floor":44.0,"gold_loss":0.0,"damage_taken":0.0},{"damage_healed":0.0,"max_hp_gain":0.0,"max_hp_loss":0.0,"gold_gain":0.0,"event_name":"MindBloom","player_choice":"Fight","floor":46.0,"gold_loss":0.0,"damage_taken":0.0}],"is_beta":false,"boss_relics":[{"not_picked":["Astrolabe","Philosopher\u0027s Stone"],"picked":"Fusion Hammer"},{"not_picked":["Calling Bell","Black Star"],"picked":"Cursed Key"}],"items_purged_floors":[7,41,53],"is_endless":false,"potions_floor_spawned":[1,3,10,18,25,30,39,45,48],"killed_by":"Shield and Spear","ascension_level":19}}