{"host":"hc0b6jw6qdhg5ry9","time":1610602843,"event":{"mods":["BaseMod","Colored Map","Friendly Minions","Hermit","Marisa£¨Ùöéë¡¡Øª×âÞÞ£©","Minty Spire (QoL Compilation)","StSLib","SuperFastMode","The Bug Knight"],"gold_per_floor":[117,117,133,149,160,160,171,171,171,195,195,206,18,18,18,115,115,134,144,144,144,144],"floor_reached":21,"language":"KOR","playtime":797,"items_purged":[],"score":171,"play_id":"5a1ff296-3f49-496c-aebf-5cf050e3599b","local_time":"20210114144043","is_ascension_mode":false,"campfire_choices":[{"floor":6.0,"key":"REST"},{"data":"hermit:BodyArmor","floor":8.0,"key":"SMITH"},{"data":"hermit:Snapshot","floor":11.0,"key":"SMITH"},{"data":"hermit:Covet","floor":15.0,"key":"SMITH"}],"circlet_count":0,"master_deck":["hermit:Strike_Hermit","hermit:Strike_Hermit","hermit:Strike_Hermit","hermit:Defend_Hermit","hermit:Defend_Hermit","hermit:Defend_Hermit","hermit:Defend_Hermit","hermit:Snapshot+1","hermit:Covet+1","hermit:TrackingShot","hermit:TrackingShot","hermit:BodyArmor+1","hermit:ItchyTrigger","hermit:Brawl","hermit:Headshot","hermit:ShadowCloak+1","hermit:RoundhouseKick","hermit:Deadeye+1","hermit:Roulette"],"relics":["hermit:Momento","NeowsBlessing","Frozen Egg 2","Juzu Bracelet","Sling","SlaversCollar"],"acts_visited":["Exordium","TheCity"],"potions_floor_usage":[],"damage_taken":[{"damage":0.0,"enemies":"Small Slimes","floor":1.0,"turns":1.0},{"damage":0.0,"enemies":"Cultist","floor":3.0,"turns":1.0},{"damage":0.0,"enemies":"Jaw Worm","floor":4.0,"turns":1.0},{"damage":31.0,"enemies":"Large Slime","floor":5.0,"turns":8.0},{"damage":12.0,"enemies":"3 Louse","floor":7.0,"turns":4.0},{"damage":16.0,"enemies":"Gremlin Gang","floor":12.0,"turns":4.0},{"damage":32.0,"enemies":"The Guardian","floor":16.0,"turns":12.0},{"damage":16,"enemies":"Chosen","floor":18,"turns":7},{"damage":27,"enemies":"3 Cultists","floor":19,"turns":5},{"damage":34,"enemies":"Sentry and Sphere","floor":21,"turns":3}],"seed_played":"-6485508489812943356","potions_obtained":[{"floor":7.0,"key":"SteroidPotion"},{"floor":12.0,"key":"PowerPotion"},{"floor":18,"key":"EntropicBrew"}],"is_trial":false,"path_per_floor":["M","?","M","M","M","R","M","R","T","T","R","M","$","?","R","B",null,"M","M","?","M"],"character_chosen":"HERMIT","items_purchased":["hermit:ShadowCloak+1","Sling"],"campfire_rested":1,"item_purchase_floors":[13,13],"current_hp_per_floor":[75,75,75,75,44,66,54,54,54,54,54,38,38,38,38,6,75,59,32,32,0,0],"gold":144,"neow_bonus":"THREE_ENEMY_KILL","is_daily":false,"chose_seed":false,"campfire_upgraded":3,"win_rate":0.0,"timestamp":1610602843,"path_taken":["M","?","M","?","M","R","M","R","T","?","R","M","$","?","R","BOSS","M","M","?","M"],"items_purchased_type":["Card","Relic"],"build_version":"2020-12-22","purchased_purges":0,"victory":false,"max_hp_per_floor":[75,75,75,75,75,75,75,75,75,75,75,75,75,75,75,75,75,75,75,75,75,75],"card_choices":[{"not_picked":["hermit:HoleUp","hermit:LowProfile"],"picked":"hermit:TrackingShot","floor":1.0},{"not_picked":["hermit:Gestalt","hermit:NoHoldsBarred"],"picked":"hermit:TrackingShot","floor":3.0},{"not_picked":["hermit:LuckOfTheDraw","hermit:Determination"],"picked":"hermit:BodyArmor","floor":4.0},{"not_picked":["hermit:CalledShot","hermit:Ricochet"],"picked":"hermit:ItchyTrigger","floor":5.0},{"not_picked":["hermit:Midnight","hermit:Dive"],"picked":"hermit:Brawl","floor":7.0},{"not_picked":["hermit:Glare","hermit:CalledShot"],"picked":"hermit:Headshot","floor":12.0},{"not_picked":["hermit:Dissolve","hermit:HeroicBravado"],"picked":"hermit:RoundhouseKick","floor":16.0},{"not_picked":["hermit:Misfire","hermit:Vantage+1"],"picked":"hermit:Deadeye+1","floor":18},{"not_picked":["hermit:Manifest","hermit:GhostlyPresence"],"picked":"hermit:Roulette","floor":19}],"player_experience":173872,"relics_obtained":[{"floor":9.0,"key":"Frozen Egg 2"},{"floor":10.0,"key":"Juzu Bracelet"}],"event_choices":[{"damage_healed":0.0,"max_hp_gain":0.0,"max_hp_loss":0.0,"gold_gain":0.0,"event_name":"Wheel of Change","player_choice":"Full Heal","floor":2.0,"gold_loss":0.0,"damage_taken":0.0},{"cards_removed":["hermit:Strike_Hermit"],"damage_healed":0.0,"max_hp_gain":0.0,"max_hp_loss":0.0,"gold_gain":0.0,"event_name":"Bonfire Elementals","player_choice":"Offered Basic","floor":14.0,"gold_loss":0.0,"damage_taken":0.0},{"damage_healed":0,"gold_gain":0,"player_choice":"Ignored","damage_taken":0,"max_hp_gain":0,"max_hp_loss":0,"event_name":"Ghosts","floor":20,"gold_loss":0}],"is_beta":false,"boss_relics":[{"not_picked":["hermit:DentedPlate","Empty Cage"],"picked":"SlaversCollar"}],"items_purged_floors":[],"is_endless":false,"potions_floor_spawned":[7,12,18],"killed_by":"Sentry and Sphere","ascension_level":0}}