{"host":"oehe2dxjvdgux73m","time":1610611640,"event":{"mods":["AchievementEnabler","BaseMod","Colored Map","Colored Powertips","DeckTracker","Keyboard Shortcuts","Minty Spire (QoL Compilation)","Permanent Neow","Quick Restart","StSLib","SuperFastMode"],"gold_per_floor":[115,130,130,144,162,188,207,207,207,234,248,248,260,162,162,233,233,250,270,270,21,37,37,68,68,122,25,25,54,54,70,70,148,148,164,164,183,183,35,35,35],"floor_reached":40,"language":"KOR","playtime":1767,"items_purged":["Strike_G","Strike_G"],"score":784,"play_id":"24a5410c-4776-4962-9224-22af62744eaa","local_time":"20210114170720","is_ascension_mode":true,"campfire_choices":[{"floor":8.0,"key":"REST"},{"floor":15.0,"key":"REST"},{"data":"Catalyst","floor":23.0,"key":"SMITH"},{"floor":25.0,"key":"REST"},{"data":"Bouncing Flask","floor":28.0,"key":"SMITH"},{"data":"Prepared","floor":32.0,"key":"SMITH"}],"circlet_count":0,"master_deck":["AscendersBane","Strike_G","Strike_G","Defend_G","Defend_G","Defend_G","Defend_G","Defend_G","Survivor","Neutralize+1","Poisoned Stab","Bouncing Flask+1","Dagger Throw","Acrobatics","Bane","PiercingWail","Catalyst+1","Reflex","Prepared+1","Adrenaline","PiercingWail+1","Calculated Gamble","Footwork","Deadly Poison","Tactician","Backflip","Adrenaline","Writhe","PiercingWail+1","Deep Breath"],"relics":["Ring of the Snake","Peace Pipe","Bronze Scales","Juzu Bracelet","HoveringKite","Bag of Preparation","Vajra","White Beast Statue","Black Star","TwistedFunnel"],"acts_visited":["Exordium","TheCity","TheBeyond"],"potions_floor_usage":[40],"damage_taken":[{"damage":2.0,"enemies":"Jaw Worm","floor":1.0,"turns":4.0},{"damage":0.0,"enemies":"Small Slimes","floor":2.0,"turns":3.0},{"damage":0.0,"enemies":"Cultist","floor":4.0,"turns":3.0},{"damage":0.0,"enemies":"Exordium Wildlife","floor":5.0,"turns":4.0},{"damage":33.0,"enemies":"Lagavulin","floor":6.0,"turns":6.0},{"damage":7.0,"enemies":"Looter","floor":7.0,"turns":4.0},{"damage":11.0,"enemies":"Gremlin Nob","floor":10.0,"turns":4.0},{"damage":16.0,"enemies":"3 Louse","floor":11.0,"turns":4.0},{"damage":10.0,"enemies":"2 Fungi Beasts","floor":13.0,"turns":3.0},{"damage":20.0,"enemies":"The Guardian","floor":16.0,"turns":7.0},{"damage":22.0,"enemies":"3 Byrds","floor":18.0,"turns":4.0},{"damage":1.0,"enemies":"Chosen","floor":19.0,"turns":4.0},{"damage":2.0,"enemies":"Snecko","floor":22.0,"turns":4.0},{"damage":11.0,"enemies":"Slavers","floor":24.0,"turns":8.0},{"damage":0.0,"enemies":"Book of Stabbing","floor":29.0,"turns":4.0},{"damage":0.0,"enemies":"Snake Plant","floor":31.0,"turns":3.0},{"damage":35.0,"enemies":"Collector","floor":33.0,"turns":5.0},{"damage":54,"enemies":"3 Darklings","floor":35,"turns":10},{"damage":1,"enemies":"Orb Walker","floor":37,"turns":5},{"damage":57,"enemies":"Reptomancer","floor":40,"turns":5}],"seed_played":"2369695034369804378","potions_obtained":[{"floor":6.0,"key":"LiquidMemories"},{"floor":10.0,"key":"SpeedPotion"},{"floor":11.0,"key":"DistilledChaos"},{"floor":16.0,"key":"PowerPotion"},{"floor":18.0,"key":"Swift Potion"},{"floor":24.0,"key":"Ancient Potion"},{"floor":31.0,"key":"Poison Potion"},{"floor":33.0,"key":"Strength Potion"},{"floor":35,"key":"FairyPotion"},{"floor":37,"key":"SkillPotion"}],"is_trial":false,"path_per_floor":["M","M","?","M","M","E","M","R","T","E","M","?","M","$","R","B",null,"M","M","?","$","M","R","E","R","T","$","R","E","?","M","R","B",null,"M","?","M","?","$","E"],"character_chosen":"THE_SILENT","items_purchased":["Prepared","Bag of Preparation","Deadly Poison","SkillPotion","TwistedFunnel"],"campfire_rested":3,"item_purchase_floors":[14,21,27,27,39],"current_hp_per_floor":[57,57,62,62,62,29,22,43,43,32,16,16,6,6,27,7,55,33,32,32,32,30,30,19,40,40,40,40,40,40,40,40,5,55,1,19,18,18,18,0,0],"gold":35,"neow_bonus":"UPGRADE_CARD","is_daily":false,"chose_seed":false,"campfire_upgraded":3,"win_rate":0.0,"timestamp":1610611640,"path_taken":["M","M","?","M","M","E","M","R","T","E","M","?","M","$","R","BOSS","M","M","?","$","M","R","E","R","T","$","R","E","?","M","R","BOSS","M","?","M","?","$","E"],"items_purchased_type":["Card","Relic","Card","Potion","Relic"],"build_version":"2020-12-22","purchased_purges":2,"victory":false,"max_hp_per_floor":[66,66,71,71,71,71,71,71,71,71,71,71,71,71,71,71,71,71,71,71,71,71,71,71,71,71,71,71,71,71,71,71,71,71,71,71,71,71,71,71,71],"card_choices":[{"not_picked":["Sucker Punch","All Out Attack"],"picked":"Poisoned Stab","floor":1.0},{"not_picked":["Predator","Dodge and Roll"],"picked":"Bouncing Flask","floor":2.0},{"not_picked":["Sucker Punch","Endless Agony","Slice"],"picked":"SKIP","floor":4.0},{"not_picked":["Flechettes","Leg Sweep"],"picked":"Dagger Throw","floor":5.0},{"not_picked":["Storm of Steel","PiercingWail"],"picked":"Acrobatics","floor":6.0},{"not_picked":["Slice","PiercingWail"],"picked":"Bane","floor":7.0},{"not_picked":["Dagger Spray","Predator"],"picked":"PiercingWail","floor":10.0},{"not_picked":["Finisher","Blur"],"picked":"Catalyst","floor":11.0},{"not_picked":["Catalyst","Dagger Throw"],"picked":"Reflex","floor":13.0},{"not_picked":["Die Die Die","Envenom"],"picked":"Adrenaline","floor":16.0},{"not_picked":["Underhanded Strike","Terror+1"],"picked":"PiercingWail+1","floor":18.0},{"not_picked":["Masterful Stab","Well Laid Plans","Blade Dance+1"],"picked":"SKIP","floor":19.0},{"not_picked":["Cloak And Dagger","Riddle With Holes","Poisoned Stab"],"picked":"SKIP","floor":22.0},{"not_picked":["Deadly Poison","Riddle With Holes"],"picked":"Footwork","floor":24.0},{"not_picked":["Quick Slash+1","Choke"],"picked":"Tactician","floor":29.0},{"not_picked":["Choke","Leg Sweep"],"picked":"Backflip","floor":31.0},{"not_picked":["Bullet Time","After Image"],"picked":"Adrenaline","floor":33.0},{"not_picked":["Dodge and Roll","Deadly Poison","Bane"],"picked":"SKIP","floor":35},{"not_picked":["Distraction","Poisoned Stab"],"picked":"PiercingWail+1","floor":37},{"not_picked":["Jack Of All Trades","Violence"],"picked":"Deep Breath","floor":38}],"player_experience":184431,"relics_obtained":[{"floor":6.0,"key":"Peace Pipe"},{"floor":9.0,"key":"Bronze Scales"},{"floor":10.0,"key":"Juzu Bracelet"},{"floor":26.0,"key":"Vajra"},{"floor":29.0,"key":"White Beast Statue"}],"event_choices":[{"damage_healed":0.0,"max_hp_gain":5.0,"max_hp_loss":0.0,"gold_gain":0.0,"event_name":"Big Fish","player_choice":"Donut","floor":3.0,"gold_loss":0.0,"damage_taken":0.0},{"cards_removed":["Strike_G"],"damage_healed":0.0,"max_hp_gain":0.0,"max_hp_loss":0.0,"gold_gain":0.0,"event_name":"Purifier","player_choice":"Purged","floor":12.0,"gold_loss":0.0,"damage_taken":0.0},{"damage_healed":0.0,"max_hp_gain":0.0,"max_hp_loss":0.0,"gold_gain":0.0,"event_name":"The Library","player_choice":"Read","floor":20.0,"gold_loss":0.0,"damage_taken":0.0,"cards_obtained":["Calculated Gamble"]},{"damage_healed":0.0,"max_hp_gain":0.0,"max_hp_loss":0.0,"gold_gain":0.0,"event_name":"The Mausoleum","player_choice":"Ignored","floor":30.0,"gold_loss":0.0,"damage_taken":0.0},{"damage_healed":18,"gold_gain":0,"player_choice":"Writhe","damage_taken":0,"max_hp_gain":0,"max_hp_loss":0,"event_name":"Winding Halls","floor":36,"gold_loss":0,"cards_obtained":["Writhe"]},{"damage_healed":0,"gold_gain":0,"player_choice":"Memory 1","damage_taken":0,"max_hp_gain":0,"max_hp_loss":0,"event_name":"SensoryStone","floor":38,"gold_loss":0}],"is_beta":false,"boss_relics":[{"not_picked":["WristBlade","Ring of the Serpent"],"picked":"HoveringKite"},{"not_picked":["Runic Pyramid","Coffee Dripper"],"picked":"Black Star"}],"items_purged_floors":[14,21],"is_endless":false,"potions_floor_spawned":[6,10,11,13,16,18,24,31,33,35,37],"killed_by":"Reptomancer","ascension_level":14}}