{"host":"m6aaltr68g9tvoay","time":1610592795,"event":{"mods":["AchievementEnabler","BaseMod","Colored Map","Downfall","Minty Spire (QoL Compilation)","StSLib"],"gold_per_floor":[99,112,112,131,131,31,31,41,66,66,79,94,94,111,122,227,227,27,38,54,70,4,4,4,4,23,40,25,25,25,10,26,26,26],"floor_reached":33,"language":"ENG","playtime":3725,"items_purged":[],"score":339,"play_id":"401f0f26-8eae-41db-9ed3-129db60e14e4","local_time":"20210113185315","is_ascension_mode":true,"campfire_choices":[{"floor":1,"key":"RECALL"},{"floor":6,"key":"REST"},{"floor":13,"key":"REST"},{"data":"bronze:Repair","floor":18,"key":"SMITH"},{"floor":23,"key":"REST"},{"floor":30,"key":"REST"}],"circlet_count":0,"master_deck":["bronze:Strike","bronze:Strike","bronze:Defend","bronze:Defend","bronze:Defend","bronze:Defend","bronze:Replicate","bronze:Goto","bronze:CloningBeam","bronze:Iterate","bronze:Repair+1","bronze:Branch","bronze:SpaghettiCode","bronze:Repulsor","bronze:Return","bronze:Iterate","bronze:Constructor","bronze:InfiniteLoop","bronze:Frontload+1","bronze:Shell+1","bronze:Repair+1","bronze:Separator","bronze:Overload","bronze:Boost","bronze:FollowUp"],"relics":["bronze:BronzeCore","FaceOfCleric","downfall:HeartBlessingRed","bronze:ProtectiveGoggles","Black Star","downfall:HeartBlessingBlue","downfall:HeartBlessingGreen","Turnip","Juzu Bracelet"],"acts_visited":["Exordium","TheCity"],"potions_floor_usage":[11,11,11,12,16,16,16,20,21,27,33,33],"damage_taken":[{"damage":6,"enemies":"Cultist","floor":2,"turns":4},{"damage":6,"enemies":"2 Louse","floor":4,"turns":2},{"damage":7,"enemies":"Jaw Worm","floor":8,"turns":2},{"damage":49,"enemies":"Lagavulin","floor":9,"turns":9},{"damage":11,"enemies":"Exordium Thugs","floor":11,"turns":4},{"damage":0,"enemies":"Gremlin Gang","floor":12,"turns":1},{"damage":14,"enemies":"Red Slaver","floor":14,"turns":2},{"damage":7,"enemies":"Lots of Slimes","floor":15,"turns":3},{"damage":33,"enemies":"downfall:Defect","floor":16,"turns":10},{"damage":5,"enemies":"Chosen","floor":19,"turns":6},{"damage":65,"enemies":"Shelled Parasite and Fungi","floor":20,"turns":11},{"damage":11,"enemies":"Centurion and Healer","floor":21,"turns":11},{"damage":5,"enemies":"downfall:FleeingMerchant","floor":22,"turns":4},{"damage":34,"enemies":"Snecko","floor":26,"turns":7},{"damage":17,"enemies":"Shelled Parasite and Fungi","floor":27,"turns":9},{"damage":6,"enemies":"downfall:FleeingMerchant","floor":28,"turns":4},{"damage":3,"enemies":"downfall:FleeingMerchant","floor":31,"turns":4},{"damage":15,"enemies":"Centurion and Healer","floor":32,"turns":8},{"damage":65,"enemies":"ArchetypeAct2MushroomsNewAge","floor":33,"turns":15}],"seed_played":"6266972573838579476","potions_obtained":[{"floor":2,"key":"Swift Potion"},{"floor":9,"key":"EntropicBrew"},{"floor":11,"key":"Explosive Potion"},{"floor":12,"key":"PowerPotion"},{"floor":14,"key":"PowerPotion"},{"floor":16,"key":"Weak Potion"},{"floor":20,"key":"DuplicationPotion"},{"floor":27,"key":"SkillPotion"},{"floor":32,"key":"FearPotion"}],"is_trial":false,"path_per_floor":["R","M","?","M","?","R","T","M","E","?","M","M","R","M","M","B",null,"R","M","M","M","$","R","T","T","M","M","$","?","R","$","M","B"],"character_chosen":"THE_AUTOMATON","items_purchased":["Block Potion"],"campfire_rested":4,"item_purchase_floors":[22],"current_hp_per_floor":[77,71,71,65,65,77,77,71,30,30,27,28,52,46,47,29,84,94,92,38,38,54,83,83,83,65,59,74,74,101,102,100,48,48],"gold":26,"neow_bonus":"TEN_PERCENT_HP_BONUS","is_daily":false,"chose_seed":false,"campfire_upgraded":1,"win_rate":0.0,"timestamp":1610592795,"path_taken":["R","M","?","M","?","R","T","?","E","?","M","?","R","M","M","BOSS","R","M","M","?","$","R","T","?","M","M","$","?","R","$","M","BOSS"],"items_purchased_type":["Potion"],"build_version":"2020-12-22","purchased_purges":0,"victory":false,"max_hp_per_floor":[77,77,77,77,77,77,77,78,79,79,80,81,81,82,83,84,84,94,95,96,97,98,98,98,98,99,100,101,101,101,102,103,103,103],"card_choices":[{"not_picked":["bronze:Overheat","bronze:Turbo"],"picked":"bronze:CloningBeam","floor":2},{"not_picked":["bronze:NullPointer","bronze:Frontload"],"picked":"bronze:Repair","floor":4},{"not_picked":["bronze:Allocate","bronze:Constructor"],"picked":"bronze:Branch","floor":8},{"not_picked":["bronze:MaxOutput","bronze:BitShift"],"picked":"bronze:SpaghettiCode","floor":9},{"not_picked":["bronze:GetLatest","bronze:Safeguard"],"picked":"bronze:Repulsor","floor":11},{"not_picked":["bronze:BitShift","bronze:Shield"],"picked":"bronze:Return","floor":12},{"not_picked":["bronze:Deprecate","bronze:CutThrough"],"picked":"bronze:Iterate","floor":14},{"not_picked":["bronze:Overheat","bronze:NullPointer"],"picked":"bronze:Constructor","floor":15},{"not_picked":["bronze:Hardcode","bronze:BurnOut"],"picked":"bronze:InfiniteLoop","floor":16},{"not_picked":["bronze:Allocate+1","bronze:Shield"],"picked":"bronze:Frontload+1","floor":19},{"not_picked":["bronze:Branch","bronze:Overheat"],"picked":"bronze:Shell+1","floor":20},{"not_picked":["bronze:Frontload","bronze:BugBarrage"],"picked":"bronze:Repair+1","floor":21},{"not_picked":["bronze:WildBeam","bronze:Allocate+1","bronze:Iterate"],"picked":"SKIP","floor":22},{"not_picked":["bronze:Overheat","bronze:NullPointer","bronze:CutThrough"],"picked":"SKIP","floor":26},{"not_picked":["bronze:ItsAFeature","bronze:DarkDash"],"picked":"bronze:Separator","floor":27},{"not_picked":["bronze:CloningBeam+1","bronze:CutThrough"],"picked":"bronze:Overload","floor":28},{"not_picked":["bronze:Overheat","bronze:Shell+1"],"picked":"bronze:Boost","floor":31},{"not_picked":["bronze:CloningBeam","bronze:DelayedGuard+1"],"picked":"bronze:FollowUp","floor":32}],"player_experience":1784458,"relics_obtained":[{"floor":9,"key":"bronze:ProtectiveGoggles"},{"floor":24,"key":"Turnip"},{"floor":25,"key":"Juzu Bracelet"}],"event_choices":[{"damage_healed":0,"gold_gain":0,"player_choice":"Trade","damage_taken":0,"relics_obtained":["FaceOfCleric"],"max_hp_gain":0,"max_hp_loss":0,"event_name":"FaceTrader","floor":5,"gold_loss":0}],"is_beta":false,"boss_relics":[{"not_picked":["SacredBark","Fusion Hammer"],"picked":"Black Star"}],"items_purged_floors":[],"is_endless":false,"potions_floor_spawned":[2,9,11,12,14,16,20,27,32],"killed_by":"ArchetypeAct2MushroomsNewAge","ascension_level":3}}