{"host":"z9mq1tf06lkrncmk","time":1610587909,"event":{"mods":["BaseMod","Downfall","Minty Spire (QoL Compilation)","StSLib"],"gold_per_floor":[99,111,111,126,126,146,146,165,165,71,71,30,30,15,32,131,131,131,141,141,155,60,78,78,113,133,133,159,159,159,159],"floor_reached":29,"language":"ENG","playtime":1303,"items_purged":[],"score":266,"play_id":"55705d5d-e0b3-4823-a9ef-d75b8af42866","local_time":"20210113203149","is_ascension_mode":true,"campfire_choices":[{"data":"Guardian:AncientConstruct","floor":1,"key":"SMITH"},{"data":"Guardian:PrismaticBeam","floor":9,"key":"SMITH"},{"data":"Guardian:RefractedBeam","floor":11,"key":"SMITH"},{"floor":13,"key":"REST"},{"data":"Guardian:BaubleBeam","floor":18,"key":"SMITH"}],"circlet_count":0,"master_deck":["Guardian:Strike_Guardian","Guardian:Strike_Guardian","Guardian:Strike_Guardian","Guardian:Strike_Guardian","Guardian:Defend_Guardian","Guardian:Defend_Guardian","Guardian:Defend_Guardian","Guardian:Defend_Guardian","Guardian:CurlUp","Guardian:TwinSlam","Guardian:AncientConstruct+1","Guardian:PrimingBeam","Guardian:PrismaticBeam+1","Guardian:PrimingBeam","Guardian:GemFinder+1","Guardian:RefractedBeam+1","Guardian:CrystalBeam","Guardian:BronzeOrb","Guardian:BaubleBeam+1","Guardian:PolyBeam","Guardian:ChargeUp+1","Guardian:Gem_Crimson","Guardian:Gem_Cyan","Guardian:Gem_Green","Guardian:PrimingBeam+1"],"relics":["Guardian:ModeShifter","Frozen Egg 2","Pear","Snecko Eye","InkBottle","Oddly Smooth Stone","Eternal Feather","Boot"],"acts_visited":["Exordium","TheCity"],"potions_floor_usage":[16,19,22,25,28],"damage_taken":[{"damage":8,"enemies":"Small Slimes","floor":2,"turns":5},{"damage":0,"enemies":"Cultist","floor":4,"turns":4},{"damage":5,"enemies":"2 Louse","floor":6,"turns":2},{"damage":11,"enemies":"Lots of Slimes","floor":8,"turns":5},{"damage":5,"enemies":"downfall:FleeingMerchant","floor":10,"turns":4},{"damage":4,"enemies":"downfall:FleeingMerchant","floor":12,"turns":4},{"damage":5,"enemies":"downfall:FleeingMerchant","floor":14,"turns":4},{"damage":18,"enemies":"Exordium Thugs","floor":15,"turns":4},{"damage":23,"enemies":"downfall:Watcher","floor":16,"turns":8},{"damage":0,"enemies":"Shell Parasite","floor":19,"turns":4},{"damage":0,"enemies":"Chosen","floor":21,"turns":2},{"damage":9,"enemies":"downfall:FleeingMerchant","floor":22,"turns":4},{"damage":13,"enemies":"3 Cultists","floor":23,"turns":4},{"damage":13,"enemies":"Book of Stabbing","floor":25,"turns":3},{"damage":20,"enemies":"Sentry and Sphere","floor":26,"turns":4},{"damage":38,"enemies":"Gremlin Leader","floor":28,"turns":6},{"damage":13,"enemies":"Centurion and Healer","floor":29,"turns":1}],"seed_played":"-3636200411937889702","potions_obtained":[{"floor":6,"key":"EssenceOfSteel"},{"floor":15,"key":"BlessingOfTheForge"},{"floor":16,"key":"Ancient Potion"},{"floor":21,"key":"Swift Potion"},{"floor":23,"key":"PowerPotion"},{"floor":26,"key":"Regen Potion"}],"is_trial":false,"path_per_floor":["R","M","?","M","T","M","T","M","R","$","R","$","R","$","M","B",null,"R","M","T","M","$","M","T","E","M","?","E","M"],"character_chosen":"GUARDIAN","items_purchased":["Guardian:RefractedBeam","Guardian:CrystalBeam","Guardian:Gem_Crimson"],"campfire_rested":1,"item_purchase_floors":[10,12,22],"current_hp_per_floor":[80,72,72,72,72,67,77,66,66,61,61,57,84,79,61,38,90,90,90,90,90,81,68,68,55,35,35,12,0,0,0],"gold":159,"neow_bonus":"ONE_RANDOM_RARE_CARD","is_daily":false,"chose_seed":false,"campfire_upgraded":4,"win_rate":0.0,"timestamp":1610587909,"path_taken":["R","M","?","?","?","M","T","M","R","$","R","?","R","$","M","BOSS","R","M","?","M","$","M","T","E","M","?","E","M"],"items_purchased_type":["Card","Card","Card"],"build_version":"2020-12-22","purchased_purges":0,"victory":false,"max_hp_per_floor":[80,80,80,80,80,80,90,90,90,90,90,90,90,90,90,90,90,90,90,90,90,90,90,90,90,90,90,90,90,90,90],"card_choices":[{"not_picked":["Guardian:ChargeCore","Guardian:Harden"],"picked":"Guardian:PrimingBeam","floor":2},{"not_picked":["Guardian:PiercingHide","Guardian:Reroute"],"picked":"Guardian:PrismaticBeam","floor":4},{"not_picked":["Guardian:Incinerate","Guardian:Gem_Lightblue","Guardian:PrismaticBarrier"],"picked":"SKIP","floor":6},{"not_picked":["Guardian:Gem_Lightblue","Guardian:Gem_Red"],"picked":"Guardian:PrimingBeam","floor":8},{"not_picked":["Guardian:VentSteam","Guardian:EvasiveProtocol+1"],"picked":"Guardian:GemFinder+1","floor":10},{"not_picked":["Guardian:DonusPower","Guardian:RollAttack","Guardian:TemporalStrike"],"picked":"SKIP","floor":12},{"not_picked":["Guardian:RollAttack","Guardian:ChargeUp"],"picked":"Guardian:Gem_Red","floor":14},{"not_picked":["Guardian:Gem_Cyan","Guardian:Gem_Lightblue"],"picked":"Guardian:Gem_Red","floor":15},{"not_picked":["Guardian:PiercingHide","Guardian:SpikerProtocol+1"],"picked":"Guardian:BronzeOrb","floor":15},{"not_picked":["Guardian:Gem_Cyan","Guardian:Gem_Lightblue"],"picked":"Guardian:Gem_Green","floor":16},{"not_picked":["Guardian:StasisStrike","Guardian:AncientConstruct+1"],"picked":"Guardian:BaubleBeam","floor":16},{"not_picked":["Guardian:CrystalBeam","Guardian:Incinerate"],"picked":"Guardian:PolyBeam","floor":19},{"not_picked":["Guardian:Gem_Green","Guardian:TemporalShield"],"picked":"Guardian:ChargeUp+1","floor":21},{"not_picked":["Guardian:ChargeCore","Guardian:TimeBomb+1","Guardian:StasisStrike"],"picked":"SKIP","floor":22},{"not_picked":["Guardian:Gem_Green","Guardian:Gem_Red"],"picked":"Guardian:Gem_Cyan","floor":23},{"not_picked":["Guardian:Recover+1","Guardian:Suspension","Guardian:TemporalStrike"],"picked":"SKIP","floor":23},{"not_picked":["Guardian:TemporalShield","Guardian:BronzeOrb","Guardian:Clone+1"],"picked":"SKIP","floor":25},{"not_picked":["Guardian:Gem_Cyan","Guardian:RollAttack","Guardian:Gem_Yellow"],"picked":"SKIP","floor":26},{"not_picked":["Guardian:Gem_Lightblue","Guardian:Gem_Red"],"picked":"Guardian:Gem_Green","floor":28},{"not_picked":["Guardian:ArmoredProtocol+1","Guardian:ShieldCharger"],"picked":"Guardian:PrimingBeam+1","floor":28}],"player_experience":352567,"relics_obtained":[{"floor":5,"key":"Frozen Egg 2"},{"floor":7,"key":"Pear"},{"floor":20,"key":"InkBottle"},{"floor":24,"key":"Oddly Smooth Stone"},{"floor":25,"key":"Eternal Feather"},{"floor":28,"key":"Boot"}],"event_choices":[{"damage_healed":0,"gold_gain":0,"player_choice":"Ignored","damage_taken":0,"max_hp_gain":0,"max_hp_loss":0,"event_name":"Vampires","floor":27,"gold_loss":0}],"is_beta":false,"boss_relics":[{"not_picked":["Runic Dome","Philosopher\u0027s Stone"],"picked":"Snecko Eye"}],"items_purged_floors":[],"is_endless":false,"potions_floor_spawned":[6,15,16,21,23,26],"killed_by":"Centurion and Healer","ascension_level":1}}