{"host":"txona5ehdq2r96f3","time":1610613909,"event":{"mods":["2.2 Compatiblity","AchievementEnabler","Aspiration","BaseMod","Colored Powertips","Conspire","Halation","Hubris","Infinite Spire","Marisa????????","Minty Spire (QoL Compilation)","Replay The Spire","StSLib","Unceasing Turn Reminder","everything is the same but u backflip on backflip"],"gold_per_floor":[116,116,116,41,53,83,97,114,114,142,217,217,217,217,217,319,419,429,479,498,423,423,423,458,476,476,514,514,514],"floor_reached":28,"language":"ENG","playtime":1005,"items_purged":["Injury","conspire:GhostlyDefend"],"score":348,"play_id":"238a9581-4d29-44d6-a0e0-b1cb863c9574","local_time":"20210114094509","is_ascension_mode":true,"campfire_choices":[{"floor":15,"key":"DIG"},{"data":"Streamline","floor":23,"key":"SMITH"}],"circlet_count":0,"master_deck":["conspire:GhostlyStrike","conspire:GhostlyStrike+1","conspire:GhostlyStrike","conspire:GhostlyStrike","conspire:GhostlyDefend","conspire:GhostlyDefend","Zap","hubris:PowerSurge","Go for the Eyes","Conserve Battery","Amplify+1","Streamline+1","Gash"],"relics":["Cracked Core","NeowsBlessing","Frozen Egg 2","infinitespire:CheckeredPen","infinitespire:Broken Mirror","MealTicket","Symbiotic Virus","Pet Ghost","Art of War","Replay:Wanted Poster","aspiration:FetidBarrel","Tiny House","CultistMask","hubris:Reverence","Omamori","hubris:SlimyHat"],"acts_visited":["Exordium","TheCity"],"potions_floor_usage":[16,18,24,27,27],"damage_taken":[{"damage":0,"enemies":"2 Louse","floor":1,"turns":1},{"damage":0,"enemies":"Jaw Worm","floor":5,"turns":1},{"damage":0,"enemies":"3 Sentries","floor":6,"turns":1},{"damage":0,"enemies":"Cultist","floor":7,"turns":2},{"damage":12,"enemies":"Looter","floor":8,"turns":3},{"damage":31,"enemies":"Lagavulin","floor":10,"turns":6},{"damage":3,"enemies":"The Guardian","floor":16,"turns":9},{"damage":15,"enemies":"conspire:FuzzyDice","floor":18,"turns":6},{"damage":3,"enemies":"Chosen","floor":20,"turns":3},{"damage":26,"enemies":"conspire:SneckoGhost","floor":24,"turns":4},{"damage":19,"enemies":"Snecko","floor":25,"turns":4},{"damage":16,"enemies":"conspire:MimicChest","floor":27,"turns":5},{"damage":2,"enemies":"Book of Stabbing","floor":28,"turns":1}],"seed_played":"-1429437742022009121","potions_obtained":[{"floor":1,"key":"DuplicationPotion"},{"floor":7,"key":"SpeedPotion"},{"floor":10,"key":"PowerPotion"},{"floor":16,"key":"Block Potion"},{"floor":18,"key":"ColorlessPotion"},{"floor":19,"key":"Doom Potion"},{"floor":25,"key":"AttackPotion"}],"is_trial":false,"path_per_floor":["M","?","?","$","M","E","M","M","T","E","?","?","?","T","R","B",null,"M","AVR","M","?","?","R","E","M","T","?","E"],"character_chosen":"DEFECT","items_purchased":[],"campfire_rested":0,"item_purchase_floors":[],"current_hp_per_floor":[75,75,75,75,75,75,75,63,63,32,21,21,21,21,21,18,75,60,65,62,62,62,62,36,17,17,1,0,0],"gold":514,"neow_bonus":"THREE_ENEMY_KILL","is_daily":false,"chose_seed":false,"campfire_upgraded":1,"win_rate":0.0,"timestamp":1610613909,"path_taken":["M","?","?","$","M","E","M","?","T","E","?","?","?","?","R","BOSS","M","AVR","M","?","?","R","E","?","T","?","E"],"items_purchased_type":[],"build_version":"2020-12-22","purchased_purges":2,"victory":false,"max_hp_per_floor":[75,75,75,75,75,75,75,75,75,75,75,75,75,75,75,75,75,75,80,80,80,80,80,80,80,80,80,80,80],"card_choices":[{"not_picked":["Stack","ReplayTheSpireMod:GoodbyeWorld"],"picked":"hubris:PowerSurge","floor":1},{"not_picked":["Hologram","Aggregate","Rip and Tear"],"picked":"SKIP","floor":5},{"not_picked":["Time Bomb","Sweeping Beam","Barrage"],"picked":"SKIP","floor":6},{"not_picked":["Melter","White Noise","Redo"],"picked":"SKIP","floor":7},{"not_picked":["Static Discharge+1","Coolheaded"],"picked":"Go for the Eyes","floor":8},{"not_picked":["Streamline","Auto Shields"],"picked":"Conserve Battery","floor":10},{"not_picked":["Tempest","Compile Driver"],"picked":"Streamline","floor":18},{"not_picked":["Compile Driver","Coolheaded","Hologram"],"picked":"SKIP","floor":20},{"not_picked":["ReplayTheSpireMod:Reroute Power+1","Steam","Rebound"],"picked":"SKIP","floor":24},{"not_picked":["Conserve Battery+1","Hello World+1"],"picked":"Gash","floor":25}],"player_experience":137082,"relics_obtained":[{"floor":6,"key":"infinitespire:CheckeredPen"},{"floor":9,"key":"infinitespire:Broken Mirror"},{"floor":10,"key":"MealTicket"},{"floor":13,"key":"Symbiotic Virus"},{"floor":14,"key":"Pet Ghost"},{"floor":15,"key":"Art of War"},{"floor":24,"key":"hubris:Reverence"},{"floor":26,"key":"Omamori"},{"floor":27,"key":"hubris:SlimyHat"}],"event_choices":[{"damage_healed":0,"gold_gain":0,"player_choice":"Agree","damage_taken":0,"max_hp_gain":0,"max_hp_loss":0,"event_name":"conspire:LoneGhost","floor":3,"gold_loss":0},{"damage_healed":0,"gold_gain":75,"player_choice":"Gather Gold","damage_taken":11,"max_hp_gain":0,"max_hp_loss":0,"event_name":"World of Goop","floor":11,"gold_loss":0},{"cards_removed":["conspire:GhostlyDefend"],"damage_healed":0,"gold_gain":0,"player_choice":"Gave Gold","damage_taken":0,"max_hp_gain":0,"max_hp_loss":0,"event_name":"Beggar","floor":21,"gold_loss":75},{"damage_healed":0,"gold_gain":0,"player_choice":"Trade","damage_taken":0,"relics_obtained":["CultistMask"],"max_hp_gain":0,"max_hp_loss":0,"event_name":"FaceTrader","floor":22,"gold_loss":0}],"is_beta":false,"boss_relics":[{"not_picked":["Honey Jar","infinitespire:Cupcake"],"picked":"Replay:Wanted Poster"}],"items_purged_floors":[4,19],"is_endless":false,"potions_floor_spawned":[1,7,10,16,18,25],"killed_by":"Book of Stabbing","ascension_level":4}}