{"host":"5waj3nq586zfb9qv","time":1610641114,"event":{"mods":["BaseMod","Better Vampires","Colored Map","Colored Powertips","GifTheSpireLib","Highlight Path","Marisa£®ÏF”Í°°ƒß¿Ì…≥£©","Minty Spire (QoL Compilation)","Quick Restart","Shop Mod","StSLib","SuperFastMode","Waifu the Spire"],"gold_per_floor":[111,111,111,123,123,123,155,63,63,145,169,222,222,286,286,428,428,506,279,337,382,99,99,189,189,189,229,229,277,277,327,327,459,459,515,114,172,216,216,291,311,311,311,311,311,384,62,75,75,113],"floor_reached":51,"language":"ZHS","playtime":5189,"items_purged":["Strike_MRS","Defend_MRS","Strike_MRS","Defend_MRS"],"score":898,"play_id":"bb7aeb99-0207-4c44-abd2-4cf23c06bc14","local_time":"20210115001834","is_ascension_mode":false,"campfire_choices":[{"data":"PulseMagic","floor":6.0,"key":"SMITH"},{"data":"OrrerysSun","floor":13.0,"key":"SMITH"},{"floor":15.0,"key":"REST"},{"data":"ShootTheMoon","floor":23.0,"key":"SMITH"},{"floor":25.0,"key":"REST"},{"data":"UpSweep","floor":28.0,"key":"SMITH"},{"floor":32.0,"key":"REST"},{"floor":42,"key":"REST"},{"data":"SatelliteIllusion","floor":49,"key":"SMITH"}],"circlet_count":0,"master_deck":["Defend_MRS+1","Defend_MRS+1","MasterSpark","UpSweep+1","GravityBeat","Robbery","PulseMagic+1","Occultation+1","WitchOfGreed","Acceleration+1","OrrerysSun+1","DarkMatter+1","MilkyWay+1","BlazeAway+1","MaximisePower+1","PropBag+1","ChargingUp+1","PropBag+1","ShootTheMoon+1","Master of Strategy+1","IllusionStar+1","LuminesStrike+1","DeepEcoloBomb","OortCloud","EarthLightRay+1","SatelliteIllusion+1","EnergyRecoil+1","IllusionStar+1","OortCloud","GalacticHalo+1","MysteriousBeam+1","PowerUp+1","BigCrunch+1","MasterSpark","GasGiant+1","Forethought+1","EnergyFlow","OortCloud+1","AsteroidBelt+1","FinalSpark","Parasite","OpenUniverse+1","Trip+1","Singularity","PulseMagic+1","IllusionStar+1","SuperPerseids+1"],"relics":["MiniHakkero","NeowsBlessing","Toxic Egg 2","Vajra","Bag of Marbles","Regal Pillow","Black Star","Membership Card","Omamori","Tiny Chest","Smiling Mask","Pear","Bronze Scales","Juzu Bracelet","Oddly Smooth Stone","Meat on the Bone","Dream Catcher","Centennial Puzzle","SlaversCollar","Matryoshka","Incense Burner","White Beast Statue","Nunchaku","The Courier","Darkstone Periapt","PreservedInsect","Mercury Hourglass","Bag of Preparation","ShroomBag","Happy Flower","Ornamental Fan"],"acts_visited":["Exordium","TheCity","TheBeyond"],"potions_floor_usage":[46,50],"damage_taken":[{"damage":0.0,"enemies":"Jaw Worm","floor":1.0,"turns":1.0},{"damage":0.0,"enemies":"Cultist","floor":4.0,"turns":1.0},{"damage":0.0,"enemies":"3 Sentries","floor":7.0,"turns":2.0},{"damage":7.0,"enemies":"Lagavulin","floor":10.0,"turns":8.0},{"damage":3.0,"enemies":"2 Louse","floor":11.0,"turns":2.0},{"damage":8.0,"enemies":"Red Slaver","floor":12.0,"turns":4.0},{"damage":5.0,"enemies":"2 Fungi Beasts","floor":14.0,"turns":4.0},{"damage":33.0,"enemies":"Slime Boss","floor":16.0,"turns":13.0},{"damage":9.0,"enemies":"Shell Parasite","floor":18.0,"turns":8.0},{"damage":4.0,"enemies":"3 Byrds","floor":20.0,"turns":8.0},{"damage":7.0,"enemies":"3 Cultists","floor":21.0,"turns":8.0},{"damage":45.0,"enemies":"Book of Stabbing","floor":24.0,"turns":8.0},{"damage":0.0,"enemies":"Centurion and Healer","floor":27.0,"turns":5.0},{"damage":39.0,"enemies":"Slavers","floor":29.0,"turns":7.0},{"damage":30.0,"enemies":"Book of Stabbing","floor":31.0,"turns":4.0},{"damage":47.0,"enemies":"Automaton","floor":33.0,"turns":11.0},{"damage":20.0,"enemies":"3 Shapes","floor":35.0,"turns":5.0},{"damage":10.0,"enemies":"Orb Walker","floor":37.0,"turns":2.0},{"damage":26.0,"enemies":"Transient","floor":38.0,"turns":5.0},{"damage":4,"enemies":"Giant Head","floor":40,"turns":6},{"damage":17,"enemies":"Writhing Mass","floor":41,"turns":3},{"damage":0,"enemies":"Reptomancer","floor":46,"turns":3},{"damage":0,"enemies":"Sphere and 2 Shapes","floor":48,"turns":3},{"damage":6,"enemies":"Donu and Deca","floor":50,"turns":6}],"seed_played":"4610158281116781299","potions_obtained":[{"floor":1.0,"key":"Explosive Potion"},{"floor":7.0,"key":"ColorlessPotion"},{"floor":10.0,"key":"StarNLove"},{"floor":10.0,"key":"Weak Potion"},{"floor":18.0,"key":"SteroidPotion"},{"floor":21.0,"key":"Energy Potion"},{"floor":21.0,"key":"Ancient Potion"},{"floor":27.0,"key":"ShroomBrew"},{"floor":27.0,"key":"EntropicBrew"},{"floor":31.0,"key":"BottledSpark"},{"floor":35.0,"key":"DuplicationPotion"},{"floor":38.0,"key":"Dexterity Potion"},{"floor":40,"key":"Dexterity Potion"},{"floor":46,"key":"Fruit Juice"},{"floor":46,"key":"Swift Potion"},{"floor":48,"key":"FearPotion"}],"is_trial":false,"path_per_floor":["M","?","?","M","?","R","E","$","T","E","M","M","R","M","R","B",null,"M","$","M","M","$","R","E","R","T","M","R","E","T","E","R","B",null,"M","$","M","M","?","E","M","R","T","T","?","E","$","M","R","B",null],"character_chosen":"MARISA","items_purchased":["WitchOfGreed","Acceleration+1","Membership Card","ChargingUp+1","Omamori","Tiny Chest","Master of Strategy+1","IllusionStar+1","Matryoshka","Incense Burner","OortCloud","GalacticHalo+1","Happy Flower","Trip+1","Ornamental Fan","Singularity","PulseMagic+1","IllusionStar+1"],"campfire_rested":4,"item_purchase_floors":[8,8,19,19,22,22,22,36,36,36,36,36,47,47,47,47,47,47],"current_hp_per_floor":[75,60,60,60,60,60,60,60,60,53,50,42,42,37,74,41,75,66,66,62,55,55,55,32,72,72,72,72,33,33,15,55,26,85,71,71,67,47,47,49,44,84,84,84,84,95,95,95,95,91],"gold":113,"neow_bonus":"THREE_ENEMY_KILL","is_daily":false,"chose_seed":false,"campfire_upgraded":5,"win_rate":0.0,"timestamp":1610641114,"path_taken":["M","?","?","?","?","R","E","$","T","E","M","M","R","M","R","BOSS","M","?","M","M","$","R","E","R","T","?","R","E","?","E","R","BOSS","M","$","M","M","?","E","M","R","T","?","?","E","$","M","R","BOSS"],"items_purchased_type":["Card","Card","Relic","Card","Relic","Relic","Card","Card","Relic","Relic","Card","Card","Relic","Card","Relic","Card","Card","Card"],"build_version":"2020-12-22","purchased_purges":4,"victory":true,"max_hp_per_floor":[75,75,75,75,75,75,75,75,75,75,75,75,75,75,75,75,75,75,75,75,75,75,75,85,85,85,85,85,85,85,85,85,85,85,85,85,85,85,85,85,85,85,85,85,85,96,96,96,96,96],"card_choices":[{"not_picked":["DarkMatter","NonDirectionalLaser"],"picked":"GravityBeat","floor":1.0},{"not_picked":["DoubleSpark","WitchLeyline"],"picked":"PulseMagic","floor":4.0},{"not_picked":["UnstableBomb","BlazingStar"],"picked":"Occultation+1","floor":7.0},{"not_picked":["PulseMagic+1","DoubleSpark"],"picked":"OrrerysSun","floor":10.0},{"not_picked":["WitchOfGreed","MachineGunSpark"],"picked":"DarkMatter+1","floor":11.0},{"not_picked":["NonDirectionalLaser","MysteriousBeam"],"picked":"MilkyWay+1","floor":12.0},{"not_picked":["GasGiant+1","AlicesGift"],"picked":"BlazeAway+1","floor":14.0},{"not_picked":["BlazingStar","BigCrunch+1"],"picked":"MaximisePower+1","floor":16.0},{"not_picked":["UnstableBomb","Occultation+1"],"picked":"PropBag+1","floor":18.0},{"not_picked":["FairyDestructionRay+1","WitchLeyline"],"picked":"PropBag+1","floor":20.0},{"not_picked":["AlicesGift","OneTimeOff+1"],"picked":"ShootTheMoon","floor":21.0},{"not_picked":["Orbital+1","ChargeUpSpray"],"picked":"IllusionStar+1","floor":24.0},{"not_picked":["DeepEcoloBomb+1","GasGiant+1"],"picked":"LuminesStrike+1","floor":27.0},{"not_picked":["MilkyWay+1","MaximisePower+1"],"picked":"DeepEcoloBomb","floor":29.0},{"not_picked":["DC","GasGiant+1"],"picked":"OortCloud","floor":31.0},{"not_picked":["WitchLeyline","PulseMagic+1"],"picked":"EarthLightRay+1","floor":32.0},{"not_picked":["EscapeVelocity","SuperNova"],"picked":"SatelliteIllusion","floor":33.0},{"not_picked":["DoubleSpark","MilkyWay+1"],"picked":"EnergyRecoil+1","floor":35.0},{"not_picked":["NonDirectionalLaser","DC"],"picked":"MysteriousBeam+1","floor":37.0},{"not_picked":["ShootTheMoon+1","WitchOfGreed"],"picked":"PowerUp+1","floor":38.0},{"not_picked":["EarthLightRay+1","GasGiant+1"],"picked":"EnergyFlow","floor":40},{"not_picked":["LuminesStrike","ChargingUp+1"],"picked":"OortCloud+1","floor":41},{"not_picked":["DC","UnstableBomb+1"],"picked":"AsteroidBelt+1","floor":42},{"not_picked":["PowerUp+1","GrandCross"],"picked":"OpenUniverse+1","floor":46},{"not_picked":["MilkyWay+1","DC+1"],"picked":"SuperPerseids+1","floor":48}],"player_experience":44548,"relics_obtained":[{"floor":5.0,"key":"Toxic Egg 2"},{"floor":7.0,"key":"Vajra"},{"floor":9.0,"key":"Bag of Marbles"},{"floor":10.0,"key":"Regal Pillow"},{"floor":24.0,"key":"Smiling Mask"},{"floor":24.0,"key":"Pear"},{"floor":26.0,"key":"Bronze Scales"},{"floor":29.0,"key":"Juzu Bracelet"},{"floor":29.0,"key":"Oddly Smooth Stone"},{"floor":30.0,"key":"Meat on the Bone"},{"floor":31.0,"key":"Dream Catcher"},{"floor":31.0,"key":"Centennial Puzzle"},{"floor":40,"key":"White Beast Statue"},{"floor":40,"key":"Nunchaku"},{"floor":43,"key":"The Courier"},{"floor":43,"key":"Darkstone Periapt"},{"floor":44,"key":"PreservedInsect"},{"floor":44,"key":"Mercury Hourglass"},{"floor":46,"key":"Bag of Preparation"},{"floor":46,"key":"ShroomBag"}],"event_choices":[{"damage_healed":0.0,"max_hp_gain":0.0,"max_hp_loss":0.0,"gold_gain":0.0,"event_name":"Shining Light","player_choice":"Entered Light","floor":2.0,"gold_loss":0.0,"damage_taken":15.0,"cards_upgraded":["Defend_MRS","Defend_MRS"]},{"damage_healed":0.0,"max_hp_gain":0.0,"max_hp_loss":0.0,"gold_gain":0.0,"cards_transformed":["Strike_MRS"],"event_name":"Transmorgrifier","player_choice":"Transformed","floor":3.0,"gold_loss":0.0,"damage_taken":0.0,"cards_obtained":["Robbery"]},{"damage_healed":0.0,"max_hp_gain":0.0,"max_hp_loss":0.0,"gold_gain":0.0,"event_name":"Wheel of Change","player_choice":"Relic","floor":5.0,"gold_loss":0.0,"damage_taken":0.0},{"damage_healed":0.0,"max_hp_gain":0.0,"max_hp_loss":0.0,"gold_gain":0.0,"event_name":"Match and Keep!","player_choice":"4 cards matched","floor":39.0,"gold_loss":0.0,"damage_taken":0.0,"cards_obtained":["BigCrunch","MasterSpark","GasGiant","Forethought"]},{"damage_healed":0,"gold_gain":0,"cards_transformed":["Strike_MRS"],"player_choice":"Transformed","damage_taken":0,"max_hp_gain":0,"max_hp_loss":0,"event_name":"Transmorgrifier","floor":45,"gold_loss":0,"cards_obtained":["FinalSpark"]}],"is_beta":false,"boss_relics":[{"not_picked":["Pandora\u0027s Box","Empty Cage"],"picked":"Black Star"},{"not_picked":["Sozu","Runic Dome"],"picked":"SlaversCollar"}],"items_purged_floors":[19,22,36,47],"is_endless":false,"potions_floor_spawned":[1,7,10,21,27,29,31,35,40,41,46,48],"ascension_level":0}}