{"host":"kabf61oc9jgfwufg","time":1610644157,"event":{"mods":["AchievementEnabler","Act Like it!","Aspiration","BaseMod","Conspire","Energized Spire","GifTheSpireLib","GungeonMod","Halation","HexUI Lib","Hubris","Infinite Spire","Minty Spire (QoL Compilation)","Quick Restart","Rare Cards Sparkle","Replay The Spire","Shop Mod","StSLib"],"gold_per_floor":[114,114,114,133,58,90,90,105,129,129,129,154,154,181,181,282,282,297,297,297,297,314,349,349,380,380,432,444,444,444,131,131,131,131],"floor_reached":33,"language":"ENG","playtime":810,"items_purged":["Strike_P","Defend_P"],"score":391,"play_id":"91f61667-a0f4-4bb9-ae63-12c7e9dfa6b0","local_time":"20210114170917","is_ascension_mode":true,"campfire_choices":[{"data":"Eruption","floor":10,"key":"SMITH"},{"data":"JustLucky","floor":13,"key":"SMITH"},{"data":"WheelKick","floor":15,"key":"SMITH"},{"floor":24,"key":"REST"},{"floor":32,"key":"REST"}],"circlet_count":0,"master_deck":["Strike_P","Strike_P","Defend_P","Defend_P","Defend_P","Eruption+1","Vigilance","FlurryOfBlows","JustLucky+1","CarveReality","FollowUp","WheelKick+1","Tantrum","DevaForm","Streamline+1","Gash","Panic Button"],"relics":["PureWater","NeowsBlessing","halation:YellowSoulGem","aspiration:TomeofQuesting","DemoMod:ChaffGrenade","Tiny Chest","hubris:TenFootPole","Ancient Tea Set","aspiration:DefectSkillbook","Juzu Bracelet","TeardropLocket","Gremlin Horn","conspire:GlowingRock","Bag of Marbles","MutagenicStrength","halation:Thesaurus","halation:OrihimeAndHikoboshiSamaAndTears"],"acts_visited":["Exordium","TheCity"],"potions_floor_usage":[12,23,25,28,28],"damage_taken":[{"damage":4,"enemies":"Small Slimes","floor":1,"turns":2},{"damage":0,"enemies":"Jaw Worm","floor":4,"turns":1},{"damage":0,"enemies":"Lagavulin","floor":6,"turns":1},{"damage":0,"enemies":"Cultist","floor":8,"turns":2},{"damage":21,"enemies":"Gremlin Nob","floor":12,"turns":4},{"damage":19,"enemies":"3 Sentries","floor":14,"turns":6},{"damage":0,"enemies":"Slime Boss","floor":16,"turns":4},{"damage":0,"enemies":"Chosen","floor":18,"turns":4},{"damage":18,"enemies":"3 Byrds","floor":22,"turns":4},{"damage":51,"enemies":"Slavers","floor":23,"turns":4},{"damage":9,"enemies":"conspire:SneckoGhost","floor":25,"turns":4},{"damage":11,"enemies":"Snake Plant","floor":28,"turns":3},{"damage":22,"enemies":"Automaton","floor":33,"turns":3}],"seed_played":"-3841096922644070401","potions_obtained":[{"floor":6,"key":"BottledMiracle"},{"floor":12,"key":"SpeedPotion"},{"floor":19,"key":"Doom Potion"},{"floor":19,"key":"BottledMiracle"},{"floor":25,"key":"StancePotion"}],"is_trial":false,"path_per_floor":["M","?","?","M","$","E","T","M","T","R","?","E","R","E","R","B",null,"M","?","AVR","?","M","E","R","E","T","T","M","?","?","$","R","B"],"character_chosen":"WATCHER","items_purchased":["DemoMod:GreenGuonStone","halation:Thesaurus"],"campfire_rested":2,"item_purchase_floors":[31,31],"current_hp_per_floor":[68,68,68,68,68,68,68,68,68,68,72,51,51,32,32,32,72,72,72,72,72,54,3,24,15,15,15,4,4,4,4,25,3,3],"gold":131,"neow_bonus":"THREE_ENEMY_KILL","is_daily":false,"chose_seed":false,"campfire_upgraded":3,"win_rate":0.0,"timestamp":1610644157,"path_taken":["M","?","?","M","$","E","?","?","T","R","?","E","R","E","R","BOSS","M","?","AVR","?","M","E","R","E","T","?","M","?","?","$","R","BOSS"],"items_purchased_type":["Relic","Relic"],"build_version":"2020-12-22","purchased_purges":2,"victory":false,"max_hp_per_floor":[72,72,72,72,72,72,72,72,72,72,72,72,72,72,72,72,72,72,72,72,72,72,72,72,72,72,72,72,72,72,72,72,72,72],"card_choices":[{"not_picked":["CutThroughFate","Protect"],"picked":"FlurryOfBlows","floor":1},{"not_picked":["WreathOfFlame","Perseverance"],"picked":"JustLucky","floor":4},{"not_picked":["Indignation","ForeignInfluence"],"picked":"CarveReality","floor":6},{"not_picked":["Replay:BluntJabs","Indignation"],"picked":"FollowUp","floor":8},{"not_picked":["SandsOfTime","JustLucky"],"picked":"WheelKick","floor":12},{"not_picked":["LikeWater","PathToVictory"],"picked":"Tantrum","floor":14},{"not_picked":["Establishment","DeusExMachina"],"picked":"DevaForm","floor":16},{"not_picked":["WaveOfTheHand+1","Vengeance","WreathOfFlame+1"],"picked":"Streamline+1","floor":18},{"not_picked":["CrushJoints+1","Turbo","Defragment+1"],"picked":"Gash","floor":22},{"not_picked":["Replay:AtTheReady","LessonLearned","Scrawl","Lockon"],"picked":"SKIP","floor":23},{"not_picked":["Conserve Battery","ThirdEye","BootSequence"],"picked":"Panic Button","floor":25},{"not_picked":["Aggregate","CrushJoints+1","Perseverance+1","Barrage+1"],"picked":"SKIP","floor":28}],"player_experience":101017,"relics_obtained":[{"floor":6,"key":"aspiration:TomeofQuesting"},{"floor":7,"key":"DemoMod:ChaffGrenade"},{"floor":9,"key":"Tiny Chest"},{"floor":12,"key":"hubris:TenFootPole"},{"floor":14,"key":"Ancient Tea Set"},{"floor":23,"key":"TeardropLocket"},{"floor":25,"key":"Gremlin Horn"},{"floor":26,"key":"conspire:GlowingRock"},{"floor":27,"key":"Bag of Marbles"}],"event_choices":[{"damage_healed":0,"gold_gain":0,"player_choice":"Got Potions","damage_taken":0,"max_hp_gain":0,"max_hp_loss":0,"event_name":"Lab","floor":19,"gold_loss":0},{"damage_healed":0,"gold_gain":0,"player_choice":"Ignored","damage_taken":0,"max_hp_gain":0,"max_hp_loss":0,"event_name":"Vampires","floor":21,"gold_loss":0},{"damage_healed":0,"gold_gain":0,"player_choice":"Inject Mutagens","damage_taken":0,"relics_obtained":["MutagenicStrength"],"max_hp_gain":0,"max_hp_loss":0,"event_name":"Drug Dealer","floor":30,"gold_loss":0}],"is_beta":false,"boss_relics":[{"not_picked":["Abe\u0027s Treasure","Replay:Drink Me"],"picked":"aspiration:DefectSkillbook"}],"items_purged_floors":[5,20],"is_endless":false,"potions_floor_spawned":[6,8,12,22,25],"killed_by":"Automaton","ascension_level":1}}