{"host":"vra53s4gynvpqhud","time":1610597341,"event":{"mods":["100% Spire Juice","A Magickal Journey","AchievementEnabler","Aspiration","BaseMod","Better Match","Better Third Choice","BetterRewards","Conspire","Downfall","Energized Spire","Evolution","Friendly Minions","GifTheSpireLib","Hermit","HexUI Lib","Highlight Path","Hubris","Infinite Spire","Jorbs\u0027s Wanderer Trilogy","Luminous","Magitek Elite","Minty Spire (QoL Compilation)","Permanent Neow","Poor People Problems","Rare Cards Sparkle","Remove Card Discount Mod","Replay The Spire","Shop Mod","Somnambulant","StSLib","The Cursed","The Dragon Tamer","The Gatherer","The Hierophant","The Jungle","The Necromancer","The Poker Player","The Runesmith","TheArtist","TheBandit","Trackpad","egg"],"gold_per_floor":[117,137,237,253,266,293,293,305,305,337,267,287,306,306,306,401,401,414,430,430,430,450,478,496,509,559,578,351,371,371,121,121,224,224,242,290,290,306,16,43,57,70,70,88,138,172,172,172,172,172,172,172],"floor_reached":50,"language":"ENG","playtime":6448,"items_purged":["PokerPlayerMod:ClubsClub","PokerPlayerMod:Spade1","PokerPlayerMod:Club1","PokerPlayerMod:Raise","PokerPlayerMod:Diamond2"],"score":688,"play_id":"e46b8d68-ae07-463e-8336-cca69a018f6d","local_time":"20210113230901","is_ascension_mode":false,"metric_token":2770,"campfire_choices":[{"data":"PokerPlayerMod:TrumpStrike","floor":7.0,"key":"SMITH"},{"data":"PokerPlayerMod:ItsShowtime","floor":15.0,"key":"SMITH"},{"data":"GremboGang","floor":32,"key":"SMITH"},{"data":"PokerPlayerMod:CardPrinter+1","floor":47,"key":"SMITH"},{"data":"PokerPlayerMod:DamnStraight","floor":49,"key":"SMITH"}],"circlet_count":0,"master_deck":["PokerPlayerMod:Diamond3","PokerPlayerMod:Diamond4","PokerPlayerMod:Diamond5","PokerPlayerMod:Spade2","PokerPlayerMod:Spade3","PokerPlayerMod:Spade4","PokerPlayerMod:Club2","PokerPlayerMod:Heart2","PokerPlayerMod:TrumpStrike+1","PokerPlayerMod:BadJoker","PokerPlayerMod:Mulligan","PokerPlayerMod:Diamond8","PokerPlayerMod:Spade9","PokerPlayerMod:Spade8","PokerPlayerMod:ItsShowtime+1","PokerPlayerMod:Club4","PokerPlayerMod:CardPrinter+2","PokerPlayerMod:Spade2","PokerPlayerMod:Spade10+","PokerPlayerMod:Heart4","PokerPlayerMod:Raise","infinitespire:Collect","PokerPlayerMod:Diamond9","PokerPlayerMod:Diamond3","PokerPlayerMod:Diamond6","PokerPlayerMod:Spade4","PokerPlayerMod:Club7","PokerPlayerMod:Club7","PokerPlayerMod:Raise+1","GremboGang+1","PokerPlayerMod:Diamond7","PokerPlayerMod:DamnStraight+1","PokerPlayerMod:SecondChance","PokerPlayerMod:PoorCopy+1","PokerPlayerMod:Heart3","PokerPlayerMod:Raise+1","PokerPlayerMod:Club7","PokerPlayerMod:SpadeStrike+1"],"relics":["PokerPlayerMod:DeckCase","EVO:Axolotl","Nunchaku","Replay:Ringing Soul","PokerPlayerMod:Splitter","aspiration:Lifesprig","Replay:Rubber Ducky","trackpad:Compendium","MerchantsRug","Lantern","energizedSpire:SpiderWeb","conspire:Boomerang","trackpad:SappingStone","Guide Book","trackpad:WondrousWand","trackpad:GuardianSpirit","trackpad:FieryHotPepper","conspire:TopHat"],"acts_visited":["Exordium","TheCity","TheBeyond"],"potions_floor_usage":[36,36,40,44,45,50],"damage_taken":[{"damage":5.0,"enemies":"Cultist","floor":1.0,"turns":4.0},{"damage":0.0,"enemies":"Small Slimes","floor":2.0,"turns":3.0},{"damage":1.0,"enemies":"Jaw Worm","floor":4.0,"turns":3.0},{"damage":0.0,"enemies":"Large Slime","floor":5.0,"turns":3.0},{"damage":2.0,"enemies":"Gremlin Nob","floor":6.0,"turns":3.0},{"damage":0.0,"enemies":"2 Fungi Beasts","floor":8.0,"turns":2.0},{"damage":11.0,"enemies":"3 Sentries","floor":10.0,"turns":7.0},{"damage":0.0,"enemies":"Looter","floor":12.0,"turns":2.0},{"damage":15.0,"enemies":"Large Slime","floor":13.0,"turns":4.0},{"damage":0.0,"enemies":"Slime Boss","floor":16.0,"turns":5.0},{"damage":3.0,"enemies":"Shell Parasite","floor":18.0,"turns":5.0},{"damage":0,"enemies":"3 Byrds","floor":19,"turns":2},{"damage":0,"enemies":"Snake Plant","floor":22,"turns":3},{"damage":11,"enemies":"Slavers","floor":23,"turns":3},{"damage":0,"enemies":"Cultist and Chosen","floor":24,"turns":5},{"damage":0,"enemies":"Centurion and Healer","floor":25,"turns":3},{"damage":0,"enemies":"Chosen and Byrds","floor":27,"turns":5},{"damage":38,"enemies":"Cultist and Chosen","floor":29,"turns":6},{"damage":51,"enemies":"hubris:MusketHawk","floor":33,"turns":8},{"damage":0,"enemies":"Orb Walker","floor":35,"turns":3},{"damage":0,"enemies":"2 Orb Walkers","floor":36,"turns":4},{"damage":0,"enemies":"3 Darklings","floor":38,"turns":3},{"damage":13,"enemies":"Reptomancer","floor":40,"turns":4},{"damage":6,"enemies":"Maw","floor":41,"turns":8},{"damage":17,"enemies":"Spire Growth","floor":42,"turns":5},{"damage":19,"enemies":"Transient","floor":44,"turns":5},{"damage":13,"enemies":"Mind Bloom Boss Battle","floor":45,"turns":6},{"damage":12,"enemies":"Nemesis","floor":46,"turns":6},{"damage":186,"enemies":"hubris:GrandSnecko","floor":50,"turns":27}],"seed_played":"9054681209620194229","potions_obtained":[{"floor":1.0,"key":"champ:CounterPotion"},{"floor":8.0,"key":"conspire:TimeTravelPotion"},{"floor":12.0,"key":"Elixir"},{"floor":16.0,"key":"AttackPotion"},{"floor":36,"key":"Block Potion"},{"floor":40,"key":"Strength Potion"},{"floor":42,"key":"Block Potion"},{"floor":44,"key":"Explosive Potion"},{"floor":45,"key":"Explosive Potion"}],"is_trial":false,"path_per_floor":["M","M","?","M","M","E","R","M","T","E","$","M","M","?","R","B",null,"M","M","?","?","M","E","M","M","T","M","$","M","?","?","R","B",null,"M","?","?","M","$","E","M","M","T","M","?","E","R","?","R","B"],"character_chosen":"THE_POKER_PLAYER","items_purchased":["PokerPlayerMod:CardPrinter","MerchantsRug","PokerPlayerMod:StackedDeck","PokerPlayerMod:Club7","trackpad:SappingStone","Guide Book"],"campfire_rested":0,"item_purchase_floors":[11,28,28,28,39,39],"current_hp_per_floor":[52,54,54,56,57,55,55,57,57,51,54,57,62,62,62,65,72,69,75,70,55,81,84,87,90,90,93,96,66,66,69,69,43,105,105,108,108,111,111,111,111,111,111,101,108,118,118,136,136,0,0,0],"gold":172,"neow_bonus":"TEN_PERCENT_HP_BONUS","is_daily":false,"chose_seed":false,"campfire_upgraded":5,"win_rate":0.0,"timestamp":1610597341,"path_taken":["M","M","?","M","M","E","R","M","T","E","$","?","M","?","R","BOSS","M","M","?","?","M","E","M","M","T","M","$","M","?","?","R","BOSS","M","?","?","M","$","E","M","M","T","M","?","E","R","?","R","BOSS"],"items_purchased_type":["Card","Relic","Card","Card","Relic","Relic"],"build_version":"2020-12-22","purchased_purges":5,"victory":false,"max_hp_per_floor":[57,57,57,57,57,57,57,57,57,60,63,66,69,69,69,72,72,72,75,78,81,81,84,87,90,90,93,96,99,99,102,102,105,105,105,108,108,111,111,114,117,120,120,120,123,126,126,136,136,136,136,136],"card_choices":[{"not_picked":["PokerPlayerMod:Diamond2","PokerPlayerMod:Heart2"],"picked":"PokerPlayerMod:Diamond8","floor":1.0},{"not_picked":["PokerPlayerMod:Spade1","PokerPlayerMod:Diamond1"],"picked":"PokerPlayerMod:Spade9","floor":2.0},{"not_picked":["PokerPlayerMod:Spade2","PokerPlayerMod:Spade4"],"picked":"PokerPlayerMod:ClubsClub","floor":4.0},{"not_picked":["PokerPlayerMod:HotShotCut","PokerPlayerMod:Diamond4"],"picked":"PokerPlayerMod:Spade8","floor":5.0},{"not_picked":["PokerPlayerMod:Diamond4","PokerPlayerMod:CardBurn"],"picked":"PokerPlayerMod:ItsShowtime","floor":6.0},{"not_picked":["PokerPlayerMod:Fold","PokerPlayerMod:Diamond4","PokerPlayerMod:DiamondStrike"],"picked":"SKIP","floor":8.0},{"not_picked":["PokerPlayerMod:DiamondStrike","PokerPlayerMod:Diamond1"],"picked":"PokerPlayerMod:Club4","floor":10.0},{"not_picked":["PokerPlayerMod:CloakAndDiamond","PokerPlayerMod:SpadeStrike"],"picked":"PokerPlayerMod:Raise","floor":12.0},{"not_picked":["PokerPlayerMod:Diamond1","PokerPlayerMod:ClubStrike"],"picked":"PokerPlayerMod:Spade2","floor":13.0},{"not_picked":["PokerPlayerMod:Diamond9","PokerPlayerMod:ChangeRules"],"picked":"PokerPlayerMod:Spade10+","floor":16.0},{"not_picked":["PokerPlayerMod:Heart2","PokerPlayerMod:SpadeStrike+1","PokerPlayerMod:Club2"],"picked":"SKIP","floor":18},{"not_picked":["PokerPlayerMod:Diamond4","PokerPlayerMod:DartThrow"],"picked":"PokerPlayerMod:Heart4","floor":19},{"not_picked":["PokerPlayerMod:Diamond2","PokerPlayerMod:Club4"],"picked":"PokerPlayerMod:Raise","floor":20},{"not_picked":["infinitespire:Gouge","infinitespire:UltimateForm"],"picked":"infinitespire:Collect","floor":21},{"not_picked":["artistmod:ColoredCollision+1","stsjorbsmod:WeightOfMemory","PokerPlayerMod:Club3"],"picked":"SKIP","floor":22},{"not_picked":["PokerPlayerMod:Club1","PokerPlayerMod:DiamondStrike"],"picked":"PokerPlayerMod:Diamond9","floor":23},{"not_picked":["PokerPlayerMod:Heart1","PokerPlayerMod:Spade3"],"picked":"PokerPlayerMod:Diamond3","floor":24},{"not_picked":["PokerPlayerMod:Club3","Runesmith:CraftReservo"],"picked":"PokerPlayerMod:Diamond6","floor":25},{"not_picked":["EmptyFist","PokerPlayerMod:Spade3"],"picked":"PokerPlayerMod:Spade4","floor":27},{"not_picked":["PokerPlayerMod:ClubStrike","PokerPlayerMod:Harden"],"picked":"PokerPlayerMod:Raise+1","floor":29},{"not_picked":["PokerPlayerMod:Spade10+","PokerPlayerMod:Duplicate"],"picked":"PokerPlayerMod:Diamond7","floor":33},{"not_picked":["PokerPlayerMod:Diamond2","PokerPlayerMod:ClubsClub","PokerPlayerMod:CardBurn+1"],"picked":"SKIP","floor":35},{"not_picked":["PokerPlayerMod:Diamond4","PokerPlayerMod:Harden+1"],"picked":"PokerPlayerMod:DamnStraight","floor":36},{"not_picked":["PokerPlayerMod:Spade3","PokerPlayerMod:DiamondStrike+1"],"picked":"PokerPlayerMod:SecondChance","floor":38},{"not_picked":["PokerPlayerMod:DartThrow","PokerPlayerMod:Extraction"],"picked":"PokerPlayerMod:PoorCopy+1","floor":40},{"not_picked":["PokerPlayerMod:Raise","PokerPlayerMod:Club2"],"picked":"PokerPlayerMod:Heart3","floor":41},{"not_picked":["PokerPlayerMod:CardBurn+1","PokerPlayerMod:CloakAndDiamond+1"],"picked":"PokerPlayerMod:Raise+1","floor":42},{"not_picked":["PokerPlayerMod:Harden+1","PokerPlayerMod:MagicTrick","PokerPlayerMod:Spade2"],"picked":"SKIP","floor":44},{"not_picked":["PokerPlayerMod:Diamond4","PokerPlayerMod:Spade2"],"picked":"PokerPlayerMod:Club7","floor":45},{"not_picked":["PokerPlayerMod:CardPrinter+1","PokerPlayerMod:Heart3"],"picked":"PokerPlayerMod:SpadeStrike+1","floor":46}],"player_experience":108614,"relics_obtained":[{"floor":6.0,"key":"Nunchaku"},{"floor":9.0,"key":"Replay:Ringing Soul"},{"floor":10.0,"key":"PokerPlayerMod:Splitter"},{"floor":20,"key":"PrismaticShard"},{"floor":23,"key":"Replay:Rubber Ducky"},{"floor":26,"key":"trackpad:Compendium"},{"floor":36,"key":"conspire:Boomerang"},{"floor":40,"key":"trackpad:WondrousWand"},{"floor":43,"key":"trackpad:GuardianSpirit"},{"floor":45,"key":"trackpad:FieryHotPepper"},{"floor":46,"key":"conspire:TopHat"}],"event_choices":[{"damage_healed":0.0,"max_hp_gain":0.0,"max_hp_loss":0.0,"gold_gain":100.0,"event_name":"Wheel of Change","player_choice":"Gold","floor":3.0,"gold_loss":0.0,"damage_taken":0.0},{"cards_removed":["PokerPlayerMod:Diamond1"],"damage_healed":0.0,"max_hp_gain":0.0,"max_hp_loss":0.0,"gold_gain":0.0,"event_name":"WeMeetAgain","player_choice":"Gave Card","floor":14.0,"gold_loss":0.0,"damage_taken":0.0,"relics_obtained":["aspiration:Lifesprig"]},{"damage_healed":0,"gold_gain":0,"player_choice":"Opened","damage_taken":0,"relics_obtained":["Lantern"],"max_hp_gain":0,"max_hp_loss":0,"event_name":"The Mausoleum","floor":30,"gold_loss":0},{"damage_healed":0,"gold_gain":0,"player_choice":"Fight","damage_taken":0,"max_hp_gain":0,"max_hp_loss":0,"event_name":"Mysterious Sphere","floor":36,"gold_loss":0},{"damage_healed":0,"gold_gain":0,"player_choice":"Leave","damage_taken":0,"max_hp_gain":0,"max_hp_loss":0,"event_name":"conspire:Investor","floor":37,"gold_loss":0},{"damage_healed":0,"gold_gain":0,"player_choice":"Fight","damage_taken":0,"max_hp_gain":0,"max_hp_loss":0,"event_name":"MindBloom","floor":45,"gold_loss":0},{"cards_removed":["PokerPlayerMod:StackedDeck"],"damage_healed":8,"gold_gain":0,"player_choice":"Offered Rare","damage_taken":0,"max_hp_gain":10,"max_hp_loss":0,"event_name":"Bonfire Elementals","floor":48,"gold_loss":0}],"is_beta":false,"boss_relics":[{"not_picked":["aspiration:RunicSpoon","Runic Dome"],"picked":"trackpad:Trackpad"},{"not_picked":["Astrolabe","aspiration:FutureDiary"],"picked":"energizedSpire:SpiderWeb"}],"items_purged_floors":[28,28,28,39,39],"is_endless":false,"potions_floor_spawned":[1,8,12,16,22,23,24,29,36,40,42,44,45],"killed_by":"hubris:GrandSnecko","ascension_level":0}}