{"host":"egwexuw5uvnxf11j","time":1610589825,"event":{"mods":["2.2 Compatiblity","Aspiration","BaseMod","Better Altar","Better Note","Better Sensory Stone","Better Third Choice","Displayed Cursed Tome","Downfall","Hermit","Key Reminder","Koishi","Marisa????????","Minty Spire (QoL Compilation)","Quick Restart","Shade Mod","Spicy Shops","StSLib","The Construct","The Cursed","The Hierophant","The Runesmith","The Senshi","The Servant 0.9.4","Transform Curses"],"gold_per_floor":[117,192,206,223,240,273,273,287,310,343,17,37,64,139,139,236,286,318,67,136,136,161,161,195,223,223,223,234,234,246,246,246,350,350,370,389,405,64,74,74,74,74],"floor_reached":41,"language":"ENG","playtime":5753,"items_purged":[],"score":533,"play_id":"055bf35e-1748-4c30-b6b8-2ef0fc1fd893","local_time":"20210113210345","is_ascension_mode":true,"campfire_choices":[{"floor":7,"key":"REST"},{"data":"hermit:TakeAim","floor":15,"key":"SMITH"},{"floor":23,"key":"REST"},{"floor":29,"key":"REST"},{"floor":32,"key":"REST"},{"floor":40,"key":"REST"}],"circlet_count":0,"master_deck":["hermit:Strike_Hermit","hermit:Strike_Hermit+1","hermit:Strike_Hermit","hermit:Strike_Hermit","hermit:Defend_Hermit","hermit:Defend_Hermit","hermit:Defend_Hermit+1","hermit:Defend_Hermit","hermit:Snapshot","hermit:Covet","hermit:BlackWind","hermit:Determination","hermit:Desperado","hermit:Deadeye","hermit:Ricochet+1","hermit:Vantage","hermit:Desperado","hermit:Deadeye","hermit:Combo","hermit:Headshot","hermit:TakeAim+1","hermit:DeadOrAlive","hermit:Quickdraw","hermit:CursedWeapon","hermit:Feint","hermit:Headshot","hermit:HoleUp","hermit:Showdown","hermit:Dive+1","hermit:DeadMansHand","hermit:GoldenBullet","Shame","hermit:BlackWind","hermit:CalledShot+1","hermit:LowProfile","hermit:Snipe+1","hermit:Brawl","hermit:GhostlyPresence","hermit:Enervate"],"relics":["hermit:Momento","Anchor","keyreminder:keyreminder","Whetstone","Akabeko","Lee\u0027s Waffle","ClockworkSouvenir","Kunai","Tiny House","Bronze Scales","Enchiridion","hermit:Spyglass","aspiration:StickyExplosives_weak","SacredBark","Membership Card"],"acts_visited":["Exordium","TheCity","TheBeyond"],"potions_floor_usage":[5,10,13,18,28,30,33,33,36,38],"damage_taken":[{"damage":2,"enemies":"Small Slimes","floor":1,"turns":3},{"damage":6,"enemies":"Cultist","floor":3,"turns":3},{"damage":0,"enemies":"2 Louse","floor":4,"turns":1},{"damage":1,"enemies":"Large Slime","floor":5,"turns":6},{"damage":32,"enemies":"Lagavulin","floor":6,"turns":4},{"damage":0,"enemies":"2 Fungi Beasts","floor":8,"turns":2},{"damage":29,"enemies":"3 Sentries","floor":10,"turns":7},{"damage":1,"enemies":"Exordium Wildlife","floor":12,"turns":4},{"damage":0,"enemies":"Gremlin Nob","floor":13,"turns":2},{"damage":53,"enemies":"Hexaghost","floor":16,"turns":7},{"damage":4,"enemies":"Shell Parasite","floor":18,"turns":4},{"damage":19,"enemies":"2 Thieves","floor":22,"turns":4},{"damage":23,"enemies":"Book of Stabbing","floor":24,"turns":5},{"damage":7,"enemies":"Snake Plant","floor":25,"turns":3},{"damage":8,"enemies":"3 Cultists","floor":28,"turns":4},{"damage":2,"enemies":"Snecko","floor":30,"turns":3},{"damage":65,"enemies":"Automaton","floor":33,"turns":10},{"damage":29,"enemies":"3 Shapes","floor":35,"turns":5},{"damage":21,"enemies":"3 Darklings","floor":36,"turns":5},{"damage":16,"enemies":"Spire Growth","floor":37,"turns":5},{"damage":46,"enemies":"Maw","floor":39,"turns":7},{"damage":85,"enemies":"Nemesis","floor":41,"turns":6}],"seed_played":"7005534741548733991","potions_obtained":[{"floor":1,"key":"ColorlessPotion"},{"floor":3,"key":"SkillPotion"},{"floor":4,"key":"SpeedPotion"},{"floor":10,"key":"hermit:BlackBile"},{"floor":12,"key":"AttackPotion"},{"floor":16,"key":"Energy Potion"},{"floor":17,"key":"FairyPotion"},{"floor":18,"key":"sneckomod:MuddlingPotion"},{"floor":22,"key":"Strength Potion"},{"floor":28,"key":"ColorlessPotion"},{"floor":30,"key":"hermit:BlackBile"},{"floor":35,"key":"ColorlessPotion"},{"floor":37,"key":"construct:ShiftPotion"}],"is_trial":false,"path_per_floor":["M","?","M","M","M","E","R","M","T","E","$","M","E","?","R","B",null,"M","$","T","?","M","R","E","M","T","?","M","R","M","?","R","B",null,"M","M","M","$","M","R","E"],"character_chosen":"HERMIT","items_purchased":["Lee\u0027s Waffle","hermit:Combo","ClockworkSouvenir","Bronze Scales","hermit:Feint","hermit:Headshot","hermit:Brawl","Membership Card","Fruit Juice","hermit:GhostlyPresence"],"campfire_rested":5,"item_purchase_floors":[11,11,11,19,19,19,38,38,38,38],"current_hp_per_floor":[73,62,56,56,55,23,45,45,45,16,82,81,81,73,73,20,87,83,83,83,67,48,74,51,44,44,44,36,62,60,60,86,21,87,58,37,21,31,47,76,0,0],"gold":74,"neow_bonus":"ONE_RANDOM_RARE_CARD","is_daily":false,"chose_seed":false,"campfire_upgraded":1,"win_rate":0.0,"timestamp":1610589825,"path_taken":["M","?","M","M","M","E","R","M","T","E","$","M","E","?","R","BOSS","M","$","?","?","M","R","E","M","T","?","M","R","M","?","R","BOSS","M","M","M","$","M","R","E"],"items_purchased_type":["Relic","Card","Relic","Relic","Card","Card","Card","Relic","Potion","Card"],"build_version":"2020-12-22","purchased_purges":0,"victory":false,"max_hp_per_floor":[75,75,75,75,75,75,75,75,75,75,82,82,82,82,82,82,87,87,87,87,87,87,87,87,87,87,87,87,87,87,87,87,87,87,87,87,87,97,97,97,97,97],"card_choices":[{"not_picked":["hermit:CalledShot","hermit:BigShot"],"picked":"hermit:Determination","floor":1},{"not_picked":["hermit:Scavenge","hermit:Glare"],"picked":"hermit:Desperado","floor":3},{"not_picked":["hermit:SprayPray","hermit:WideOpen"],"picked":"hermit:Deadeye","floor":4},{"not_picked":["hermit:Scavenge","hermit:Dive"],"picked":"hermit:Ricochet","floor":5},{"not_picked":["hermit:TrackingShot","hermit:HighNoon"],"picked":"hermit:Vantage","floor":6},{"not_picked":["hermit:Malice","hermit:BodyArmor"],"picked":"hermit:Desperado","floor":8},{"not_picked":["hermit:HighCaliber","hermit:Feint"],"picked":"hermit:Deadeye","floor":10},{"not_picked":["hermit:CalledShot","hermit:Snipe"],"picked":"hermit:Headshot","floor":12},{"not_picked":["hermit:Magnum","hermit:Feint"],"picked":"hermit:TakeAim","floor":13},{"not_picked":["hermit:EternalForm","hermit:HighNoon"],"picked":"hermit:DeadOrAlive","floor":16},{"not_picked":["hermit:HoleUp","hermit:Desperado"],"picked":"hermit:Quickdraw","floor":17},{"not_picked":["hermit:Maintenance","hermit:Deadeye"],"picked":"hermit:CursedWeapon","floor":18},{"not_picked":["hermit:Desperado+1","hermit:Snipe+1"],"picked":"hermit:HoleUp","floor":22},{"not_picked":["hermit:Glare","hermit:Feint"],"picked":"hermit:Showdown","floor":24},{"not_picked":["hermit:Headshot","hermit:Glare"],"picked":"hermit:Dive+1","floor":25},{"not_picked":["hermit:Midnight","hermit:Feint"],"picked":"hermit:DeadMansHand","floor":28},{"not_picked":["hermit:Purgatory","hermit:TrackingShot"],"picked":"hermit:GoldenBullet","floor":30},{"not_picked":["hermit:FinalCanter","hermit:FatalDesire"],"picked":"hermit:BlackWind","floor":33},{"not_picked":["hermit:Desperado+1","hermit:Vantage+1"],"picked":"hermit:CalledShot+1","floor":35},{"not_picked":["hermit:Combo","hermit:Roulette"],"picked":"hermit:LowProfile","floor":36},{"not_picked":["hermit:Gestalt+1","hermit:WideOpen+1"],"picked":"hermit:Snipe+1","floor":37},{"not_picked":["hermit:Snipe","hermit:LoneWolf"],"picked":"hermit:Enervate","floor":39}],"player_experience":2225774,"relics_obtained":[{"floor":6,"key":"Anchor"},{"floor":9,"key":"Whetstone"},{"floor":10,"key":"Akabeko"},{"floor":13,"key":"Kunai"},{"floor":24,"key":"hermit:Spyglass"},{"floor":26,"key":"aspiration:StickyExplosives_weak"}],"event_choices":[{"damage_healed":0,"gold_gain":75,"player_choice":"Gold","damage_taken":11,"max_hp_gain":0,"max_hp_loss":0,"event_name":"betterThird:BetterGoop","floor":2,"gold_loss":0},{"damage_healed":0,"gold_gain":75,"player_choice":"Touch","damage_taken":8,"max_hp_gain":0,"max_hp_loss":0,"event_name":"FaceTrader","floor":14,"gold_loss":0},{"damage_healed":0,"gold_gain":0,"player_choice":"Obtained Book","damage_taken":16,"max_hp_gain":0,"max_hp_loss":0,"event_name":"Cursed Tome","floor":21,"gold_loss":0}],"is_beta":false,"boss_relics":[{"not_picked":["Pandora\u0027s Box","Runesmith:UraniumAnvil"],"picked":"Tiny House"},{"not_picked":["Runic Dome","aspiration:PoetsPen_weak"],"picked":"SacredBark"}],"items_purged_floors":[],"is_endless":false,"potions_floor_spawned":[1,3,4,10,12,16,18,22,28,30,35,37],"killed_by":"Nemesis","ascension_level":1}}