{"host":"ttgbaqegq96hv5uv","time":1610591542,"event":{"mods":["2.2 Compatiblity","AchievementEnabler","Aspiration","BaseMod","Beaked The Cultist","Better Synergies","Better Vampires","BetterRewards","ChefMod","Clawfect","Colored Map","Colored Powertips","Conspire","Defuse TimeMaze Blight","Displayed Cursed Tome","Emptier Cage","Friendly Minions","Gold Saver","GungeonMod","Hermit","Hubris","Infinite Spire","JesterMod","Marked Mod","Minty Spire (QoL Compilation)","Poor People Problems","QueenMod","Relic Stats","Replay The Spire","Robot Space Explorer","Shop Mod","Spicy Shops","StSLib","The Blackbeard","The Cursed","The Dragon Tamer","The Factory","The Marked","The Mystic","TheHero","TheVacant","egg"],"gold_per_floor":[697,629,657,670,347,366,376,395,395,430,485,485,485,485,485,589,589,600,613,613,631,651,686,686,696,696,715,715,715,603,603,603,705,705,720,734,844,684,743,743,743,276,276,309,104,127,127,163,163,163],"floor_reached":51,"language":"ENG","playtime":2827,"items_purged":["Doubt","Injury","theMarked:Strike","theMarked:Strike"],"score":724,"play_id":"49ac3834-a022-4ceb-8254-9d3c37b3f8d6","local_time":"20210114023222","is_ascension_mode":false,"campfire_choices":[{"floor":13,"key":"REST"},{"floor":15,"key":"REST"},{"floor":24,"key":"REST"},{"floor":29,"key":"REST"},{"data":"theMarked:TakeOffHeels","floor":32,"key":"SMITH"},{"floor":40,"key":"REST"},{"floor":47,"key":"REST"},{"data":"theMarked:SoldierOfQuellstein","floor":49,"key":"SMITH"}],"circlet_count":0,"master_deck":["theMarked:Strike+1","theMarked:Strike","theMarked:Strike","theMarked:Defend","theMarked:Defend+1","theMarked:Defend","theMarked:Defend","theMarked:SoldierOfQuellstein+1","theMarked:Electrocute+1","theMarked:Aftermath+1","theMarked:StartUp+1","theMarked:MysticalArsenal+1","theMarked:MysticalArsenal+1","theMarked:BanishingWave","theMarked:ElectricStrings+1","theMarked:Reabsorb","theMarked:TakeOffHeels+1","theMarked:TwofoldDefense","theMarked:Overcharge","theMarked:Frustration","theMarked:ChainLightning","theMarked:TwofoldDefense","AbeCurse","CurseOfTheBell","theMarked:RepellingDischarge+1","theMarked:ElectricStrings+1","theMarked:ElectricStrings+1","theMarked:Parkour+1"],"relics":["theMarked:ArtifactOfAir","Frozen Egg 2","Incense Burner","Toy Ornithopter","Membership Card","Regal Pillow","War Paint","aspiration:HiddenCompartment","Guide Book","DemoMod:Bottle","Potion Belt","aspiration:Lifesprig","Busted Crown","Centennial Puzzle","Snack Pack","Turnip","Sling","Calling Bell","Vajra","hubris:MobiusCoin","Unceasing Top","infinitespire:EvilPickle","Dream Catcher","DemoMod:WhiteGuonStone","Ring of Hypnosis","Ginger","aspiration:StickyExplosives_weak","Replay:Bottled Eggs","theMarked:Winder","InkBottle","HandDrill","Bottled Lightning","DemoMod:ClearGuonStone"],"acts_visited":["Exordium","TheCity","TheBeyond"],"potions_floor_usage":[16,33,39,39,39,39,39,50],"damage_taken":[{"damage":0,"enemies":"2 Louse","floor":1,"turns":2},{"damage":8,"enemies":"conspire:MimicChest","floor":3,"turns":4},{"damage":1,"enemies":"Cultist","floor":4,"turns":3},{"damage":1,"enemies":"Small Slimes","floor":6,"turns":3},{"damage":5,"enemies":"Looter","floor":7,"turns":2},{"damage":10,"enemies":"Large Slime","floor":8,"turns":5},{"damage":30,"enemies":"Gremlin Nob","floor":10,"turns":4},{"damage":36,"enemies":"Hexaghost","floor":16,"turns":7},{"damage":19,"enemies":"3 Byrds","floor":18,"turns":4},{"damage":5,"enemies":"Shell Parasite","floor":19,"turns":4},{"damage":6,"enemies":"Cultist and Chosen","floor":21,"turns":4},{"damage":0,"enemies":"3 Cultists","floor":22,"turns":2},{"damage":39,"enemies":"Book of Stabbing","floor":23,"turns":5},{"damage":12,"enemies":"Snecko","floor":25,"turns":4},{"damage":0,"enemies":"Centurion and Healer","floor":27,"turns":5},{"damage":35,"enemies":"Pondfish","floor":33,"turns":14},{"damage":16,"enemies":"Orb Walker","floor":35,"turns":4},{"damage":1,"enemies":"3 Shapes","floor":36,"turns":4},{"damage":39,"enemies":"Spire Growth","floor":37,"turns":6},{"damage":38,"enemies":"Writhing Mass","floor":39,"turns":5},{"damage":0,"enemies":"Transient","floor":44,"turns":5},{"damage":36,"enemies":"4 Shapes","floor":46,"turns":4},{"damage":7,"enemies":"Reptomancer","floor":48,"turns":4},{"damage":62,"enemies":"Time Eater","floor":50,"turns":11}],"seed_played":"-266439447228654535","potions_obtained":[{"floor":6,"key":"Swift Potion"},{"floor":8,"key":"Toxic Potion"},{"floor":10,"key":"FearPotion"},{"floor":19,"key":"Regen Potion"},{"floor":22,"key":"BlessingOfTheForge"},{"floor":25,"key":"PowerPotion"},{"floor":27,"key":"Elixir"},{"floor":35,"key":"Dexterity Potion"},{"floor":36,"key":"PowerPotion"},{"floor":44,"key":"Strength Potion"}],"is_trial":false,"path_per_floor":["M","$","?","M","$","M","M","M","T","E","T","?","R","?","R","B",null,"M","M","?","M","M","E","R","M","T","M","?","R","$","?","R","B",null,"M","M","M","$","M","R","?","$","T","M","$","M","R","E","R","B",null],"character_chosen":"THE_DEFAULT","items_purchased":["Frozen Egg 2","Incense Burner","theMarked:Electrocute+1","theMarked:StartUp","Membership Card","Regal Pillow","War Paint","aspiration:HiddenCompartment","Guide Book","Turnip","Sling","Dream Catcher","DemoMod:WhiteGuonStone","Ginger","aspiration:StickyExplosives_weak","Replay:Bottled Eggs","theMarked:Winder","HandDrill","Bottled Lightning"],"campfire_rested":6,"item_purchase_floors":[0,0,0,2,5,5,5,5,5,30,30,38,38,42,42,42,42,45,45],"current_hp_per_floor":[61,61,53,52,52,51,46,36,36,6,6,6,42,42,70,39,70,51,46,53,47,47,8,44,32,32,34,34,70,70,70,70,49,70,54,55,20,20,25,61,61,61,61,69,69,33,69,63,63,14],"gold":163,"neow_bonus":"","is_daily":false,"chose_seed":false,"campfire_upgraded":2,"win_rate":0.0,"timestamp":1610591542,"path_taken":["M","$","?","M","$","M","?","M","T","E","?","?","R","?","R","BOSS","M","M","?","M","M","E","R","M","T","M","?","R","$","?","R","BOSS","M","M","M","$","M","R","?","?","T","?","$","M","R","E","R","BOSS"],"items_purchased_type":["Relic","Relic","Card","Card","Relic","Relic","Relic","Relic","Relic","Relic","Relic","Relic","Relic","Relic","Relic","Relic","Relic","Relic","Relic"],"build_version":"2020-12-22","purchased_purges":4,"victory":true,"max_hp_per_floor":[70,70,70,70,70,70,70,70,70,70,70,70,70,70,70,70,70,70,70,70,70,70,70,70,70,70,70,70,70,70,70,70,70,70,70,70,70,70,70,70,70,70,70,70,70,70,70,70,70,70],"relic_stats":{"Regal Pillow":82,"counters":[41,184],"Ginger":[2],"War Paint":["theMarked:Defend","theMarked:Aftermath"],"Centennial Puzzle":[27],"Dream Catcher":2,"Busted Crown":68,"Turnip":[20],"HandDrill":[0],"obtain_stats":[{"Regal Pillow":5,"aspiration:Lifesprig":11,"Tiny House":17,"Torii":5,"Vajra":34,"DemoMod:GlassGuonStoneRelic":3,"Juzu Bracelet":28,"Incense Burner":0,"Ginger":42,"hubris:MysteriousPyramids":26,"DemoMod:WhiteGuonStone":38,"Sling":30,"aspiration:StickyExplosives_weak":42,"Replay:Bandana":0,"Centennial Puzzle":23,"Dream Catcher":38,"Toolbox":5,"DemoMod:MeltedRock":9,"Red Mask":30,"HandDrill":45,"Replay:Bottled Eggs":42,"DemoMod:ClearGuonStone":48,"InkBottle":43,"Potion Belt":10,"hubris:DisguiseKit":13,"hubris:MobiusCoin":34,"Ring of Hypnosis":41,"Guide Book":5,"Frozen Egg 2":0,"War Paint":5,"aspiration:HiddenCompartment":5,"Calling Bell":34,"infinitespire:EvilPickle":37,"theMarked:ArtifactOfAir":0,"Strange Spoon":20,"Busted Crown":17,"Turnip":30,"Snack Pack":26,"Membership Card":5,"Bottled Lightning":45,"theMarked:Winder":42,"DemoMod:Bottle":9,"TungstenRod":6,"Toy Ornithopter":3,"Unceasing Top":34},{"Regal Pillow":20,"aspiration:Lifesprig":24,"Tiny House":7,"Torii":2,"Vajra":33,"DemoMod:GlassGuonStoneRelic":2,"Juzu Bracelet":13,"Incense Burner":17,"Ginger":37,"hubris:MysteriousPyramids":11,"DemoMod:WhiteGuonStone":36,"Sling":32,"aspiration:StickyExplosives_weak":37,"Replay:Bandana":0,"Centennial Puzzle":30,"Dream Catcher":36,"Toolbox":2,"DemoMod:MeltedRock":3,"Red Mask":15,"HandDrill":38,"Replay:Bottled Eggs":37,"DemoMod:ClearGuonStone":40,"InkBottle":37,"Potion Belt":24,"hubris:DisguiseKit":5,"hubris:MobiusCoin":33,"Ring of Hypnosis":37,"Guide Book":20,"Frozen Egg 2":17,"War Paint":20,"aspiration:HiddenCompartment":20,"Calling Bell":33,"infinitespire:EvilPickle":36,"theMarked:ArtifactOfAir":0,"Strange Spoon":9,"Busted Crown":25,"Turnip":32,"Snack Pack":31,"Membership Card":20,"Bottled Lightning":38,"theMarked:Winder":37,"DemoMod:Bottle":23,"TungstenRod":3,"Toy Ornithopter":19,"Unceasing Top":33},{"Regal Pillow":78,"aspiration:Lifesprig":92,"Tiny House":28,"Torii":7,"Vajra":141,"DemoMod:GlassGuonStoneRelic":7,"Juzu Bracelet":54,"Incense Burner":69,"Ginger":160,"hubris:MysteriousPyramids":44,"DemoMod:WhiteGuonStone":155,"Sling":127,"aspiration:StickyExplosives_weak":160,"Replay:Bandana":0,"Centennial Puzzle":118,"Dream Catcher":155,"Toolbox":7,"DemoMod:MeltedRock":14,"Red Mask":59,"HandDrill":165,"Replay:Bottled Eggs":160,"DemoMod:ClearGuonStone":173,"InkBottle":160,"Potion Belt":92,"hubris:DisguiseKit":19,"hubris:MobiusCoin":141,"Ring of Hypnosis":160,"Guide Book":78,"Frozen Egg 2":69,"War Paint":78,"aspiration:HiddenCompartment":78,"Calling Bell":141,"infinitespire:EvilPickle":155,"theMarked:ArtifactOfAir":0,"Strange Spoon":36,"Busted Crown":99,"Turnip":127,"Snack Pack":122,"Membership Card":78,"Bottled Lightning":165,"theMarked:Winder":160,"DemoMod:Bottle":88,"TungstenRod":14,"Toy Ornithopter":75,"Unceasing Top":141}],"Toy Ornithopter":40,"Unceasing Top":[7],"InkBottle":[9]},"card_choices":[{"not_picked":["theMarked:TwofoldDefense","theMarked:Static"],"picked":"theMarked:Aftermath","floor":1},{"not_picked":["theMarked:TunnelVision","theMarked:Frustration"],"picked":"theMarked:MysticalArsenal+1","floor":3},{"not_picked":["theMarked:Overcharge","theMarked:AttractMetal"],"picked":"theMarked:MysticalArsenal+1","floor":4},{"not_picked":["theMarked:Convert","theMarked:DeterminationOfTheMarked+1"],"picked":"theMarked:BanishingWave","floor":6},{"not_picked":["theMarked:Parry","theMarked:WastefulAttack"],"picked":"theMarked:ElectricStrings","floor":7},{"not_picked":["theMarked:WastefulDefense","theMarked:ElementalBlade","theMarked:LightningStrikesTwice"],"picked":"SKIP","floor":8},{"not_picked":["theMarked:WastefulAttack","theMarked:WastefulDefense"],"picked":"theMarked:Reabsorb","floor":10},{"not_picked":["theMarked:ThrowWeapon","theMarked:TurnInvisible"],"picked":"theMarked:TakeOffHeels","floor":16},{"not_picked":[],"picked":"theMarked:TwofoldDefense","floor":18},{"not_picked":["theMarked:Parry"],"picked":"SKIP","floor":19},{"not_picked":[],"picked":"theMarked:Overcharge","floor":21},{"not_picked":[],"picked":"theMarked:Frustration","floor":22},{"not_picked":[],"picked":"theMarked:ChainLightning","floor":23},{"not_picked":[],"picked":"theMarked:TwofoldDefense","floor":25},{"not_picked":["theMarked:Seal"],"picked":"SKIP","floor":27},{"not_picked":[],"picked":"theMarked:RepellingDischarge+1","floor":35},{"not_picked":[],"picked":"theMarked:ElectricStrings","floor":36},{"not_picked":[],"picked":"theMarked:ElectricStrings+1","floor":37},{"not_picked":[],"picked":"theMarked:Parkour+1","floor":39},{"not_picked":["theMarked:LightningStrikesTwice"],"picked":"SKIP","floor":44},{"not_picked":["theMarked:Panic+1"],"picked":"SKIP","floor":46},{"not_picked":["theMarked:Standoff+1"],"picked":"SKIP","floor":48}],"player_experience":646596,"relics_obtained":[{"floor":3,"key":"Toy Ornithopter"},{"floor":9,"key":"DemoMod:Bottle"},{"floor":10,"key":"Potion Belt"},{"floor":11,"key":"aspiration:Lifesprig"},{"floor":23,"key":"Centennial Puzzle"},{"floor":26,"key":"Snack Pack"},{"floor":34,"key":"Vajra"},{"floor":34,"key":"hubris:MobiusCoin"},{"floor":34,"key":"Unceasing Top"},{"floor":41,"key":"Ring of Hypnosis"},{"floor":43,"key":"InkBottle"},{"floor":48,"key":"DemoMod:ClearGuonStone"}],"event_choices":[{"damage_healed":0,"gold_gain":0,"player_choice":"Leave","damage_taken":0,"max_hp_gain":0,"max_hp_loss":0,"event_name":"conspire:Investor","floor":12,"gold_loss":0},{"damage_healed":0,"gold_gain":0,"player_choice":"Disagree","damage_taken":0,"max_hp_gain":0,"max_hp_loss":0,"event_name":"conspire:LoneGhost","floor":14,"gold_loss":0},{"damage_healed":0,"gold_gain":0,"player_choice":"Ignored","damage_taken":0,"max_hp_gain":0,"max_hp_loss":0,"event_name":"Vampires","floor":28,"gold_loss":0}],"is_beta":false,"boss_relics":[{"not_picked":["hubris:RunicObelisk","hubris:CrackedHourglass"],"picked":"Busted Crown"},{"not_picked":["Pandora\u0027s Box","ReplayTheSpireMod:SealedPack"],"picked":"Calling Bell"}],"items_purged_floors":[30,38,42,42],"is_endless":false,"potions_floor_spawned":[6,8,10,19,22,25,27,35,36,37,44],"ascension_level":0}}