{"host":"r6ixdbpnwahtqyu3","time":1610589809,"event":{"mods":["BaseMod","CapriCore","Colored Map","Friendly Minions","Koishi","Marisa（霧雨　魔理沙）","Minty Spire (QoL Compilation)","Remilia（蕾米莉?）","StSLib","The Immortal","The Servant 0.9.4"],"gold_per_floor":[109,123,142,153,170,170,504,454,454,480,480,513,523,540,540,639,639,656,656,33,36,306,306,306,306],"floor_reached":24,"language":"ENG","playtime":1171,"items_purged":["Koishi:SubconsciousSweep+1"],"score":305,"play_id":"a823f44b-4d04-477a-92e1-fbc058361536","local_time":"20210113210329","is_ascension_mode":true,"campfire_choices":[{"data":"Koishi:SprinkleStarAndHeart","floor":6,"key":"SMITH"},{"floor":11,"key":"REST"},{"floor":15,"key":"REST"},{"data":"Koishi:Untouchable","floor":23,"key":"SMITH"}],"circlet_count":0,"master_deck":["Koishi:BasicStrike","Koishi:BasicDefend","Koishi:BasicDefend","Koishi:BasicDefend","Koishi:Provoke","Koishi:HauntingSlash","Koishi:CatchAndRose","Koishi:SprinkleStarAndHeart+1","Koishi:TremblingHands","Koishi:RacingHeart","Koishi:UnseenTerror","Koishi:JumpScare","Koishi:GrowingPain","Koishi:ImGoingToCallYouNow+1","Koishi:Bloodlust+1","Koishi:Untouchable+1","Koishi:MindNumbingTerror"],"relics":["Koishi:ImaginaryFriend","NeowsBlessing","Old Coin","Regal Pillow","Dream Catcher","InkBottle","Astrolabe","Thread and Needle","Calipers","Medical Kit"],"acts_visited":["Exordium","TheCity"],"potions_floor_usage":[7,7,21],"damage_taken":[{"damage":0,"enemies":"Cultist","floor":1,"turns":1},{"damage":0,"enemies":"Jaw Worm","floor":2,"turns":1},{"damage":0,"enemies":"2 Louse","floor":3,"turns":2},{"damage":7,"enemies":"Red Slaver","floor":4,"turns":5},{"damage":4,"enemies":"Looter","floor":5,"turns":4},{"damage":30,"enemies":"3 Sentries","floor":7,"turns":9},{"damage":21,"enemies":"Lagavulin","floor":10,"turns":9},{"damage":26,"enemies":"3 Sentries","floor":12,"turns":12},{"damage":14,"enemies":"Lots of Slimes","floor":13,"turns":6},{"damage":12,"enemies":"Exordium Thugs","floor":14,"turns":5},{"damage":26,"enemies":"The Guardian","floor":16,"turns":13},{"damage":9,"enemies":"Chosen","floor":18,"turns":6},{"damage":19,"enemies":"2 Thieves","floor":21,"turns":6},{"damage":33,"enemies":"Book of Stabbing","floor":24,"turns":4}],"seed_played":"-6828658274266162560","potions_obtained":[{"floor":2,"key":"Explosive Potion"},{"floor":5,"key":"Regen Potion"},{"floor":12,"key":"SneckoOil"},{"floor":14,"key":"Strength Potion"},{"floor":16,"key":"Block Potion"}],"is_trial":false,"path_per_floor":["M","M","M","M","M","R","E","?","T","E","R","E","M","M","R","B",null,"M","?","$","M","?","R","E"],"character_chosen":"KOISHI","items_purchased":["Koishi:Untouchable","Calipers","Medical Kit","Koishi:MindNumbingTerror"],"campfire_rested":2,"item_purchase_floors":[20,20,20,20],"current_hp_per_floor":[54,54,54,48,45,45,33,33,33,16,49,29,17,9,42,28,52,60,60,60,60,33,33,0,0],"gold":306,"neow_bonus":"THREE_ENEMY_KILL","is_daily":false,"chose_seed":false,"campfire_upgraded":2,"win_rate":0.0,"timestamp":1610589809,"path_taken":["M","M","M","?","M","R","E","?","T","E","R","E","M","M","R","BOSS","M","?","$","?","?","R","E"],"items_purchased_type":["Card","Relic","Relic","Card"],"build_version":"2020-12-22","purchased_purges":1,"victory":false,"max_hp_per_floor":[60,60,60,60,60,60,60,60,60,60,60,60,60,60,60,60,60,60,60,60,60,60,60,60,60],"card_choices":[{"not_picked":["Koishi:Bloodlust","Koishi:ReflexRadar"],"picked":"Koishi:CatchAndRose","floor":1},{"not_picked":["Koishi:SubterraneanRose","Koishi:FleetingPhantom","Koishi:CatchAndRose"],"picked":"SKIP","floor":2},{"not_picked":["Koishi:FidgetySnatcher","Koishi:JumpScare"],"picked":"Koishi:SprinkleStarAndHeart","floor":3},{"not_picked":["Koishi:ReflexRadar","Koishi:SubconsciousSweep","Koishi:UnconsciousUprising"],"picked":"SKIP","floor":4},{"not_picked":["Koishi:FleetingPhantom","Koishi:FreudianInstinct","Koishi:EmbryosDream"],"picked":"SKIP","floor":5},{"not_picked":["Koishi:Jaunt","Koishi:SubterraneanRose"],"picked":"Koishi:TremblingHands","floor":7},{"not_picked":["Koishi:PhantomStrike","Koishi:ConfinedInnocent","Koishi:SpiritedAway"],"picked":"SKIP","floor":10},{"not_picked":["Koishi:MindNumbingTerror","Koishi:DreadfulBlow"],"picked":"Koishi:RacingHeart","floor":11},{"not_picked":["Koishi:Whimsy","Koishi:SpiritedAway","Koishi:GeneticsOfTheUnconscious"],"picked":"SKIP","floor":12},{"not_picked":["Koishi:UnansweredLove","Koishi:SubterraneanRose"],"picked":"Koishi:UnseenTerror","floor":13},{"not_picked":["Koishi:RacingHeart","Koishi:SubconsciousSweep","Koishi:SubterraneanRose"],"picked":"SKIP","floor":14},{"not_picked":["Koishi:Whimsy","Koishi:SubconsciousSweep"],"picked":"Koishi:JumpScare","floor":15},{"not_picked":["Koishi:FormlessExistence","Koishi:PerfectMindControl"],"picked":"Koishi:GrowingPain","floor":16},{"not_picked":["Koishi:PhantomBarrier","Koishi:UnseenTerror+1","Koishi:CatchAndRose+1"],"picked":"SKIP","floor":18},{"not_picked":["Koishi:BloodcurdlingScream+1","Koishi:ReflexRadar+1","Koishi:Bloodlust"],"picked":"SKIP","floor":21}],"player_experience":387243,"relics_obtained":[{"floor":7,"key":"Old Coin"},{"floor":9,"key":"Regal Pillow"},{"floor":10,"key":"Dream Catcher"},{"floor":12,"key":"InkBottle"}],"event_choices":[{"cards_removed":["Koishi:BasicStrike"],"damage_healed":0,"gold_gain":0,"player_choice":"Card Removal","damage_taken":0,"max_hp_gain":0,"max_hp_loss":0,"event_name":"The Cleric","floor":8,"gold_loss":50},{"damage_healed":0,"gold_gain":0,"player_choice":"Gave Potion","damage_taken":0,"relics_obtained":["Thread and Needle"],"max_hp_gain":0,"max_hp_loss":0,"event_name":"WeMeetAgain","floor":19,"gold_loss":0},{"damage_healed":0,"gold_gain":270,"player_choice":"GOLD GOLD GOLD ","damage_taken":27,"max_hp_gain":0,"max_hp_loss":0,"event_name":"Knowing Skull","floor":22,"potions_obtained":[],"gold_loss":0,"cards_obtained":[]}],"is_beta":false,"boss_relics":[{"not_picked":["Runic Dome","Cursed Key"],"picked":"Astrolabe"}],"items_purged_floors":[20],"is_endless":false,"potions_floor_spawned":[2,5,12,14,16],"killed_by":"Book of Stabbing","ascension_level":8}}