{"host":"3a1ypf1irl30q4k8","time":1610649336,"event":{"mods":["AchievementEnabler","BaseMod","Bestiary","Colored Map","Minty Spire (QoL Compilation)","Relic Stats"],"gold_per_floor":[119,138,154,167,267,267,278,278,278,292,304,338,338,370,370,465,465,483,483,483,132,164,164,195,213,213,213,224,240,272,283,283,386,386,396,407,407,427,427,462,462,488,488,503,503,522,522,557,569,581,581],"floor_reached":50,"language":"ENG","playtime":2794,"items_purged":["Strike_P"],"score":750,"play_id":"d1c2552d-27f3-47b7-a0de-62ec9ea1a988","local_time":"20210114183536","is_ascension_mode":true,"campfire_choices":[{"data":"BattleHymn","floor":6,"key":"SMITH"},{"data":"Eruption","floor":8,"key":"SMITH"},{"floor":13,"key":"REST"},{"floor":15,"key":"REST"},{"data":"Fasting2","floor":23,"key":"SMITH"},{"data":"Vault","floor":27,"key":"SMITH"},{"floor":32,"key":"REST"},{"floor":41,"key":"REST"},{"floor":47,"key":"REST"},{"floor":49,"key":"RECALL"}],"circlet_count":0,"master_deck":["Eruption+1","Vigilance+1","FollowUp","BattleHymn+1","CutThroughFate","Conclude","Vault+1","BowlingBash+1","SandsOfTime","Crescendo","Fasting2+1","DeusExMachina","RitualDagger","Adaptation","Sanctity","Tantrum","Wallop+1","TalkToTheHand","ThirdEye","EmptyBody","LessonLearned","EmptyMind","TalkToTheHand","WaveOfTheHand","FearNoEvil","LikeWater","Evaluate","FlurryOfBlows+1","WreathOfFlame+1","ClearTheMind+1","Worship+1","ThirdEye"],"relics":["PureWater","Bronze Scales","Damaru","Question Card","Velvet Choker","MealTicket","Vajra","Red Mask","Regal Pillow","Strawberry","Juzu Bracelet","Pandora\u0027s Box","Pantograph","Bag of Marbles","MawBank"],"acts_visited":["Exordium","TheCity","TheBeyond"],"potions_floor_usage":[10,14,24,25,28,31,31,36,42,48,48],"damage_taken":[{"damage":5,"enemies":"Small Slimes","floor":1,"turns":3},{"damage":2,"enemies":"Cultist","floor":2,"turns":3},{"damage":2,"enemies":"Jaw Worm","floor":3,"turns":3},{"damage":4,"enemies":"Looter","floor":4,"turns":3},{"damage":0,"enemies":"Large Slime","floor":7,"turns":4},{"damage":10,"enemies":"Lots of Slimes","floor":10,"turns":3},{"damage":0,"enemies":"3 Louse","floor":11,"turns":2},{"damage":36,"enemies":"Lagavulin","floor":12,"turns":3},{"damage":0,"enemies":"Gremlin Nob","floor":14,"turns":2},{"damage":0,"enemies":"Slime Boss","floor":16,"turns":4},{"damage":1,"enemies":"3 Byrds","floor":18,"turns":3},{"damage":0,"enemies":"Masked Bandits","floor":22,"turns":2},{"damage":18,"enemies":"Book of Stabbing","floor":24,"turns":2},{"damage":1,"enemies":"Spheric Guardian","floor":25,"turns":3},{"damage":24,"enemies":"Snake Plant","floor":28,"turns":3},{"damage":6,"enemies":"Shelled Parasite and Fungi","floor":29,"turns":2},{"damage":15,"enemies":"Gremlin Leader","floor":30,"turns":4},{"damage":11,"enemies":"3 Cultists","floor":31,"turns":4},{"damage":16,"enemies":"Automaton","floor":33,"turns":7},{"damage":0,"enemies":"3 Shapes","floor":35,"turns":2},{"damage":27,"enemies":"3 Darklings","floor":36,"turns":4},{"damage":4,"enemies":"Writhing Mass","floor":38,"turns":5},{"damage":20,"enemies":"Reptomancer","floor":40,"turns":6},{"damage":5,"enemies":"Giant Head","floor":42,"turns":7},{"damage":38,"enemies":"Transient","floor":44,"turns":6},{"damage":0,"enemies":"3 Darklings","floor":46,"turns":4},{"damage":13,"enemies":"Reptomancer","floor":48,"turns":3},{"damage":94,"enemies":"Time Eater","floor":50,"turns":7}],"seed_played":"6967334605104845818","potions_obtained":[{"floor":1,"key":"Fruit Juice"},{"floor":4,"key":"LiquidMemories"},{"floor":10,"key":"Strength Potion"},{"floor":11,"key":"BlessingOfTheForge"},{"floor":16,"key":"FearPotion"},{"floor":18,"key":"LiquidBronze"},{"floor":24,"key":"StancePotion"},{"floor":29,"key":"ColorlessPotion"},{"floor":33,"key":"DistilledChaos"},{"floor":35,"key":"GamblersBrew"},{"floor":40,"key":"Regen Potion"},{"floor":44,"key":"DuplicationPotion"}],"is_trial":false,"path_per_floor":["M","M","M","M","?","R","M","R","T","M","M","E","R","E","R","B",null,"M","?","?","$","?","R","E","M","T","R","M","M","E","M","R","B",null,"M","M","?","M","?","E","R","E","T","M","?","M","R","E","R","B"],"character_chosen":"WATCHER","items_purchased":["Vajra","Adaptation","Sanctity"],"campfire_rested":5,"item_purchase_floors":[21,21,21],"current_hp_per_floor":[60,58,56,52,52,52,52,52,52,42,42,6,31,31,56,56,86,85,85,79,86,86,86,68,67,74,74,50,44,29,23,67,51,98,98,71,71,67,67,47,89,84,84,46,46,46,88,80,80,0,0],"gold":581,"neow_bonus":"TWENTY_PERCENT_HP_BONUS","is_daily":false,"chose_seed":false,"campfire_upgraded":4,"win_rate":0.0,"timestamp":1610649336,"path_taken":["M","M","M","M","?","R","M","R","T","?","M","E","R","E","R","BOSS","M","?","?","$","?","R","E","M","T","R","M","M","E","M","R","BOSS","M","M","?","M","?","E","R","E","T","M","?","M","R","E","R","BOSS"],"items_purchased_type":["Relic","Card","Card"],"build_version":"2020-12-22","purchased_purges":1,"victory":false,"max_hp_per_floor":[86,86,86,86,86,86,86,86,86,86,86,86,86,86,86,86,86,86,86,86,86,86,86,86,86,93,93,93,93,93,98,98,98,98,98,98,93,93,93,93,93,93,93,93,93,93,93,93,93,93,93],"relic_stats":{"Regal Pillow":45,"counters":[28,104],"Bronze Scales":[190],"Pantograph":13,"MealTicket":7,"Pandora\u0027s Box":["EmptyMind","Perseverance","TalkToTheHand","WaveOfTheHand","LessonLearned","FearNoEvil","LikeWater"],"Juzu Bracelet":0,"Question Card":18,"MawBank":24,"obtain_stats":[{"Regal Pillow":24,"Damaru":12,"Velvet Choker":17,"Vajra":21,"Juzu Bracelet":30,"Question Card":14,"MawBank":48,"Bronze Scales":9,"Strawberry":26,"Pantograph":40,"MealTicket":19,"Pandora\u0027s Box":34,"Red Mask":22,"Bag of Marbles":42,"PureWater":0},{"Regal Pillow":13,"Damaru":8,"Velvet Choker":10,"Vajra":11,"Juzu Bracelet":17,"Question Card":9,"MawBank":27,"Bronze Scales":5,"Strawberry":14,"Pantograph":23,"MealTicket":11,"Pandora\u0027s Box":19,"Red Mask":12,"Bag of Marbles":24,"PureWater":0},{"Regal Pillow":37,"Damaru":24,"Velvet Choker":30,"Vajra":33,"Juzu Bracelet":49,"Question Card":26,"MawBank":97,"Bronze Scales":16,"Strawberry":40,"Pantograph":77,"MealTicket":33,"Pandora\u0027s Box":60,"Red Mask":35,"Bag of Marbles":84,"PureWater":0}]},"card_choices":[{"not_picked":["Collect","Prostrate"],"picked":"FollowUp","floor":1},{"not_picked":["EmptyMind","ClearTheMind"],"picked":"BattleHymn","floor":2},{"not_picked":["Adaptation","FlurryOfBlows"],"picked":"CutThroughFate","floor":3},{"not_picked":["BowlingBash","FearNoEvil"],"picked":"Conclude","floor":4},{"not_picked":["SignatureMove","EmptyFist"],"picked":"Vault","floor":7},{"not_picked":["EmptyFist","CrushJoints"],"picked":"BowlingBash","floor":10},{"not_picked":["Consecrate","BowlingBash"],"picked":"SandsOfTime","floor":11},{"not_picked":["Consecrate","JustLucky"],"picked":"Crescendo","floor":12},{"not_picked":["Consecrate","JustLucky"],"picked":"Fasting2","floor":14},{"not_picked":["Blasphemy","Judgement","Alpha"],"picked":"DeusExMachina","floor":16},{"not_picked":["CarveReality","FlyingSleeves","Consecrate","ReachHeaven"],"picked":"SKIP","floor":18},{"not_picked":["Prostrate","FollowUp+1","JustLucky+1"],"picked":"Tantrum","floor":22},{"not_picked":["Scrawl","SashWhip+1","Study"],"picked":"Wallop+1","floor":24},{"not_picked":["Nirvana","JustLucky+1","Crescendo+1","Fasting2"],"picked":"SKIP","floor":25},{"not_picked":["WaveOfTheHand","Indignation","EmptyBody"],"picked":"TalkToTheHand","floor":28},{"not_picked":["FlurryOfBlows","CrushJoints","SashWhip"],"picked":"ThirdEye","floor":29},{"not_picked":["EmptyFist","Evaluate","FlurryOfBlows+1"],"picked":"EmptyBody","floor":30},{"not_picked":["CrushJoints","BowlingBash+1","BattleHymn","CutThroughFate+1"],"picked":"SKIP","floor":31},{"not_picked":["Blasphemy","Devotion","Omniscience"],"picked":"LessonLearned","floor":33},{"not_picked":["FlurryOfBlows","FollowUp","Conclude"],"picked":"Evaluate","floor":35},{"not_picked":["FlyingSleeves+1","Worship","BowlingBash+1","PathToVictory+1"],"picked":"SKIP","floor":36},{"not_picked":["Collect+1","Sanctity+1","CrushJoints"],"picked":"FlurryOfBlows+1","floor":38},{"not_picked":["BowlingBash","CutThroughFate+1","WaveOfTheHand","ConjureBlade"],"picked":"SKIP","floor":40},{"not_picked":["SashWhip","InnerPeace+1","PathToVictory+1"],"picked":"WreathOfFlame+1","floor":42},{"not_picked":["FlurryOfBlows","FlyingSleeves+1","CutThroughFate+1"],"picked":"ClearTheMind+1","floor":44},{"not_picked":["BowlingBash","InnerPeace","FearNoEvil"],"picked":"Worship+1","floor":46},{"not_picked":["DeceiveReality","EmptyBody","Conclude+1"],"picked":"ThirdEye","floor":48}],"player_experience":1063805,"relics_obtained":[{"floor":9,"key":"Bronze Scales"},{"floor":12,"key":"Damaru"},{"floor":14,"key":"Question Card"},{"floor":22,"key":"Red Mask"},{"floor":24,"key":"Regal Pillow"},{"floor":26,"key":"Strawberry"},{"floor":30,"key":"Juzu Bracelet"},{"floor":40,"key":"Pantograph"},{"floor":42,"key":"Bag of Marbles"},{"floor":48,"key":"MawBank"}],"event_choices":[{"damage_healed":0,"gold_gain":100,"player_choice":"Gold","damage_taken":0,"max_hp_gain":0,"max_hp_loss":0,"event_name":"Wheel of Change","floor":5,"gold_loss":0},{"damage_healed":0,"gold_gain":0,"player_choice":"Opened","damage_taken":0,"relics_obtained":["MealTicket"],"max_hp_gain":0,"max_hp_loss":0,"event_name":"The Mausoleum","floor":19,"gold_loss":0},{"damage_healed":0,"gold_gain":0,"player_choice":"Joined the Cult","damage_taken":6,"max_hp_gain":0,"max_hp_loss":0,"event_name":"Nest","floor":20,"gold_loss":0,"cards_obtained":["RitualDagger"]},{"damage_healed":0,"gold_gain":0,"player_choice":"Fought Bandits","damage_taken":0,"max_hp_gain":0,"max_hp_loss":0,"event_name":"Masked Bandits","floor":22,"gold_loss":0},{"damage_healed":0,"gold_gain":0,"player_choice":"Max HP","damage_taken":0,"max_hp_gain":0,"max_hp_loss":5,"event_name":"Winding Halls","floor":37,"gold_loss":0},{"cards_removed":["LessonLearned"],"damage_healed":0,"gold_gain":0,"player_choice":"Removed Attack","damage_taken":0,"max_hp_gain":0,"max_hp_loss":0,"event_name":"Falling","floor":39,"gold_loss":0},{"cards_removed":["Perseverance"],"damage_healed":0,"gold_gain":0,"player_choice":"Purged","damage_taken":0,"max_hp_gain":0,"max_hp_loss":0,"event_name":"Purifier","floor":45,"gold_loss":0}],"is_beta":false,"boss_relics":[{"not_picked":["Empty Cage","Ectoplasm"],"picked":"Velvet Choker"},{"not_picked":["Runic Dome","Sozu"],"picked":"Pandora\u0027s Box"}],"items_purged_floors":[21],"is_endless":false,"potions_floor_spawned":[1,4,10,11,16,18,24,29,33,35,40,44],"killed_by":"Time Eater","ascension_level":2}}