{"host":"ibonnlq6s1c814xj","time":1610597252,"event":{"mods":["BaseMod","Good Game Mod","Minty Spire (QoL Compilation)","StSLib","【功能Mod】聪明的最终Boss"],"gold_per_floor":[117,132,147,147,167,167,242,256,281,43,63,74,109,121,121,222,222,187,204,204,204,204,204],"floor_reached":22,"language":"ZHS","playtime":1550,"items_purged":["Strike_G"],"score":200,"play_id":"6af50cb0-4981-4734-9736-69fb36a05f1a","local_time":"20210114120732","is_ascension_mode":true,"campfire_choices":[{"data":"After Image","floor":6,"key":"SMITH"},{"floor":15,"key":"REST"}],"circlet_count":0,"master_deck":["Strike_G","Strike_G","Strike_G","Strike_G","Defend_G","Defend_G","Defend_G+1","Defend_G+1","Defend_G","Survivor","Neutralize","Berserk","Deadly Poison","After Image+1","Footwork","Escape Plan","Deflect","Poisoned Stab","Prepared","Outmaneuver","Escape Plan","Deadly Poison"],"relics":["Ring of the Snake","REME:ComplimentaryCards","War Paint","Omamori","MealTicket","Bronze Scales","Black Star"],"acts_visited":["Exordium","TheCity"],"potions_floor_usage":[16,16,16],"damage_taken":[{"damage":0,"enemies":"2 Louse","floor":1,"turns":4},{"damage":0,"enemies":"Jaw Worm","floor":2,"turns":7},{"damage":0,"enemies":"Cultist","floor":3,"turns":4},{"damage":0,"enemies":"3 Louse","floor":5,"turns":5},{"damage":0,"enemies":"Gremlin Gang","floor":8,"turns":8},{"damage":1,"enemies":"Looter","floor":11,"turns":4},{"damage":3,"enemies":"Blue Slaver","floor":12,"turns":4},{"damage":30,"enemies":"Gremlin Nob","floor":13,"turns":6},{"damage":4,"enemies":"Red Slaver","floor":14,"turns":4},{"damage":41,"enemies":"Slime Boss","floor":16,"turns":11},{"damage":35,"enemies":"2 Thieves","floor":18,"turns":5},{"damage":13,"enemies":"3 Byrds","floor":19,"turns":4},{"damage":34,"enemies":"Sentry and Sphere","floor":22,"turns":7}],"seed_played":"9180278683330002956","potions_obtained":[{"floor":2,"key":"AttackPotion"},{"floor":12,"key":"CultistPotion"},{"floor":13,"key":"Fire Potion"},{"floor":14,"key":"SteroidPotion"},{"floor":19,"key":"FairyPotion"}],"is_trial":false,"path_per_floor":["M","M","M","?","M","R","?","M","T","$","M","M","E","M","R","B",null,"M","M","?","?","M"],"character_chosen":"THE_SILENT","items_purchased":["Footwork","Escape Plan","Deflect"],"campfire_rested":1,"item_purchase_floors":[10,10,10],"current_hp_per_floor":[70,70,70,58,58,58,47,47,47,62,61,58,28,24,45,4,70,35,22,9,9,0,0],"gold":204,"neow_bonus":"RANDOM_COMMON_RELIC","is_daily":false,"chose_seed":false,"campfire_upgraded":1,"win_rate":0.0,"timestamp":1610597252,"path_taken":["M","M","M","?","M","R","?","M","T","$","M","M","E","M","R","BOSS","M","M","?","?","M"],"items_purchased_type":["Card","Card","Card"],"build_version":"2020-12-22","purchased_purges":1,"victory":false,"max_hp_per_floor":[70,70,70,70,70,70,70,70,70,70,70,70,70,70,70,70,70,70,70,75,75,75,75],"card_choices":[{"not_picked":["Quick Slash","Riddle With Holes","Underhanded Strike"],"picked":"SKIP","floor":1},{"not_picked":["Quick Slash","Poisoned Stab"],"picked":"Deadly Poison","floor":2},{"not_picked":["Heel Hook","Deadly Poison"],"picked":"After Image","floor":3},{"not_picked":["Underhanded Strike","Finisher","Blade Dance"],"picked":"SKIP","floor":5},{"not_picked":["Slice","Endless Agony","Heel Hook"],"picked":"SKIP","floor":8},{"not_picked":["Eviscerate","Quick Slash"],"picked":"Poisoned Stab","floor":11},{"not_picked":["Cloak And Dagger","Blade Dance","PiercingWail"],"picked":"SKIP","floor":12},{"not_picked":["Bane","Eviscerate"],"picked":"Prepared","floor":13},{"not_picked":["Dodge and Roll","PiercingWail","Eviscerate"],"picked":"SKIP","floor":14},{"not_picked":["Expertise+1","Deflect+1"],"picked":"Outmaneuver","floor":18},{"not_picked":["Tactician","Deflect"],"picked":"Escape Plan","floor":19}],"player_experience":188546,"relics_obtained":[{"floor":9,"key":"MealTicket"},{"floor":13,"key":"Bronze Scales"}],"event_choices":[{"damage_healed":0,"gold_gain":0,"player_choice":"Success","damage_taken":12,"relics_obtained":["Omamori"],"max_hp_gain":0,"max_hp_loss":0,"event_name":"Scrap Ooze","floor":4,"gold_loss":0},{"damage_healed":0,"gold_gain":75,"player_choice":"Gather Gold","damage_taken":11,"max_hp_gain":0,"max_hp_loss":0,"event_name":"World of Goop","floor":7,"gold_loss":0},{"damage_healed":0,"gold_gain":0,"player_choice":"Shed Blood","damage_taken":18,"max_hp_gain":5,"max_hp_loss":0,"event_name":"Forgotten Altar","floor":20,"gold_loss":0},{"damage_healed":0,"gold_gain":0,"player_choice":"Copied","damage_taken":0,"max_hp_gain":0,"max_hp_loss":0,"event_name":"Duplicator","floor":21,"gold_loss":0,"cards_obtained":["Deadly Poison"]}],"is_beta":false,"boss_relics":[{"not_picked":["Ectoplasm","SacredBark"],"picked":"Black Star"}],"items_purged_floors":[10],"is_endless":false,"potions_floor_spawned":[2,12,13,14,19],"killed_by":"Sentry and Sphere","ascension_level":1}}