{"host":"4nqeo0vu1vuav7gg","time":1610651954,"event":{"mods":["AchievementEnabler","BaseMod","Block Reminder","Colored Map","Colored Powertips","Highlight Path","Minty Spire (QoL Compilation)","Quick Restart","Rare Cards Sparkle","Relic Relevance Reorder","StSLib"],"gold_per_floor":[115,80,24,24,104,129,129,159,159,175,9,0,34,52,52,126,126,137,137,137,137],"floor_reached":20,"language":"ENG","playtime":712,"items_purged":["Strike_B"],"score":367,"play_id":"141a4138-674b-4972-9809-003bdab57058","local_time":"20210114201914","is_ascension_mode":true,"campfire_choices":[{"data":"Gash","floor":7.0,"key":"SMITH"},{"data":"Gash","floor":15,"key":"SMITH"}],"circlet_count":0,"master_deck":["AscendersBane","Zap","Dualcast","Gash+1","Ball Lightning","White Noise","Gash+1","Capacitor","Seek","Barrage","Self Repair","Doom and Gloom","Fission","Recycle","Recycle","Beam Cell","Reprogram","Defragment","Consume","Seek","Go for the Eyes"],"relics":["Shuriken","InkBottle","Coffee Dripper","Mercury Hourglass","Bronze Scales","The Courier","Eternal Feather","Pandora\u0027s Box"],"acts_visited":["Exordium","TheCity"],"potions_floor_usage":[13,14,16],"damage_taken":[{"damage":2.0,"enemies":"Jaw Worm","floor":1.0,"turns":3.0},{"damage":20.0,"enemies":"Lagavulin","floor":6.0,"turns":7.0},{"damage":11.0,"enemies":"Gremlin Nob","floor":8.0,"turns":3.0},{"damage":0.0,"enemies":"2 Louse","floor":10.0,"turns":1.0},{"damage":20,"enemies":"3 Sentries","floor":13,"turns":5},{"damage":0,"enemies":"Small Slimes","floor":14,"turns":2},{"damage":12,"enemies":"Hexaghost","floor":16,"turns":5},{"damage":30,"enemies":"Chosen","floor":18,"turns":4},{"damage":33,"enemies":"Masked Bandits","floor":20,"turns":2}],"seed_played":"7993911810817697804","potions_obtained":[{"floor":6.0,"key":"EntropicBrew"},{"floor":13,"key":"DistilledChaos"},{"floor":14,"key":"PowerPotion"}],"is_trial":false,"path_per_floor":["M","?","$","?","T","E","R","E","T","M","$","?","E","M","R","B",null,"M","?","?"],"character_chosen":"DEFECT","items_purchased":["Ball Lightning","Seek","Barrage"],"campfire_rested":0,"item_purchase_floors":[3,11,11],"current_hp_per_floor":[62,71,71,53,53,33,33,22,22,22,22,22,2,9,18,6,55,32,32,0,0],"gold":137,"neow_bonus":"BOSS_RELIC","is_daily":false,"chose_seed":false,"campfire_upgraded":2,"win_rate":0.0,"timestamp":1610651954,"path_taken":["M","?","$","?","?","E","R","E","T","M","$","?","E","?","R","BOSS","M","?","?"],"items_purchased_type":["Card","Card","Card"],"build_version":"2020-12-22","purchased_purges":1,"victory":false,"max_hp_per_floor":[71,71,71,71,71,71,71,71,71,71,71,71,71,71,71,71,71,71,71,71,71],"card_choices":[{"not_picked":["Redo","Hologram"],"picked":"Gash","floor":1.0},{"not_picked":["Fusion","Turbo"],"picked":"White Noise","floor":6.0},{"not_picked":["Scrape","Cold Snap"],"picked":"Gash","floor":8.0},{"not_picked":["Darkness","Rebound"],"picked":"Capacitor","floor":10.0},{"not_picked":["Go for the Eyes","Meteor Strike"],"picked":"Self Repair","floor":13},{"not_picked":["Go for the Eyes","Skim"],"picked":"Doom and Gloom","floor":14},{"not_picked":["Core Surge","Seek"],"picked":"Fission","floor":16},{"not_picked":["Stack","Consume"],"picked":"Go for the Eyes","floor":18}],"player_experience":1059808,"relics_obtained":[{"floor":5.0,"key":"The Courier"},{"floor":6.0,"key":"Shuriken"},{"floor":8.0,"key":"Eternal Feather"},{"floor":9.0,"key":"InkBottle"},{"floor":13,"key":"Bronze Scales"}],"event_choices":[{"damage_healed":17.0,"max_hp_gain":0.0,"max_hp_loss":0.0,"gold_gain":0.0,"event_name":"The Cleric","player_choice":"Healed","floor":2.0,"gold_loss":35.0,"damage_taken":0.0},{"damage_healed":0.0,"max_hp_gain":0.0,"max_hp_loss":0.0,"gold_gain":0.0,"event_name":"Scrap Ooze","player_choice":"Success","floor":4.0,"gold_loss":0.0,"damage_taken":18.0,"relics_obtained":["Mercury Hourglass"]},{"damage_healed":0.0,"max_hp_gain":0.0,"max_hp_loss":0.0,"gold_gain":0.0,"event_name":"World of Goop","player_choice":"Left Gold","floor":12.0,"gold_loss":9.0,"damage_taken":0.0},{"damage_healed":0,"gold_gain":0,"player_choice":"Ignored","damage_taken":0,"max_hp_gain":0,"max_hp_loss":0,"event_name":"Ghosts","floor":19,"gold_loss":0},{"damage_healed":0,"gold_gain":0,"player_choice":"Fought Bandits","damage_taken":0,"max_hp_gain":0,"max_hp_loss":0,"event_name":"Masked Bandits","floor":20,"gold_loss":0}],"is_beta":false,"boss_relics":[{"not_picked":["Cursed Key","Nuclear Battery"],"picked":"Pandora\u0027s Box"}],"items_purged_floors":[11],"is_endless":false,"potions_floor_spawned":[6,8,13,14],"killed_by":"Masked Bandits","ascension_level":19}}