{"host":"p6y17sixyu8q9v1f","time":1610617457,"event":{"mods":["BaseMod","Colored Map","Minty Spire (QoL Compilation)"],"gold_per_floor":[116,134,134,309,226,258,276,276,276,309,326,344,113,127,127,127,127],"floor_reached":16,"language":"ENG","playtime":989,"items_purged":["Doubt"],"score":171,"play_id":"987f28fe-a7b7-4963-b760-87334687b4b4","local_time":"20210114034417","is_ascension_mode":true,"campfire_choices":[{"floor":8,"key":"REST"},{"data":"Buffer","floor":15,"key":"SMITH"}],"circlet_count":0,"master_deck":["Strike_B","Strike_B","Defend_B","Defend_B","Defend_B","Defend_B","Zap","Dualcast","Streamline","Rebound","Buffer+1","Auto Shields","Cold Snap","Conserve Battery","Reprogram","Hologram"],"relics":["Cracked Core","StrikeDummy","Potion Belt","Mercury Hourglass","White Beast Statue","Oddly Smooth Stone"],"acts_visited":["Exordium"],"potions_floor_usage":[6,10,10,12,16],"damage_taken":[{"damage":10,"enemies":"Cultist","floor":1,"turns":4},{"damage":7,"enemies":"Jaw Worm","floor":2,"turns":3},{"damage":35,"enemies":"3 Sentries","floor":6,"turns":8},{"damage":0,"enemies":"2 Louse","floor":7,"turns":1},{"damage":0,"enemies":"Gremlin Nob","floor":10,"turns":4},{"damage":0,"enemies":"Large Slime","floor":11,"turns":3},{"damage":4,"enemies":"Gremlin Gang","floor":12,"turns":4},{"damage":0,"enemies":"Looter","floor":14,"turns":3},{"damage":41,"enemies":"Hexaghost","floor":16,"turns":10}],"seed_played":"-2574403423628739867","potions_obtained":[{"floor":1,"key":"ColorlessPotion"},{"floor":6,"key":"Strength Potion"},{"floor":7,"key":"Energy Potion"},{"floor":10,"key":"GamblersBrew"},{"floor":11,"key":"SkillPotion"},{"floor":12,"key":"Dexterity Potion"},{"floor":14,"key":"SteroidPotion"}],"is_trial":false,"path_per_floor":["M","M","?","?","?","E","M","R","T","E","M","M","$","M","R","B"],"character_chosen":"DEFECT","items_purchased":["Oddly Smooth Stone"],"campfire_rested":1,"item_purchase_floors":[13],"current_hp_per_floor":[65,58,51,51,51,16,16,38,38,38,38,34,34,34,34,0,0],"gold":127,"neow_bonus":"REMOVE_CARD","is_daily":false,"chose_seed":false,"campfire_upgraded":1,"win_rate":0.0,"timestamp":1610617457,"path_taken":["M","?","?","?","?","E","?","R","T","E","M","M","$","M","R","BOSS"],"items_purchased_type":["Relic"],"build_version":"2020-12-22","purchased_purges":1,"victory":false,"max_hp_per_floor":[75,75,75,75,75,75,75,75,75,75,75,75,75,75,75,75,75],"card_choices":[{"not_picked":["Darkness","Redo"],"picked":"Streamline","floor":1},{"not_picked":["Aggregate","Redo"],"picked":"Rebound","floor":2},{"not_picked":["Hologram","Ball Lightning"],"picked":"Buffer","floor":6},{"not_picked":["Doom and Gloom","Leap"],"picked":"Auto Shields","floor":7},{"not_picked":["Double Energy","Coolheaded"],"picked":"Cold Snap","floor":10},{"not_picked":["Steam","Rebound"],"picked":"Conserve Battery","floor":11},{"not_picked":["Genetic Algorithm","Capacitor"],"picked":"Reprogram","floor":12},{"not_picked":["Leap","Double Energy"],"picked":"Hologram","floor":14}],"player_experience":1067426,"relics_obtained":[{"floor":6,"key":"Potion Belt"},{"floor":9,"key":"Mercury Hourglass"},{"floor":10,"key":"White Beast Statue"}],"event_choices":[{"cards_removed":["Strike_B"],"damage_healed":0,"gold_gain":0,"player_choice":"Card Removal","damage_taken":7,"max_hp_gain":0,"max_hp_loss":0,"event_name":"Golden Wing","floor":3,"gold_loss":0},{"damage_healed":0,"gold_gain":175,"player_choice":"AGREE","damage_taken":0,"max_hp_gain":0,"max_hp_loss":0,"event_name":"Liars Game","floor":4,"gold_loss":0,"cards_obtained":["Doubt"]},{"damage_healed":0,"gold_gain":0,"player_choice":"Paid Gold","damage_taken":0,"relics_obtained":["StrikeDummy"],"max_hp_gain":0,"max_hp_loss":0,"event_name":"WeMeetAgain","floor":5,"gold_loss":83}],"is_beta":false,"boss_relics":[],"items_purged_floors":[13],"is_endless":false,"potions_floor_spawned":[1,6,7,10,11,12,14],"killed_by":"Hexaghost","ascension_level":5}}