{"host":"qtghpvxzmfg9vxeq","time":1610647830,"event":{"mods":["BaseMod","BetterRewards","Hermit","Marisa（霧雨　魔理沙）","Minty Spire (QoL Compilation)","Rare Cards Sparkle","Robot Space Explorer","StSLib","The Animator","The Construct","The Cursed","The Dragon Tamer","The Marked","The Necromancer","The Servant 0.9.4"],"gold_per_floor":[118,118,137,149,160,193,193,224,224,234,249,249,268,596,596,695,695,705,722,722,734,294,294,344,344,367,396,410,430,430,430],"floor_reached":30,"language":"ENG","playtime":8149,"items_purged":[],"score":399,"play_id":"38ae58cb-c118-48f2-bb33-9b82cf5a4e7d","local_time":"20210114131030","is_ascension_mode":false,"campfire_choices":[{"data":"Chill_Blood","floor":7.0,"key":"SMITH"},{"floor":12.0,"key":"REST"},{"data":"Scare","floor":15.0,"key":"SMITH"},{"floor":23.0,"key":"REST"},{"data":"Chrysalis","floor":25.0,"key":"SMITH"}],"circlet_count":0,"master_deck":["Strike_W","Strike_W","Strike_W","Strike_W","Defend_W","Defend_W","Defend_W","Defend_W","Negative_Energy_Arrows","Bone_Wall","Bone_Armory","Scare+1","Thousand_Bone_Knives","Bone_Armor","Negative_Energy_Javelin","Toxic_Smoke_Screen","Chill_Blood+1","Spectral_Armor","Slay_Living","Vampiric_Strike","Bones_to_Steel","Blood_Curse","Grasp_Heart","Stop_Heart","Negative_Energy_Mist+1","Vampiric_Strike","Bone_Spikes","Bone_Armory","Chrysalis+1","Negative_Energy_Burst","Consume_Illness","Blood_Curse"],"relics":["Vampire_Amulet","Vajra","Ornamental Fan","Darkstone Periapt","Pantograph","Old Coin","construct:ClawGrip","Happy Flower","Bottled Lightning"],"acts_visited":["Exordium","TheCity"],"potions_floor_usage":[29,29],"damage_taken":[{"damage":0.0,"enemies":"2 Louse","floor":1.0,"turns":3.0},{"damage":4.0,"enemies":"Jaw Worm","floor":3.0,"turns":4.0},{"damage":0.0,"enemies":"Cultist","floor":4.0,"turns":3.0},{"damage":0.0,"enemies":"Large Slime","floor":5.0,"turns":4.0},{"damage":13.0,"enemies":"3 Sentries","floor":6.0,"turns":10.0},{"damage":20.0,"enemies":"Gremlin Nob","floor":8.0,"turns":5.0},{"damage":9.0,"enemies":"3 Louse","floor":10.0,"turns":5.0},{"damage":0.0,"enemies":"2 Fungi Beasts","floor":11.0,"turns":4.0},{"damage":6.0,"enemies":"Lots of Slimes","floor":13.0,"turns":6.0},{"damage":10.0,"enemies":"Lagavulin","floor":14.0,"turns":8.0},{"damage":54.0,"enemies":"Slime Boss","floor":16.0,"turns":17.0},{"damage":34.0,"enemies":"Spheric Guardian","floor":18.0,"turns":8.0},{"damage":8.0,"enemies":"Shell Parasite","floor":19.0,"turns":5.0},{"damage":0.0,"enemies":"Snecko","floor":21.0,"turns":4.0},{"damage":53.0,"enemies":"Slavers","floor":27.0,"turns":7.0},{"damage":11,"enemies":"Snake Plant","floor":28,"turns":5},{"damage":25,"enemies":"Sentry and Sphere","floor":29,"turns":8},{"damage":5,"enemies":"Shelled Parasite and Fungi","floor":30,"turns":1}],"seed_played":"-8485382785315771343","potions_obtained":[{"floor":3.0,"key":"Explosive Potion"},{"floor":4.0,"key":"Weak Potion"},{"floor":5.0,"key":"Dexterity Potion"},{"floor":13.0,"key":"Block Potion"},{"floor":14.0,"key":"AttackPotion"},{"floor":16.0,"key":"Block Potion"},{"floor":19.0,"key":"AttackPotion"},{"floor":28,"key":"Swift Potion"},{"floor":29,"key":"Energy Potion"}],"is_trial":false,"path_per_floor":["M","?","M","M","M","E","R","E","T","M","M","R","M","E","R","B",null,"M","M","?","M","$","R","?","R","T","E","M","M","M"],"character_chosen":"NECROMANCER","items_purchased":["Bone_Armory","Scare","Vajra","Bone_Spikes","Happy Flower","Bone_Armory","Chrysalis"],"campfire_rested":2,"item_purchase_floors":[0,0,0,22,22,22,22],"current_hp_per_floor":[73,73,71,73,75,66,66,48,48,45,49,71,75,69,69,33,75,43,39,39,41,41,63,63,63,63,28,22,4,0,0],"gold":430,"neow_bonus":"","is_daily":false,"chose_seed":false,"campfire_upgraded":3,"win_rate":0.0,"timestamp":1610647830,"path_taken":["M","?","M","M","M","E","R","E","T","M","M","R","M","E","R","BOSS","M","M","?","M","$","R","?","R","T","E","M","M","?"],"items_purchased_type":["Card","Card","Relic","Card","Relic","Card","Card"],"build_version":"2020-12-22","purchased_purges":0,"victory":false,"max_hp_per_floor":[75,75,75,75,75,75,75,75,75,75,75,75,75,75,75,75,75,75,75,75,75,75,75,75,75,75,75,75,75,75,75],"card_choices":[{"not_picked":["Bone_Shift","Life_Tap"],"picked":"Thousand_Bone_Knives","floor":1.0},{"not_picked":["Negative_Energy_Javelin","Negative_Energy_Shield"],"picked":"Bone_Armor","floor":3.0},{"not_picked":["Blood_Curse","Blood_Magic"],"picked":"Negative_Energy_Javelin","floor":4.0},{"not_picked":["Bone_Armor","Scare"],"picked":"Toxic_Smoke_Screen","floor":5.0},{"not_picked":["Strike_from_Beyond","Blood_Whip"],"picked":"Chill_Blood","floor":6.0},{"not_picked":["Bone_Spikes","Hellfire"],"picked":"Spectral_Armor","floor":8.0},{"not_picked":["Siphon_Strength","Bone_Shift"],"picked":"Slay_Living","floor":10.0},{"not_picked":["Bone_Armor","Negative_Energy_Sphere"],"picked":"Vampiric_Strike","floor":11.0},{"not_picked":["Scare","Shade_Step"],"picked":"Bones_to_Steel","floor":13.0},{"not_picked":["Life_Tap","Death_Coil"],"picked":"Blood_Curse","floor":14.0},{"not_picked":["Hellfire","Blood_Magic"],"picked":"Grasp_Heart","floor":16.0},{"not_picked":["Blood_Curse","Negative_Energy_Shield+1"],"picked":"Stop_Heart","floor":18.0},{"not_picked":["Spectral_Walk","Bone_Spikes"],"picked":"Negative_Energy_Mist+1","floor":19.0},{"not_picked":["Bone_Shift","Negative_Energy_Mist"],"picked":"Vampiric_Strike","floor":21.0},{"not_picked":["Exploit","Blood_Is_Power"],"picked":"Negative_Energy_Burst","floor":27.0},{"not_picked":["Finger_Of_Death","Life_Tap+1"],"picked":"Consume_Illness","floor":28},{"not_picked":["Necromantic_Selection","Bone_Spikes"],"picked":"Blood_Curse","floor":29}],"player_experience":61608,"relics_obtained":[{"floor":6.0,"key":"Ornamental Fan"},{"floor":8.0,"key":"Darkstone Periapt"},{"floor":9.0,"key":"Pantograph"},{"floor":14.0,"key":"Old Coin"},{"floor":27.0,"key":"Bottled Lightning"}],"event_choices":[{"damage_healed":0.0,"max_hp_gain":0.0,"max_hp_loss":0.0,"gold_gain":0.0,"event_name":"Golden Idol","player_choice":"Ignored","floor":2.0,"gold_loss":0.0,"damage_taken":0.0},{"damage_healed":0.0,"max_hp_gain":0.0,"max_hp_loss":0.0,"gold_gain":0.0,"event_name":"Ghosts","player_choice":"Ignored","floor":20.0,"gold_loss":0.0,"damage_taken":0.0},{"damage_healed":0.0,"max_hp_gain":0.0,"max_hp_loss":0.0,"gold_gain":100.0,"event_name":"The Joust","player_choice":"Bet on Murderer","floor":24.0,"gold_loss":50.0,"damage_taken":0.0}],"is_beta":false,"boss_relics":[{"not_picked":["Astrolabe","Snecko Eye"],"picked":"construct:ClawGrip"}],"items_purged_floors":[],"is_endless":false,"potions_floor_spawned":[3,4,5,13,14,16,19,28,29],"killed_by":"Shelled Parasite and Fungi","ascension_level":0}}