{"host":"4a0aa7b2d8dxohwr","time":1610631209,"event":{"mods":["ATMod(∞¢Ë™Mod)","Act Like it!","BaseMod","Decade(Õı–°√˜)","Dota2Spire","Gensokyo","GifTheSpireLib","Marisa£®ÏF”Í°°ƒß¿Ì…≥£©","Minty Spire (QoL Compilation)","Reimu£®≤©¿ˆ¡È√Œ£©","Remilia£®¿Ÿ√◊¿Ú—«£©","Shop Mod","StSLib","The Servant 0.9.4","Youmu£®ªÍ∆«—˝√Œ£©","[IsaacMod]“‘»ˆº‚À˛"],"gold_per_floor":[218,235,247,327,338,364,364,416,416,416,291,291,303,331,331,404,404,422,232,65,65,76,103,103,28,55,96,152,178,239,257,257,359,359,373,419,156,200,200,229,229,254,254,254,309,321,321,352,352,382,475,475,28,54,84],"floor_reached":56,"language":"ZHS","playtime":2549,"items_purged":["Strike_RM","Defend_RM","Strike_RM"],"score":3418,"play_id":"66d54684-c641-4eac-83a3-bc78d6dc86ee","local_time":"20210114213329","is_ascension_mode":true,"campfire_choices":[{"data":"QueenOfMidnight","floor":7.0,"key":"SMITH"},{"data":"BombardNight","floor":10.0,"key":"SMITH"},{"data":"AT_FamilyPortrait","floor":15.0,"key":"SMITH"},{"data":"BloodySeventeenLaser","floor":24.0,"key":"SMITH"},{"data":"BatForm","floor":32.0,"key":"SMITH"},{"data":"DemonKingCradle","floor":41,"key":"SMITH"},{"data":"ScarletImprint","floor":44,"key":"SMITH"},{"data":"ScarletNetherworld","floor":47,"key":"SMITH"},{"floor":49,"key":"RECALL"},{"data":"HunterOfTheNight","floor":52,"key":"SMITH"}],"circlet_count":0,"master_deck":["AscendersBane","Defend_RM","Defend_RM","Defend_RM","RedMoon","ScarletShoot","AT_FamilyPortrait+1","VampireFantasy","BombardNight+1","NightDance","DiffusionOfMisfortune","QueenOfMidnight+1","BloodyMagicSquare","BloodySeventeenLaser+1","CurseOfTheBell","HunterOfTheNight+1","Stigmanizer+1","MastersStateliness","BatForm+1","DemonKingCradle+1","ScarletNetherworld+1","ScarletImprint+1","DiffusionOfMisfortune+1","MillenniumVampire+1","ScarletDream+1"],"relics":["ScarletHat","HushsDoor","PillsDrop","AT_RedTearstoneRing","AT_ImmortalShieldbow","Void","Shuriken","BelialBook","Gremlin Horn","GuppysHairball","NineLifeCat","BFFS","AT_EbonyIvory","Dota2Spire:HandOfMidas","HowToJump","Dota2Spire:Butterfly","SatanicBible","Akabeko","AT_DeathDance","MagicMushroom","PreservedInsect","TypeBBloodRedTea","BloodDonationMachine","Torii","Ginger"],"acts_visited":["Gensokyo:Gensokyo","Gensokyo:Gensokyoer","TheBeyond","TheEnding"],"potions_floor_usage":[50],"damage_taken":[{"damage":1.0,"enemies":"Gensokyo:Gryphon","floor":1.0,"turns":3.0},{"damage":0.0,"enemies":"Gensokyo:2_Kodama","floor":2.0,"turns":7.0},{"damage":0.0,"enemies":"Gensokyo:Python","floor":3.0,"turns":3.0},{"damage":0.0,"enemies":"Gensokyo:Kitsune","floor":5.0,"turns":2.0},{"damage":0.0,"enemies":"Gensokyo:Aya","floor":6.0,"turns":7.0},{"damage":0.0,"enemies":"Gensokyo:VengefulSpirit","floor":13.0,"turns":3.0},{"damage":11.0,"enemies":"Gensokyo:Cirno","floor":14.0,"turns":5.0},{"damage":19.0,"enemies":"Gensokyo:Reimu","floor":16.0,"turns":12.0},{"damage":17.0,"enemies":"Gensokyo:CosmicMonolith","floor":18.0,"turns":5.0},{"damage":0.0,"enemies":"Gensokyo:AngelMirror","floor":22.0,"turns":2.0},{"damage":30.0,"enemies":"Gensokyo:Reisen","floor":23.0,"turns":6.0},{"damage":10.0,"enemies":"Gensokyo:Slime_Group","floor":27.0,"turns":3.0},{"damage":19.0,"enemies":"Gensokyo:Koishi","floor":28.0,"turns":5.0},{"damage":12.0,"enemies":"Gensokyo:Tenshi","floor":29.0,"turns":3.0},{"damage":0.0,"enemies":"Gensokyo:Koishi","floor":30.0,"turns":3.0},{"damage":0.0,"enemies":"Gensokyo:Chomper_and_Gloop","floor":31.0,"turns":3.0},{"damage":0.0,"enemies":"Gensokyo:Kaguya","floor":33.0,"turns":3.0},{"damage":0.0,"enemies":"Orb Walker","floor":35.0,"turns":1.0},{"damage":0.0,"enemies":"2 Orb Walkers","floor":36.0,"turns":2.0},{"damage":0.0,"enemies":"3 Darklings","floor":38.0,"turns":2.0},{"damage":0,"enemies":"Giant Head","floor":40,"turns":3},{"damage":0,"enemies":"Nemesis","floor":42,"turns":1},{"damage":0,"enemies":"Reptomancer","floor":45,"turns":2},{"damage":0,"enemies":"Jaw Worm Horde","floor":46,"turns":1},{"damage":0,"enemies":"Giant Head","floor":48,"turns":3},{"damage":0,"enemies":"Time Eater","floor":50,"turns":4},{"damage":0,"enemies":"Shield and Spear","floor":54,"turns":1},{"damage":0,"enemies":"The Heart","floor":55,"turns":7}],"seed_played":"6018671378728097331","potions_obtained":[{"floor":2.0,"key":"Explosive Potion"},{"floor":3.0,"key":"Dexterity Potion"},{"floor":14.0,"key":"Fire Potion"},{"floor":28.0,"key":"DestinyDice"},{"floor":29.0,"key":"SkillPotion"},{"floor":33.0,"key":"AttackPotion"},{"floor":35.0,"key":"ZuzhouPotion:ReiMu"},{"floor":36.0,"key":"FearPotion"},{"floor":40,"key":"Dota2Spire:Clarity"}],"is_trial":false,"path_per_floor":["M","M","M","?","M","E","R","T","T","R","COS","?","M","E","R","B",null,"M","COS","$","?","M","E","R","$","T","M","E","E","E","M","R","B",null,"M","?","$","M","?","E","R","E","T","R","E","M","R","E","R","B",null,"R","$","E","B",null],"character_chosen":"REMILIA","items_purchased":["GuppysHairball","NineLifeCat","AT_EbonyIvory","PreservedInsect","Torii"],"campfire_rested":0,"item_purchase_floors":[17,17,20,37,53],"current_hp_per_floor":[62,62,63,63,63,66,66,66,66,66,66,49,49,38,38,70,12,12,12,12,12,12,12,12,12,12,5,4,7,7,7,7,10,17,17,17,17,17,17,17,17,17,17,17,17,17,17,17,17,17,2,2,17,17,17],"gold":84,"neow_bonus":"HUNDRED_GOLD","is_daily":false,"chose_seed":false,"campfire_upgraded":9,"win_rate":0.0,"timestamp":1610631209,"path_taken":["M","?","M","?","M","E","R","?","T","R","COS","?","M","E","R","BOSS","M","COS","?","?","M","E","R","?","T","M","E","E","E","?","R","BOSS","M","?","$","M","?","E","R","E","T","R","E","?","R","E","R","BOSS","R","$","E","BOSS"],"items_purchased_type":["Relic","Relic","Relic","Relic","Relic"],"build_version":"2020-12-22","purchased_purges":3,"victory":true,"max_hp_per_floor":[70,70,70,70,70,70,70,70,70,70,70,70,70,70,70,70,12,12,12,12,12,12,12,12,12,12,12,12,7,7,7,7,10,17,17,17,17,17,17,17,17,17,17,17,17,17,17,17,17,17,17,17,17,17,17],"card_choices":[{"not_picked":["RedRainbow","GlobalNightmare"],"picked":"VampireFantasy","floor":1.0},{"not_picked":["Ultimatum","BloodyTrap"],"picked":"BombardNight","floor":2.0},{"not_picked":["DevilSight","RedRainbow"],"picked":"NightDance","floor":3.0},{"not_picked":["BloodyMagicSquare","TricksterDevil"],"picked":"DiffusionOfMisfortune","floor":5.0},{"not_picked":["DevilSight","FavorOfDestiny"],"picked":"QueenOfMidnight","floor":6.0},{"not_picked":["UnderTheZenith","FavorOfDestiny","BlasphemousPunishment"],"picked":"SKIP","floor":13.0},{"not_picked":["AfternoonTea","HunterOfTheNight"],"picked":"BloodyMagicSquare","floor":14.0},{"not_picked":["HeartBreak","BloodRain"],"picked":"BloodySeventeenLaser","floor":16.0},{"not_picked":["DiffusionOfMisfortune","NightDance","VampireKiss"],"picked":"SKIP","floor":18.0},{"not_picked":["BloodyMagicSquare","FavorOfDestiny"],"picked":"HunterOfTheNight","floor":22.0},{"not_picked":["UnstableMagic+1","StarOfDavid"],"picked":"Stigmanizer+1","floor":23.0},{"not_picked":["RedRainbow","CeilingFear"],"picked":"MastersStateliness","floor":27.0},{"not_picked":["BloodHunter","UnderTheZenith"],"picked":"BatForm","floor":28.0},{"not_picked":["ForbiddenFruit+1","EndlessAdversity","BombardNight"],"picked":"SKIP","floor":29.0},{"not_picked":["DiffusionOfMisfortune","CharismaGuard","BloodAndWine"],"picked":"SKIP","floor":30.0},{"not_picked":["NightDance","EndlessAdversity","BloodyTrap"],"picked":"SKIP","floor":31.0},{"not_picked":["ChaoticDestiny","ForecastOfChange"],"picked":"DemonKingCradle","floor":33.0},{"not_picked":["BombardNight","GlobalNightmare"],"picked":"ScarletNetherworld","floor":35.0},{"not_picked":["BlasphemousPunishment","FavorOfDestiny+1"],"picked":"ScarletImprint","floor":36.0},{"not_picked":["BloodHunter","ChainGang","VampirishNight"],"picked":"SKIP","floor":38.0},{"not_picked":["TwelveNightmare","VampireSweep","CharismaGuard"],"picked":"SKIP","floor":40},{"not_picked":["BloodHunter+1","Maim"],"picked":"DiffusionOfMisfortune+1","floor":42},{"not_picked":["UnstableMagic","ScarletDevil"],"picked":"MillenniumVampire+1","floor":45},{"not_picked":["VampireFantasy","BatForm","UltimateOffering"],"picked":"SKIP","floor":46},{"not_picked":["UnderTheZenith","FavorOfDestiny+1","CharismaGuard"],"picked":"SKIP","floor":48},{"not_picked":["ScarletDevilSign","VampireKiss+1"],"picked":"ScarletDream+1","floor":54}],"player_experience":476724,"relics_obtained":[{"floor":6.0,"key":"Bottled Lightning"},{"floor":8.0,"key":"AT_RedTearstoneRing"},{"floor":9.0,"key":"AT_ImmortalShieldbow"},{"floor":14.0,"key":"Void"},{"floor":17.0,"key":"BelialBook"},{"floor":17.0,"key":"Gremlin Horn"},{"floor":17.0,"key":"BlankCard"},{"floor":23.0,"key":"Dota2Spire:HandOfMidas"},{"floor":26.0,"key":"HowToJump"},{"floor":28.0,"key":"SatanicBible"},{"floor":29.0,"key":"Akabeko"},{"floor":30.0,"key":"AT_DeathDance"},{"floor":40,"key":"Mastiff:ReiMu"},{"floor":42,"key":"TypeBBloodRedTea"},{"floor":45,"key":"BloodDonationMachine"},{"floor":48,"key":"MealTicket"},{"floor":54,"key":"Ginger"}],"event_choices":[{"damage_healed":0.0,"max_hp_gain":0.0,"max_hp_loss":0.0,"gold_gain":0.0,"event_name":"Mysterious Sphere","player_choice":"Fight","floor":36.0,"gold_loss":0.0,"damage_taken":0.0},{"damage_healed":0.0,"max_hp_gain":0.0,"max_hp_loss":0.0,"gold_gain":0.0,"event_name":"SensoryStone","player_choice":"Memory 1","floor":39.0,"gold_loss":0.0,"damage_taken":0.0}],"is_beta":false,"boss_relics":[{"not_picked":["RedLine:ReiMu","SlaversCollar"],"picked":"Calling Bell"},{"not_picked":[]},{"not_picked":["Busted Crown","Tiny House"],"picked":"MagicMushroom"},{"not_picked":[]}],"items_purged_floors":[25,37,53],"is_endless":false,"potions_floor_spawned":[2,3,6,14,28,29,30,33,35,36,40,48],"ascension_level":18}}