{"host":"rvofswtrkybk7ok8","time":1610615234,"event":{"mods":["ATMod(°¢èªMod)","BaseMod","Card Filter","Colored Map","Minty Spire (QoL Compilation)","Quick Restart","StSLib"],"gold_per_floor":[113,113,74,87,87,87,114,114,141,167,167,193,193,225,225,330,330,340,355,85,0,0,0,0,0,26,26,60,21,54,70,70,168,168,186,237,256,269,269,303,303,338,338,46,77,138,138,151,151,151,151,151,4,33,33],"floor_reached":56,"language":"ZHS","playtime":2119,"items_purged":["ReachHeaven"],"score":2340,"play_id":"c7375575-499c-4663-b7b7-787badd0cfc5","local_time":"20210114170714","is_ascension_mode":true,"campfire_choices":[{"data":"AT_KingSlayer","floor":6.0,"key":"SMITH"},{"data":"ForeignInfluence","floor":8.0,"key":"SMITH"},{"data":"ConjureBlade","floor":13.0,"key":"SMITH"},{"data":"Eruption","floor":15.0,"key":"SMITH"},{"data":"Adaptation","floor":24.0,"key":"SMITH"},{"data":"Devotion","floor":27.0,"key":"SMITH"},{"data":"Swivel","floor":32.0,"key":"SMITH"},{"data":"Apotheosis","floor":41.0,"key":"SMITH"},{"floor":49.0,"key":"RECALL"},{"data":"Vault","floor":52.0,"key":"SMITH"}],"circlet_count":0,"master_deck":["AscendersBane","Eruption+1","Vigilance","ConjureBlade+1","AT_KingSlayer+1","EmptyFist","TalkToTheHand","ForeignInfluence+1","Brilliance","JustLucky","SashWhip","Devotion+1","FlurryOfBlows","CarveReality+1","DeceiveReality","EmptyBody","Halt","AT_KingSlayer+1","Adaptation+1","Swivel+1","Prostrate","Tantrum","MentalFortress","Protect","MasterReality","AT_EmpoweredMortalDraw+1","FollowUp+1","BattleHymn+1","JustLucky+1","Apotheosis+1","Vault+1","AT_ChampionStep","Establishment"],"relics":["PureWater","AT_ATBox","AT_RabadonDeathcap","Blood Vial","Anchor","HornCleat","Ginger","AT_Kusabimaru","Pandora\u0027s Box","DollysMirror","Bronze Scales","Boot","StoneCalendar","Dream Catcher","AT_MortalBlade","Incense Burner","Regal Pillow","Whetstone","PreservedInsect","AT_LudenTempest","MawBank","Ice Cream","Bag of Preparation","Gremlin Horn"],"acts_visited":["Exordium","TheCity","TheBeyond","TheEnding"],"potions_floor_usage":[55,55],"damage_taken":[{"damage":0.0,"enemies":"Small Slimes","floor":1.0,"turns":3.0},{"damage":2.0,"enemies":"Jaw Worm","floor":4.0,"turns":4.0},{"damage":0.0,"enemies":"3 Sentries","floor":7.0,"turns":3.0},{"damage":21.0,"enemies":"Lagavulin","floor":10.0,"turns":6.0},{"damage":12.0,"enemies":"Gremlin Nob","floor":12.0,"turns":3.0},{"damage":0.0,"enemies":"3 Sentries","floor":14.0,"turns":5.0},{"damage":0.0,"enemies":"Hexaghost","floor":16.0,"turns":2.0},{"damage":0.0,"enemies":"3 Byrds","floor":18.0,"turns":3.0},{"damage":0.0,"enemies":"Spheric Guardian","floor":19.0,"turns":2.0},{"damage":22.0,"enemies":"Slavers","floor":28.0,"turns":2.0},{"damage":2.0,"enemies":"Book of Stabbing","floor":30.0,"turns":3.0},{"damage":13.0,"enemies":"Centurion and Healer","floor":31.0,"turns":3.0},{"damage":0.0,"enemies":"Champ","floor":33.0,"turns":4.0},{"damage":0.0,"enemies":"3 Shapes","floor":35.0,"turns":2.0},{"damage":13.0,"enemies":"2 Orb Walkers","floor":36.0,"turns":3.0},{"damage":0.0,"enemies":"3 Darklings","floor":37.0,"turns":3.0},{"damage":18.0,"enemies":"Transient","floor":38.0,"turns":3.0},{"damage":0.0,"enemies":"Reptomancer","floor":40.0,"turns":2.0},{"damage":0.0,"enemies":"Nemesis","floor":42.0,"turns":3.0},{"damage":0.0,"enemies":"Giant Head","floor":45.0,"turns":1.0},{"damage":0.0,"enemies":"Maw","floor":48.0,"turns":2.0},{"damage":0.0,"enemies":"Time Eater","floor":50.0,"turns":3.0},{"damage":0.0,"enemies":"Shield and Spear","floor":54.0,"turns":2.0},{"damage":33,"enemies":"The Heart","floor":55,"turns":5}],"seed_played":"-5730327822340661434","potions_obtained":[{"floor":12.0,"key":"DistilledChaos"},{"floor":14.0,"key":"LiquidMemories"},{"floor":16.0,"key":"Explosive Potion"},{"floor":18.0,"key":"ColorlessPotion"},{"floor":31.0,"key":"FearPotion"},{"floor":33.0,"key":"Energy Potion"},{"floor":37.0,"key":"ColorlessPotion"},{"floor":38.0,"key":"LiquidBronze"}],"is_trial":false,"path_per_floor":["M","?","$","M","T","R","E","R","T","E","?","E","R","E","R","B",null,"M","M","$","?","$","?","R","?","T","R","E","$","E","M","R","B",null,"M","?","M","M","?","E","R","E","T","$","E","$","?","M","R","B",null,"R","$","E","B",null],"character_chosen":"WATCHER","items_purchased":["TalkToTheHand","DollysMirror","Adaptation","Tantrum","AT_LudenTempest","Establishment","Ice Cream","Bag of Preparation"],"campfire_rested":0,"item_purchase_floors":[3,20,20,29,44,46,46,53],"current_hp_per_floor":[65,58,58,56,56,56,56,56,56,37,37,27,27,29,29,31,62,64,66,66,66,66,66,66,66,66,66,46,46,46,35,35,37,63,65,54,56,40,40,42,42,44,44,44,46,46,39,41,41,43,65,65,65,67,36],"gold":33,"neow_bonus":"ONE_RANDOM_RARE_CARD","is_daily":false,"chose_seed":false,"campfire_upgraded":9,"win_rate":0.0,"timestamp":1610615234,"path_taken":["M","?","$","M","?","R","E","R","T","E","?","E","R","E","R","BOSS","M","M","$","?","$","?","R","?","T","R","E","?","E","M","R","BOSS","M","?","M","M","?","E","R","E","T","$","E","?","?","M","R","BOSS","R","$","E","BOSS"],"items_purchased_type":["Card","Relic","Card","Card","Relic","Card","Relic","Relic"],"build_version":"2020-12-22","purchased_purges":1,"victory":true,"max_hp_per_floor":[72,72,72,72,72,72,72,72,72,72,72,72,72,72,72,72,72,72,72,72,72,72,72,72,72,72,72,72,72,72,72,72,72,72,72,72,72,72,72,72,72,72,72,72,72,72,72,72,72,72,72,72,72,72,72],"card_choices":[{"not_picked":["EmptyBody","CrushJoints"],"picked":"EmptyFist","floor":1.0},{"not_picked":["CutThroughFate","Worship","EmptyBody"],"picked":"SKIP","floor":4.0},{"not_picked":["CrushJoints","Indignation"],"picked":"ForeignInfluence","floor":7.0},{"not_picked":["Collect","InnerPeace","FlyingSleeves"],"picked":"SKIP","floor":10.0},{"not_picked":["InnerPeace","LikeWater","ClearTheMind"],"picked":"SKIP","floor":12.0},{"not_picked":["Protect","Prostrate","Vengeance"],"picked":"SKIP","floor":14.0},{"not_picked":["Omniscience","Ragnarok"],"picked":"Brilliance","floor":16.0},{"not_picked":["SashWhip","Nirvana"],"picked":"EmptyBody","floor":18.0},{"not_picked":["CrushJoints+1","PathToVictory"],"picked":"Halt","floor":19.0},{"not_picked":["FlurryOfBlows+1","EmptyMind+1"],"picked":"Prostrate","floor":28.0},{"not_picked":["Conclude","BattleHymn"],"picked":"MentalFortress","floor":30.0},{"not_picked":["FlurryOfBlows","WindmillStrike"],"picked":"Protect","floor":31.0},{"not_picked":["DevaForm","DeusExMachina"],"picked":"MasterReality","floor":33.0},{"not_picked":["PathToVictory","EmptyFist+1"],"picked":"FollowUp+1","floor":35.0},{"not_picked":["Prostrate+1","WreathOfFlame+1"],"picked":"BattleHymn+1","floor":36.0},{"not_picked":["EmptyFist+1","Halt+1","Protect+1"],"picked":"SKIP","floor":37.0},{"not_picked":["Judgement","PathToVictory+1"],"picked":"JustLucky+1","floor":38.0},{"not_picked":["AT_LightSaberMaster","Jack Of All Trades"],"picked":"Apotheosis","floor":39.0},{"not_picked":["BowlingBash","PathToVictory+1"],"picked":"Vault","floor":40.0},{"not_picked":["WreathOfFlame","FlurryOfBlows+1","SandsOfTime+1"],"picked":"SKIP","floor":42.0},{"not_picked":["ReachHeaven+1","DeceiveReality"],"picked":"AT_ChampionStep","floor":45.0},{"not_picked":["DeceiveReality","FlurryOfBlows+1","WindmillStrike"],"picked":"SKIP","floor":48.0},{"not_picked":["BowlingBash+1","EmptyFist","JustLucky+1"],"picked":"SKIP","floor":54.0}],"player_experience":594086,"relics_obtained":[{"floor":5.0,"key":"AT_RabadonDeathcap"},{"floor":7.0,"key":"Blood Vial"},{"floor":10.0,"key":"Anchor"},{"floor":12.0,"key":"Ginger"},{"floor":14.0,"key":"AT_Kusabimaru"},{"floor":26.0,"key":"Boot"},{"floor":28.0,"key":"StoneCalendar"},{"floor":30.0,"key":"Dream Catcher"},{"floor":36.0,"key":"Incense Burner"},{"floor":40.0,"key":"Regal Pillow"},{"floor":42.0,"key":"Whetstone"},{"floor":43.0,"key":"PreservedInsect"},{"floor":45.0,"key":"MawBank"},{"floor":54.0,"key":"Gremlin Horn"}],"event_choices":[{"cards_removed":["Strike_P"],"damage_healed":0.0,"max_hp_gain":0.0,"max_hp_loss":0.0,"gold_gain":0.0,"event_name":"Golden Wing","player_choice":"Card Removal","floor":2.0,"gold_loss":0.0,"damage_taken":7.0},{"damage_healed":0.0,"max_hp_gain":0.0,"max_hp_loss":0.0,"gold_gain":0.0,"event_name":"Dead Adventurer","player_choice":"Searched \u00271\u0027 times","floor":11.0,"gold_loss":0.0,"damage_taken":0.0,"relics_obtained":["HornCleat"]},{"damage_healed":0.0,"max_hp_gain":0.0,"max_hp_loss":0.0,"gold_gain":0.0,"event_name":"Addict","player_choice":"Obtained Relic","floor":21.0,"gold_loss":85.0,"damage_taken":0.0,"relics_obtained":["Bronze Scales"]},{"damage_healed":0.0,"max_hp_gain":0.0,"max_hp_loss":0.0,"gold_gain":0.0,"event_name":"The Library","player_choice":"Read","floor":23.0,"gold_loss":0.0,"damage_taken":0.0,"cards_obtained":["Swivel"]},{"damage_healed":0.0,"max_hp_gain":0.0,"max_hp_loss":0.0,"gold_gain":0.0,"event_name":"Ghosts","player_choice":"Ignored","floor":25.0,"gold_loss":0.0,"damage_taken":0.0},{"damage_healed":0.0,"max_hp_gain":0.0,"max_hp_loss":0.0,"gold_gain":0.0,"event_name":"Mysterious Sphere","player_choice":"Fight","floor":36.0,"gold_loss":0.0,"damage_taken":0.0},{"damage_healed":0.0,"max_hp_gain":0.0,"max_hp_loss":0.0,"gold_gain":0.0,"event_name":"SensoryStone","player_choice":"Memory 1","floor":39.0,"gold_loss":0.0,"damage_taken":0.0},{"damage_healed":0.0,"max_hp_gain":0.0,"max_hp_loss":0.0,"gold_gain":0.0,"event_name":"Wheel of Change","player_choice":"Damaged","floor":47.0,"gold_loss":0.0,"damage_taken":7.0}],"is_beta":false,"boss_relics":[{"not_picked":["Sozu","Busted Crown"],"picked":"Pandora\u0027s Box"},{"not_picked":["Black Star","VioletLotus"],"picked":"AT_MortalBlade"}],"items_purged_floors":[20],"is_endless":false,"potions_floor_spawned":[12,14,16,18,31,33,35,37,38],"ascension_level":10}}