{"host":"boha5gfllk8aong2","time":1610628046,"event":{"mods":["BaseMod","DeckTracker","Minty Spire (QoL Compilation)"],"gold_per_floor":[110,60,60,78,92,92,104,104,152,152,164,179,179,191,191,295,295,295,295,295,295,295],"floor_reached":21,"language":"ENG","playtime":1458,"items_purged":[],"score":175,"play_id":"be155915-852a-4dd9-84df-7ee049e408a5","local_time":"20210114054046","is_ascension_mode":false,"campfire_choices":[{"data":"Fusion","floor":6,"key":"SMITH"},{"data":"Dualcast","floor":8,"key":"SMITH"},{"data":"Streamline","floor":10,"key":"SMITH"},{"data":"Leap","floor":13,"key":"SMITH"},{"data":"Darkness","floor":15,"key":"SMITH"}],"circlet_count":0,"master_deck":["Strike_B","Strike_B","Strike_B","Defend_B","Defend_B","Defend_B","Defend_B","Zap+1","Dualcast+1","CurseOfTheBell","Streamline","Fusion+1","Streamline+1","Barrage","Darkness+1","Leap+1","Seek","Beam Cell","Loop","Ball Lightning"],"relics":["Calling Bell","Dream Catcher","Kunai","Lizard Tail","Bronze Scales","Ectoplasm"],"acts_visited":["Exordium","TheCity"],"potions_floor_usage":[16,16,16],"damage_taken":[{"damage":0,"enemies":"Small Slimes","floor":1,"turns":3},{"damage":0,"enemies":"Cultist","floor":4,"turns":3},{"damage":6,"enemies":"Jaw Worm","floor":5,"turns":5},{"damage":9,"enemies":"Blue Slaver","floor":7,"turns":4},{"damage":8,"enemies":"2 Fungi Beasts","floor":11,"turns":4},{"damage":5,"enemies":"Exordium Wildlife","floor":12,"turns":3},{"damage":4,"enemies":"Blue Slaver","floor":14,"turns":5},{"damage":39,"enemies":"Slime Boss","floor":16,"turns":11},{"damage":11,"enemies":"3 Byrds","floor":18,"turns":4},{"damage":12,"enemies":"Shell Parasite","floor":19,"turns":6},{"damage":34,"enemies":"Snecko","floor":20,"turns":5},{"damage":49,"enemies":"Masked Bandits","floor":21,"turns":4}],"seed_played":"1295911116164989562","potions_obtained":[{"floor":1,"key":"Dexterity Potion"},{"floor":4,"key":"Regen Potion"},{"floor":11,"key":"Dexterity Potion"},{"floor":16,"key":"LiquidMemories"},{"floor":18,"key":"FearPotion"}],"is_trial":false,"path_per_floor":["M","?","?","M","M","R","M","R","T","R","M","M","R","M","R","B",null,"M","M","M","?"],"character_chosen":"DEFECT","items_purchased":[],"campfire_rested":0,"item_purchase_floors":[],"current_hp_per_floor":[75,75,75,75,69,69,60,60,60,60,52,47,47,43,43,19,75,64,52,18,19,19],"gold":295,"neow_bonus":"BOSS_RELIC","is_daily":false,"chose_seed":false,"campfire_upgraded":5,"win_rate":0.0,"timestamp":1610628046,"path_taken":["M","?","?","M","M","R","M","R","T","R","?","M","R","M","R","BOSS","M","M","M","?"],"items_purchased_type":[],"build_version":"2020-12-22","purchased_purges":0,"victory":false,"max_hp_per_floor":[75,75,75,75,75,75,75,75,75,75,75,75,75,75,75,75,75,75,75,75,75,75],"card_choices":[{"not_picked":["Barrage","Steam Power"],"picked":"Streamline","floor":1},{"not_picked":["Steam","Double Energy"],"picked":"Fusion","floor":4},{"not_picked":["Hello World","Meteor Strike"],"picked":"Streamline","floor":5},{"not_picked":["Rebound","Steam"],"picked":"Barrage","floor":7},{"not_picked":["Cold Snap","Leap"],"picked":"Darkness","floor":11},{"not_picked":["Fusion","Cold Snap"],"picked":"Leap","floor":12},{"not_picked":["Consume","Coolheaded","Leap"],"picked":"SKIP","floor":14},{"not_picked":["Thunder Strike","Rainbow"],"picked":"Seek","floor":16},{"not_picked":["Undo","Compile Driver"],"picked":"Beam Cell","floor":18},{"not_picked":["Hologram","Rip and Tear"],"picked":"Loop","floor":19},{"not_picked":["Auto Shields","Coolheaded"],"picked":"Ball Lightning","floor":20}],"player_experience":122239,"relics_obtained":[{"floor":0,"key":"Dream Catcher"},{"floor":0,"key":"Kunai"},{"floor":0,"key":"Lizard Tail"},{"floor":9,"key":"Bronze Scales"}],"event_choices":[{"cards_removed":["Strike_B"],"damage_healed":0,"gold_gain":0,"player_choice":"Card Removal","damage_taken":0,"max_hp_gain":0,"max_hp_loss":0,"event_name":"The Cleric","floor":2,"gold_loss":50},{"damage_healed":0,"gold_gain":0,"player_choice":"Forge","damage_taken":0,"max_hp_gain":0,"max_hp_loss":0,"event_name":"Accursed Blacksmith","floor":3,"gold_loss":0,"cards_upgraded":["Zap"]},{"damage_healed":0,"gold_gain":0,"player_choice":"Fought Bandits","damage_taken":0,"max_hp_gain":0,"max_hp_loss":0,"event_name":"Masked Bandits","floor":21,"gold_loss":0}],"is_beta":false,"boss_relics":[{"not_picked":["Fusion Hammer","SacredBark"],"picked":"Ectoplasm"}],"items_purged_floors":[],"is_endless":false,"potions_floor_spawned":[1,4,11,14,16,18],"killed_by":"Masked Bandits","ascension_level":0}}