{"host":"qik6c64y69p9jmph","time":1610606704,"event":{"mods":["AchievementEnabler","BaseMod","BetterRewards","Highlight Path","Minty Spire (QoL Compilation)","Quick Restart","Replay The Spire","StSLib","Synergy Search"],"gold_per_floor":[110,110,121,83,105,139,104,133,182,200,200,213,241,251,251,251,251],"floor_reached":16,"language":"ENG","playtime":866,"items_purged":[],"score":144,"play_id":"84be8a26-a0a3-41f8-aa7a-70eb199a5d03","local_time":"20210114014504","is_ascension_mode":true,"campfire_choices":[{"floor":11,"key":"REST"},{"floor":15,"key":"REST"}],"circlet_count":0,"master_deck":["Strike_R","Strike_R","Strike_R","Strike_R","Strike_R","Defend_R","Defend_R","Defend_R","Defend_R","Bash","Flex","Run Through","Armaments","Fire Breathing","Inflame","Flex","True Grit","Fire Breathing","Shrug It Off"],"relics":["Burning Blood","Replay:Rubber Ducky","FaceOfCleric","Replay:Kaleidoscope","Toy Ornithopter","Regal Pillow","Replay:Multitool"],"acts_visited":["Exordium"],"potions_floor_usage":[8,12,13],"damage_taken":[{"damage":6,"enemies":"Cultist","floor":1,"turns":3},{"damage":5,"enemies":"Small Slimes","floor":3,"turns":4},{"damage":27,"enemies":"Replay:BlueRogue","floor":6,"turns":5},{"damage":72,"enemies":"Gremlin Nob","floor":8,"turns":6},{"damage":0,"enemies":"2 Louse","floor":10,"turns":3},{"damage":9,"enemies":"2 Fungi Beasts","floor":12,"turns":3},{"damage":77,"enemies":"Lagavulin","floor":13,"turns":8},{"damage":21,"enemies":"Exordium Wildlife","floor":14,"turns":7},{"damage":30,"enemies":"The Guardian","floor":16,"turns":6}],"seed_played":"4823472301249276833","potions_obtained":[{"floor":3,"key":"Swift Potion"},{"floor":10,"key":"ColorlessPotion"},{"floor":12,"key":"BloodPotion"}],"is_trial":false,"path_per_floor":["M","?","M","$","?","E","?","E","T","M","R","M","E","M","R","B"],"character_chosen":"IRONCLAD","items_purchased":["Flex","Fire Breathing"],"campfire_rested":2,"item_purchase_floors":[0,4],"current_hp_per_floor":[80,80,81,81,81,61,81,21,21,28,68,71,23,9,50,20,20],"gold":251,"neow_bonus":"","is_daily":false,"chose_seed":false,"campfire_upgraded":0,"win_rate":0.0,"timestamp":1610606704,"path_taken":["M","?","?","?","?","E","?","E","T","?","R","M","E","M","R","BOSS"],"items_purchased_type":["Card","Card"],"build_version":"2020-12-22","purchased_purges":0,"victory":false,"max_hp_per_floor":[80,80,81,81,81,82,82,83,83,84,84,85,86,87,87,87,87],"card_choices":[{"not_picked":["Disarm","Anger"],"picked":"Run Through","floor":1},{"not_picked":["Twin Strike","Sever Soul"],"picked":"Armaments","floor":3},{"not_picked":["Twin Strike","Clothesline"],"picked":"Inflame","floor":5},{"not_picked":["Shrug It Off","Headbutt"],"picked":"Flex","floor":6},{"not_picked":["Pommel Strike","Sword Boomerang"],"picked":"True Grit","floor":8},{"not_picked":["Exhume","Warcry"],"picked":"Fire Breathing","floor":10},{"not_picked":["ReplayTheSpireMod:Stacked","Body Slam"],"picked":"Shrug It Off","floor":12},{"not_picked":["Sword Boomerang","Shockwave","Dual Wield"],"picked":"SKIP","floor":13},{"not_picked":["Armaments","Replay:Undeath\u0027s Touch","Power Through"],"picked":"SKIP","floor":14}],"player_experience":491317,"relics_obtained":[{"floor":5,"key":"Replay:Kaleidoscope"},{"floor":6,"key":"Toy Ornithopter"},{"floor":8,"key":"Regal Pillow"},{"floor":13,"key":"Replay:Multitool"}],"event_choices":[{"damage_healed":0,"gold_gain":0,"player_choice":"Trade","damage_taken":0,"relics_obtained":["FaceOfCleric"],"max_hp_gain":0,"max_hp_loss":0,"event_name":"FaceTrader","floor":2,"gold_loss":0},{"damage_healed":20,"gold_gain":0,"player_choice":"Healed","damage_taken":0,"max_hp_gain":0,"max_hp_loss":0,"event_name":"The Cleric","floor":7,"gold_loss":35}],"is_beta":false,"boss_relics":[],"items_purged_floors":[],"is_endless":false,"potions_floor_spawned":[3,10,12],"killed_by":"The Guardian","ascension_level":4}}