{"host":"91blwi3hgehj6ch9","time":1610598422,"event":{"mods":["2.2 Compatiblity","AchievementEnabler","BaseMod","Colored Map","DeckTracker","Googly Eyes","Keyboard Shortcuts","Minty Spire (QoL Compilation)","Permanent Neow","Quick Restart","StSLib","SuperFastMode","everything is the same but u backflip on backflip"],"gold_per_floor":[113,113,129,145,162,189,189,200,200,200,215,140,150,175,175,175,175],"floor_reached":16,"language":"KOR","playtime":640,"items_purged":["BattleHymn"],"score":279,"play_id":"0a1cff63-b760-4956-b35f-231ee759e898","local_time":"20210114132702","is_ascension_mode":true,"campfire_choices":[{"data":"Eruption","floor":7.0,"key":"SMITH"},{"data":"Scrawl","floor":10.0,"key":"SMITH"},{"data":"Alpha","floor":15.0,"key":"SMITH"}],"circlet_count":0,"master_deck":["AscendersBane","Eruption+1","Vigilance","Judgement","Alpha+1","ForeignInfluence","MasterReality","Ragnarok","Scrawl+1","FlurryOfBlows","Protect","MentalFortress","Tantrum"],"relics":["Pandora\u0027s Box","Letter Opener","Oddly Smooth Stone","Bronze Scales"],"acts_visited":["Exordium"],"potions_floor_usage":[],"damage_taken":[{"damage":4.0,"enemies":"Jaw Worm","floor":1.0,"turns":2.0},{"damage":0.0,"enemies":"Cultist","floor":3.0,"turns":2.0},{"damage":5.0,"enemies":"2 Louse","floor":4.0,"turns":3.0},{"damage":12.0,"enemies":"Exordium Wildlife","floor":5.0,"turns":3.0},{"damage":0.0,"enemies":"Lagavulin","floor":6.0,"turns":4.0},{"damage":0.0,"enemies":"Looter","floor":8.0,"turns":1.0},{"damage":17.0,"enemies":"Exordium Thugs","floor":11.0,"turns":2.0},{"damage":0.0,"enemies":"Exordium Wildlife","floor":13.0,"turns":2.0},{"damage":0.0,"enemies":"3 Sentries","floor":14.0,"turns":1.0},{"damage":26,"enemies":"Hexaghost","floor":16,"turns":5}],"seed_played":"-1216564566066989973","potions_obtained":[{"floor":1.0,"key":"Explosive Potion"},{"floor":2.0,"key":"SneckoOil"},{"floor":8.0,"key":"DistilledChaos"}],"is_trial":false,"path_per_floor":["M","?","M","M","M","E","R","M","T","R","M","$","M","E","R","B"],"character_chosen":"WATCHER","items_purchased":[],"campfire_rested":0,"item_purchase_floors":[],"current_hp_per_floor":[57,57,57,52,40,40,40,40,40,40,23,23,23,23,23,0,0],"gold":175,"neow_bonus":"BOSS_RELIC","is_daily":false,"chose_seed":false,"campfire_upgraded":3,"win_rate":0.0,"timestamp":1610598422,"path_taken":["M","?","M","M","?","E","R","M","T","R","?","$","M","E","R","BOSS"],"items_purchased_type":[],"build_version":"2020-12-22","purchased_purges":1,"victory":false,"max_hp_per_floor":[68,68,68,68,68,68,68,68,68,68,68,68,68,68,68,68,68],"card_choices":[{"not_picked":["Pray","SashWhip"],"picked":"Protect","floor":1.0},{"not_picked":["Study","Crescendo","DeceiveReality"],"picked":"SKIP","floor":3.0},{"not_picked":["WaveOfTheHand","Vengeance"],"picked":"MentalFortress","floor":4.0},{"not_picked":["FlurryOfBlows","Indignation","DeceiveReality"],"picked":"SKIP","floor":5.0},{"not_picked":["PathToVictory","ReachHeaven","SashWhip"],"picked":"SKIP","floor":6.0},{"not_picked":["Protect","EmptyFist","FlyingSleeves"],"picked":"SKIP","floor":8.0},{"not_picked":["Brilliance","Protect"],"picked":"Tantrum","floor":11.0},{"not_picked":["EmptyFist","Weave","SandsOfTime"],"picked":"SKIP","floor":13.0},{"not_picked":["Blasphemy","EmptyMind","Perseverance"],"picked":"SKIP","floor":14.0}],"player_experience":177827,"relics_obtained":[{"floor":6.0,"key":"Letter Opener"},{"floor":9.0,"key":"Oddly Smooth Stone"},{"floor":14.0,"key":"Bronze Scales"}],"event_choices":[{"damage_healed":0.0,"max_hp_gain":0.0,"max_hp_loss":0.0,"gold_gain":0.0,"event_name":"Lab","player_choice":"Got Potions","floor":2.0,"gold_loss":0.0,"damage_taken":0.0}],"is_beta":false,"boss_relics":[],"items_purged_floors":[12],"is_endless":false,"potions_floor_spawned":[1,3,4,8,13],"killed_by":"Hexaghost","ascension_level":14}}