{"host":"el64n55ujqqj0ju7","time":1610594490,"event":{"mods":["AchievementEnabler","Act Like it!","BaseMod","Beaked The Cultist","Better Altar","Better Third Choice","BetterRewards","Card Forge","Colored Map","Conspire","Downfall","Hallownest","Hermit","Hubris","Infinite Spire","Lobotomy","Minty Spire (QoL Compilation)","Rare Cards Sparkle","Replay The Spire","Spicy Shops","Spikes Relics","StSLib","The Bug Knight","The Hierophant"],"gold_per_floor":[369,380,397,414,432,432,465,478,546,573,7,7,20,53,53,155,155,167,151,169,169,169,169],"floor_reached":22,"language":"ENG","playtime":1415,"items_purged":["Strike_R"],"score":341,"play_id":"8482f5a6-8a5f-4a68-bf3a-cf5349d859bf","local_time":"20210113222130","is_ascension_mode":true,"campfire_choices":[{"data":"Armaments","floor":6,"key":"SMITH"},{"data":"hubris:ReadiedAction","floor":15,"key":"SMITH"}],"circlet_count":0,"master_deck":["Strike_R","Strike_R","Strike_R","Defend_R","Defend_R","Defend_R","Defend_R","Bash","hubris:ReadiedAction+1","Armaments+1","Cleave","hubris:StunningStrike","Sword Boomerang","ReplayTheSpireMod:Muscle Training","Headbutt","Disarm","Disarm","Inflame","Demon Form"],"relics":["Black Blood","Hammer of Thor","Seething Fire","Anvil of the Gods","FossilizedHelix","Nunchaku","DollysMirror","Orrery","hubris:Metronome","Nloth\u0027s Gift"],"acts_visited":["Exordium","TheCity"],"potions_floor_usage":[8,18,20,20,22],"damage_taken":[{"damage":2,"enemies":"2 Louse","floor":1,"turns":4},{"damage":0,"enemies":"Cultist","floor":2,"turns":3},{"damage":7,"enemies":"conspire:RoseBush","floor":3,"turns":3},{"damage":6,"enemies":"Looter","floor":4,"turns":3},{"damage":5,"enemies":"Gremlin Gang","floor":5,"turns":4},{"damage":0,"enemies":"Replay:BlueRogue","floor":7,"turns":7},{"damage":12,"enemies":"Lots of Slimes","floor":8,"turns":4},{"damage":0,"enemies":"HollowMod:MossKnight","floor":10,"turns":6},{"damage":1,"enemies":"Exordium Wildlife","floor":13,"turns":5},{"damage":2,"enemies":"Replay:BlueRogue","floor":14,"turns":6},{"damage":0,"enemies":"Slime Boss","floor":16,"turns":6},{"damage":48,"enemies":"3 Byrds","floor":18,"turns":6},{"damage":25,"enemies":"2 Thieves","floor":19,"turns":4},{"damage":36,"enemies":"Shelled Parasite and Fungi","floor":20,"turns":3},{"damage":33,"enemies":"Centurion and Healer","floor":22,"turns":5}],"seed_played":"5094460367508756719","potions_obtained":[{"floor":4,"key":"AttackPotion"},{"floor":5,"key":"Dexterity Potion"},{"floor":7,"key":"Reflective Coating"},{"floor":14,"key":"Fire Potion"},{"floor":16,"key":"BloodPotion"},{"floor":19,"key":"SkillPotion"}],"is_trial":false,"path_per_floor":["M","M","M","M","M","R","E","M","T","E","$","?","M","E","R","B",null,"M","M","M","?","M"],"character_chosen":"IRONCLAD","items_purchased":["Disarm","DollysMirror","Orrery"],"campfire_rested":0,"item_purchase_floors":[11,11,11],"current_hp_per_floor":[60,66,65,65,66,66,72,66,66,72,72,72,77,80,80,80,80,44,31,23,23,0,0],"gold":169,"neow_bonus":"TWO_FIFTY_GOLD","is_daily":false,"chose_seed":false,"campfire_upgraded":2,"win_rate":0.0,"timestamp":1610594490,"path_taken":["M","M","M","M","M","R","E","M","T","E","$","?","M","E","R","BOSS","M","M","M","?","?"],"items_purchased_type":["Card","Relic","Relic"],"build_version":"2020-12-22","purchased_purges":1,"victory":false,"max_hp_per_floor":[80,80,80,80,80,80,80,80,80,80,80,80,80,80,80,80,80,80,80,80,80,80,80],"card_choices":[{"not_picked":["ReplayTheSpireMod:Corrosion Curse","ReplayTheSpireMod:Strike From Hell"],"picked":"hubris:ReadiedAction","floor":1},{"not_picked":["Sever Soul","Clash"],"picked":"Armaments","floor":2},{"not_picked":["Massacre","Wild Strike"],"picked":"Cleave","floor":3},{"not_picked":["Wild Strike","Dark Embrace"],"picked":"hubris:StunningStrike","floor":4},{"not_picked":["Perfected Strike","Twin Strike"],"picked":"Sword Boomerang","floor":5},{"not_picked":["Burning Pact","Demonic Infusion"],"picked":"ReplayTheSpireMod:Muscle Training","floor":7},{"not_picked":["Rupture","Anger"],"picked":"Headbutt","floor":8},{"not_picked":["Dark Embrace","conspire:Charge","hubris:CleavingFinish"],"picked":"SKIP","floor":10},{"not_picked":["Fire Breathing","Intimidate"],"picked":"Inflame","floor":13},{"not_picked":["Warcry","Clash","Cleave"],"picked":"SKIP","floor":14},{"not_picked":["Feed","Berserk"],"picked":"Demon Form","floor":16},{"not_picked":["Ghostly Armor","ReplayTheSpireMod:Limb From Limb","Invigoration"],"picked":"SKIP","floor":18},{"not_picked":["Perfected Strike+1","Heavy Blade","Replay:Undeath\u0027s Touch+1"],"picked":"SKIP","floor":19},{"not_picked":["Warcry","Searing Blow","Body Slam"],"picked":"SKIP","floor":20}],"player_experience":17531,"relics_obtained":[{"floor":7,"key":"FossilizedHelix"},{"floor":9,"key":"Replay:Accelerometer"},{"floor":10,"key":"Nunchaku"},{"floor":14,"key":"hubris:Metronome"}],"event_choices":[{"cards_removed":["Strike_R"],"damage_healed":0,"gold_gain":0,"player_choice":"Offered Basic","damage_taken":0,"max_hp_gain":0,"max_hp_loss":0,"event_name":"Bonfire Elementals","floor":12,"gold_loss":0},{"damage_healed":0,"gold_gain":0,"player_choice":"Traded Relic","damage_taken":0,"relics_obtained":["Nloth\u0027s Gift"],"max_hp_gain":0,"max_hp_loss":0,"event_name":"N\u0027loth","floor":21,"relics_lost":["Replay:Accelerometer"],"gold_loss":0}],"is_beta":false,"boss_relics":[{"not_picked":["Painkiller Herb","Sandwich"],"picked":"Black Blood"}],"items_purged_floors":[11],"is_endless":false,"potions_floor_spawned":[4,5,7,14,16,19],"killed_by":"Centurion and Healer","ascension_level":2}}