{"host":"ELF","time":1610644035,"event":{"mods":["BaseMod","Minty Spire (QoL Compilation)"],"gold_per_floor":[118,168,93,108,65,100,100,133,158,158,177,204,0,12,12,12,12],"floor_reached":16,"language":"ENG","playtime":518,"items_purged":["Defend_R"],"score":272,"play_id":"00dfccef-a265-4ac2-945f-940ebb22ba58","local_time":"20210114110715","is_ascension_mode":true,"campfire_choices":[{"data":"Dark Embrace","floor":7,"key":"SMITH"},{"floor":10,"key":"REST"},{"data":"Corruption","floor":15,"key":"SMITH"}],"circlet_count":0,"master_deck":["AscendersBane","Strike_R","Strike_R","Strike_R","Strike_R","Strike_R","Defend_R","Defend_R","Defend_R","Bash","True Grit","Shrug It Off","Whirlwind","Dark Embrace+1","Sword Boomerang+1","Corruption+1","Wild Strike+1","Seeing Red","Intimidate"],"relics":["Burning Blood","NeowsBlessing","Centennial Puzzle","Molten Egg 2","HornCleat","Lee\u0027s Waffle"],"acts_visited":["Exordium"],"potions_floor_usage":[12],"damage_taken":[{"damage":0,"enemies":"Small Slimes","floor":1,"turns":1},{"damage":0,"enemies":"Cultist","floor":4,"turns":1},{"damage":0,"enemies":"Lagavulin","floor":6,"turns":1},{"damage":56,"enemies":"Gremlin Nob","floor":8,"turns":5},{"damage":4,"enemies":"Jaw Worm","floor":11,"turns":4},{"damage":45,"enemies":"3 Sentries","floor":12,"turns":6},{"damage":0,"enemies":"Looter","floor":14,"turns":4},{"damage":111,"enemies":"Slime Boss","floor":16,"turns":11}],"seed_played":"218947287557554856","potions_obtained":[{"floor":1,"key":"FairyPotion"},{"floor":6,"key":"BloodPotion"},{"floor":12,"key":"Swift Potion"},{"floor":14,"key":"Ancient Potion"}],"is_trial":false,"path_per_floor":["M","?","$","M","$","E","R","E","T","R","M","E","$","M","R","B"],"character_chosen":"IRONCLAD","items_purchased":["Whirlwind","Lee\u0027s Waffle","Seeing Red"],"campfire_rested":1,"item_purchase_floors":[5,13,13],"current_hp_per_floor":[74,74,74,75,75,75,75,25,25,47,49,25,82,82,82,0,0],"gold":12,"neow_bonus":"THREE_ENEMY_KILL","is_daily":false,"chose_seed":false,"campfire_upgraded":2,"win_rate":0.0,"timestamp":1610644035,"path_taken":["M","?","$","?","$","E","R","E","T","R","?","E","$","M","R","BOSS"],"items_purchased_type":["Card","Relic","Card"],"build_version":"2020-12-18","purchased_purges":1,"victory":false,"max_hp_per_floor":[75,75,75,75,75,75,75,75,75,75,75,75,82,82,82,82,82],"card_choices":[{"not_picked":["Metallicize","Iron Wave"],"picked":"True Grit","floor":1},{"not_picked":["Flame Barrier","Pommel Strike"],"picked":"Shrug It Off","floor":4},{"not_picked":["Body Slam","Thunderclap"],"picked":"Dark Embrace","floor":6},{"not_picked":["Heavy Blade+1","Warcry"],"picked":"Sword Boomerang+1","floor":8},{"not_picked":["Dropkick+1","Iron Wave+1"],"picked":"Corruption","floor":11},{"not_picked":["Bloodletting","Cleave+1"],"picked":"Wild Strike+1","floor":12},{"not_picked":["Havoc","Clothesline+1"],"picked":"Intimidate","floor":14}],"player_experience":3201757,"relics_obtained":[{"floor":6,"key":"Centennial Puzzle"},{"floor":8,"key":"Molten Egg 2"},{"floor":12,"key":"HornCleat"}],"event_choices":[{"damage_healed":0,"gold_gain":50,"player_choice":"Pray","damage_taken":0,"max_hp_gain":0,"max_hp_loss":0,"event_name":"Golden Shrine","floor":2,"gold_loss":0}],"is_beta":true,"boss_relics":[],"items_purged_floors":[3],"is_endless":false,"potions_floor_spawned":[1,6,12,14],"killed_by":"Slime Boss","ascension_level":18}}