{"host":"363c1o4m0ew2jbar","time":1610626607,"event":{"mods":["AchievementEnabler","BaseMod","Better Note","Downfall","Hubris","Minty Spire (QoL Compilation)","StSLib"],"gold_per_floor":[115,290,290,240,15,44,44,44,70,89,11,31,46,73,73,173,223,240,226,226,243,243,253,253,282,282,26,45,45,58,72,72,118,118,128,141,141,141,16,16,29,29,29],"floor_reached":42,"language":"ENG","playtime":1870,"items_purged":["Defend_B","Zap","Strike_B"],"score":556,"play_id":"bd6255db-035e-492f-ad52-953d125d1f7c","local_time":"20210114021647","is_ascension_mode":true,"campfire_choices":[{"floor":8,"key":"REST"},{"data":"Blizzard","floor":15,"key":"SMITH"},{"floor":24,"key":"REST"},{"floor":29,"key":"REST"},{"floor":32,"key":"REST"},{"data":"Mayhem","floor":40,"key":"SMITH"}],"circlet_count":0,"master_deck":["Strike_B","Strike_B","Defend_B","Defend_B","Defend_B","Dualcast","Sunder","Chill","Blizzard+1","Conserve Battery","Coolheaded","Capacitor","FTL","Loop","Creative AI+1","Coolheaded","Conserve Battery","Barrage","Hello World","Leap","Electrodynamics","Glacier+1","expansioncontent:CaCaw","Mayhem+1"],"relics":["Philosopher\u0027s Stone","Regal Pillow","Nunchaku","Guardian:PocketSentry","Tiny House","hubris:Icosahedron","TungstenRod","Molten Egg 2","Blood Vial","Black Star","hubris:Towel"],"acts_visited":["Exordium","TheCity","TheBeyond"],"potions_floor_usage":[14,16,18,19,25,31,33,33,41],"damage_taken":[{"damage":5,"enemies":"Jaw Worm","floor":1,"turns":4},{"damage":26,"enemies":"Lagavulin","floor":6,"turns":6},{"damage":3,"enemies":"2 Louse","floor":10,"turns":2},{"damage":4,"enemies":"Small Slimes","floor":12,"turns":4},{"damage":8,"enemies":"3 Louse","floor":13,"turns":3},{"damage":1,"enemies":"3 Sentries","floor":14,"turns":6},{"damage":13,"enemies":"Slime Boss","floor":16,"turns":7},{"damage":7,"enemies":"Shell Parasite","floor":18,"turns":7},{"damage":11,"enemies":"2 Thieves","floor":19,"turns":4},{"damage":24,"enemies":"Cultist and Chosen","floor":21,"turns":7},{"damage":29,"enemies":"Centurion and Healer","floor":23,"turns":6},{"damage":23,"enemies":"Book of Stabbing","floor":25,"turns":8},{"damage":5,"enemies":"Snecko","floor":28,"turns":7},{"damage":33,"enemies":"Sentry and Sphere","floor":30,"turns":7},{"damage":19,"enemies":"3 Cultists","floor":31,"turns":7},{"damage":40,"enemies":"Collector","floor":33,"turns":13},{"damage":4,"enemies":"Orb Walker","floor":35,"turns":6},{"damage":9,"enemies":"3 Darklings","floor":36,"turns":4},{"damage":48,"enemies":"Transient","floor":41,"turns":5},{"damage":11,"enemies":"Nemesis","floor":42,"turns":6}],"seed_played":"-6914924023263744368","potions_obtained":[{"floor":6,"key":"DuplicationPotion"},{"floor":14,"key":"sneckomod:MuddlingPotion"},{"floor":17,"key":"Weak Potion"},{"floor":18,"key":"EssenceOfSteel"},{"floor":23,"key":"sneckomod:MuddlingPotion"},{"floor":25,"key":"BlessingOfTheForge"},{"floor":30,"key":"FearPotion"},{"floor":35,"key":"EssenceOfDarkness"},{"floor":36,"key":"ColorlessPotion"},{"floor":41,"key":"FearPotion"}],"is_trial":false,"path_per_floor":["M","?","?","?","$","E","?","R","T","M","$","M","M","E","R","B",null,"M","M","?","M","?","M","R","E","T","$","M","R","M","M","R","B",null,"M","M","?","?","$","R","M","E"],"character_chosen":"DEFECT","items_purchased":["Sunder","Chill","Capacitor","Blood Vial"],"campfire_rested":4,"item_purchase_floors":[5,5,11,27],"current_hp_per_floor":[63,63,63,63,63,37,37,74,74,71,71,67,59,58,58,45,73,66,55,55,31,31,2,41,18,18,18,15,54,47,30,69,31,68,66,59,55,55,55,55,9,0,0],"gold":29,"neow_bonus":"BOSS_RELIC","is_daily":false,"chose_seed":false,"campfire_upgraded":2,"win_rate":0.0,"timestamp":1610626607,"path_taken":["M","?","?","?","$","E","?","R","T","M","$","M","M","E","R","BOSS","M","M","?","M","?","M","R","E","T","$","?","R","M","M","R","BOSS","M","M","?","?","?","R","?","E"],"items_purchased_type":["Card","Card","Card","Relic"],"build_version":"2020-12-22","purchased_purges":3,"victory":false,"max_hp_per_floor":[75,75,75,75,75,75,75,75,75,75,75,75,75,75,75,75,80,80,80,80,80,80,80,80,80,80,80,80,80,80,80,80,80,80,80,80,80,80,80,80,80,80,80],"card_choices":[{"not_picked":["Streamline","Undo","Gash"],"picked":"SKIP","floor":1},{"not_picked":["Cold Snap","Sweeping Beam"],"picked":"Blizzard","floor":6},{"not_picked":["Reboot","Heatsinks"],"picked":"Coolheaded","floor":10},{"not_picked":["Steam","Coolheaded"],"picked":"FTL","floor":12},{"not_picked":["Compile Driver","Ball Lightning","Fusion"],"picked":"SKIP","floor":13},{"not_picked":["Beam Cell","Melter"],"picked":"Loop","floor":14},{"not_picked":["Reboot","hubris:DoWhile"],"picked":"Creative AI","floor":16},{"not_picked":["Compile Driver","Stack"],"picked":"Coolheaded","floor":17},{"not_picked":["Hologram","Streamline"],"picked":"Conserve Battery","floor":18},{"not_picked":["Go for the Eyes","Beam Cell+1","Streamline"],"picked":"SKIP","floor":19},{"not_picked":["Steam Power+1","Turbo","hubris:PowerSurge"],"picked":"SKIP","floor":21},{"not_picked":["Consume+1","Barrage"],"picked":"Hello World","floor":23},{"not_picked":["Streamline","White Noise","Go for the Eyes"],"picked":"SKIP","floor":25},{"not_picked":["Steam+1","Compile Driver+1","Aggregate"],"picked":"SKIP","floor":28},{"not_picked":["hubris:PowerSurge","Rip and Tear+1"],"picked":"Leap","floor":30},{"not_picked":["Coolheaded","Reprogram+1","Redo+1"],"picked":"SKIP","floor":31},{"not_picked":["Fission","Multi-Cast"],"picked":"Electrodynamics","floor":33},{"not_picked":["Rebound+1","BootSequence","Ball Lightning+1"],"picked":"SKIP","floor":35},{"not_picked":["Defragment","Compile Driver+1"],"picked":"Glacier+1","floor":36},{"not_picked":["expansioncontent:Corrupt","Flash of Steel+1"],"picked":"expansioncontent:CaCaw","floor":37},{"not_picked":["expansioncontent:Flail+1","expansioncontent:DefensiveMode"],"picked":"Mayhem","floor":37},{"not_picked":["Ball Lightning+1","Rebound+1","Turbo"],"picked":"SKIP","floor":41}],"player_experience":1193435,"relics_obtained":[{"floor":6,"key":"Regal Pillow"},{"floor":9,"key":"Nunchaku"},{"floor":14,"key":"Guardian:PocketSentry"},{"floor":25,"key":"TungstenRod"},{"floor":26,"key":"Molten Egg 2"}],"event_choices":[{"damage_healed":0,"gold_gain":175,"player_choice":"AGREE","damage_taken":0,"max_hp_gain":0,"max_hp_loss":0,"event_name":"Liars Game","floor":2,"gold_loss":0,"cards_obtained":["Doubt"]},{"cards_removed":["Doubt"],"damage_healed":0,"gold_gain":0,"player_choice":"Forget","damage_taken":0,"max_hp_gain":0,"max_hp_loss":0,"event_name":"Living Wall","floor":3,"gold_loss":0},{"cards_removed":["Strike_B"],"damage_healed":0,"gold_gain":0,"player_choice":"Card Removal","damage_taken":0,"max_hp_gain":0,"max_hp_loss":0,"event_name":"The Cleric","floor":4,"gold_loss":50},{"damage_healed":0,"gold_gain":0,"player_choice":"Read","damage_taken":0,"max_hp_gain":0,"max_hp_loss":0,"event_name":"The Library","floor":20,"gold_loss":0,"cards_obtained":["Barrage"]},{"damage_healed":0,"gold_gain":0,"player_choice":"Memory 2","damage_taken":5,"max_hp_gain":0,"max_hp_loss":0,"event_name":"SensoryStone","floor":37,"gold_loss":0}],"is_beta":false,"boss_relics":[{"not_picked":["Busted Crown","Runic Dome"],"picked":"Tiny House"},{"not_picked":["hubris:VirtuousBlindfold","SlaversCollar"],"picked":"Black Star"}],"items_purged_floors":[5,27,39],"is_endless":false,"potions_floor_spawned":[6,14,18,23,25,30,35,36,41],"killed_by":"Nemesis","ascension_level":6}}