{"host":"krqozg1tp0zpuvz3","time":1610623862,"event":{"mods":["AchievementEnabler","BaseMod","Colored Map","DeckTracker","Keyboard Shortcuts","Minty Spire (QoL Compilation)","Permanent Neow","Relic Stats","Shop Mod","SuperFastMode"],"gold_per_floor":[112,112,124,139,149,149,181,181,230,230,230],"floor_reached":10,"language":"KOR","playtime":216,"items_purged":[],"score":133,"play_id":"110d8cf8-8811-488c-8135-9ea5425ff783","local_time":"20210114203102","is_ascension_mode":true,"campfire_choices":[{"floor":6,"key":"REST"}],"circlet_count":0,"master_deck":["AscendersBane","Strike_B","Strike_B","Strike_B","Strike_B","Defend_B","Defend_B","Defend_B","Defend_B","Zap","Dualcast","Thunder Strike","Sweeping Beam","Go for the Eyes","Doom and Gloom","BootSequence","FTL"],"relics":["Cracked Core","Eternal Feather","Happy Flower"],"acts_visited":["Exordium"],"potions_floor_usage":[7,10],"damage_taken":[{"damage":4,"enemies":"Small Slimes","floor":1,"turns":3},{"damage":4,"enemies":"2 Louse","floor":3,"turns":2},{"damage":6,"enemies":"Jaw Worm","floor":4,"turns":3},{"damage":4,"enemies":"Looter","floor":5,"turns":4},{"damage":52,"enemies":"Gremlin Nob","floor":7,"turns":6},{"damage":20,"enemies":"Lagavulin","floor":10,"turns":4}],"seed_played":"7685099444196906424","potions_obtained":[{"floor":3,"key":"SneckoOil"},{"floor":4,"key":"LiquidBronze"},{"floor":7,"key":"SpeedPotion"}],"is_trial":false,"path_per_floor":["M","?","M","M","M","R","E","?","T","E"],"character_chosen":"DEFECT","items_purchased":[],"campfire_rested":1,"item_purchase_floors":[],"current_hp_per_floor":[60,60,56,50,46,67,15,15,15,0,0],"gold":230,"neow_bonus":"ONE_RANDOM_RARE_CARD","is_daily":false,"chose_seed":false,"campfire_upgraded":0,"win_rate":0.0,"timestamp":1610623862,"path_taken":["M","?","M","M","M","R","E","?","T","E"],"items_purchased_type":[],"build_version":"2020-12-22","purchased_purges":0,"victory":false,"max_hp_per_floor":[71,71,71,71,71,71,71,71,71,71,71],"relic_stats":{"Happy Flower":[1],"counters":[6,22],"Eternal Feather":0,"obtain_stats":[{"Happy Flower":9,"Eternal Feather":7,"Cracked Core":0},{"Happy Flower":5,"Eternal Feather":5,"Cracked Core":0},{"Happy Flower":18,"Eternal Feather":18,"Cracked Core":0}]},"card_choices":[{"not_picked":["Rebound","Darkness"],"picked":"Sweeping Beam","floor":1},{"not_picked":["Fission","Gash"],"picked":"Go for the Eyes","floor":3},{"not_picked":["Aggregate","Go for the Eyes"],"picked":"Doom and Gloom","floor":4},{"not_picked":["Chill","Hello World"],"picked":"BootSequence","floor":5},{"not_picked":["Rebound","Go for the Eyes"],"picked":"FTL","floor":7}],"player_experience":287175,"relics_obtained":[{"floor":7,"key":"Eternal Feather"},{"floor":9,"key":"Happy Flower"}],"event_choices":[{"damage_healed":0,"gold_gain":0,"player_choice":"Ignored","damage_taken":0,"max_hp_gain":0,"max_hp_loss":0,"event_name":"Shining Light","floor":2,"gold_loss":0},{"damage_healed":0,"gold_gain":0,"player_choice":"Fled","damage_taken":0,"max_hp_gain":0,"max_hp_loss":0,"event_name":"Scrap Ooze","floor":8,"gold_loss":0}],"is_beta":false,"boss_relics":[],"items_purged_floors":[],"is_endless":false,"potions_floor_spawned":[3,4,7],"killed_by":"Lagavulin","ascension_level":19}}