{"host":"9ndbo4kgsfoemf7y","time":1610634741,"event":{"mods":["AchievementEnabler","BaseMod","Colored Map","DeckTracker","Keyboard Shortcuts","Minty Spire (QoL Compilation)","Permanent Neow","Quick Restart","Relic Stats","StSLib","SuperFastMode"],"gold_per_floor":[416,56,76,93,93,93,93,107,119,119,119,181,181,181,81,81,81,81],"floor_reached":17,"language":"KOR","playtime":500,"items_purged":["Strike_G","Defend_G"],"score":190,"play_id":"5bc0f4a1-0ab6-44a9-9acf-2866730fcd1f","local_time":"20210114233221","is_ascension_mode":true,"campfire_choices":[{"data":"Neutralize","floor":7,"key":"SMITH"},{"data":"Crippling Poison","floor":11,"key":"SMITH"},{"floor":14,"key":"REST"},{"data":"Blade Dance","floor":16,"key":"SMITH"}],"circlet_count":0,"master_deck":["AscendersBane","Strike_G","Strike_G","Strike_G","Defend_G","Defend_G","Defend_G","Defend_G","Survivor","Neutralize+1","Blade Dance+1","Crippling Poison+1","Calculated Gamble+1","Heel Hook","Reflex"],"relics":["Ring of the Snake","Old Coin","Question Card","Bottled Flame","InkBottle"],"acts_visited":["Exordium"],"potions_floor_usage":[12],"damage_taken":[{"damage":2,"enemies":"Jaw Worm","floor":1,"turns":8},{"damage":1,"enemies":"Cultist","floor":3,"turns":3},{"damage":6,"enemies":"2 Louse","floor":4,"turns":4},{"damage":18,"enemies":"Gremlin Gang","floor":8,"turns":3},{"damage":2,"enemies":"2 Fungi Beasts","floor":9,"turns":3},{"damage":28,"enemies":"Gremlin Nob","floor":12,"turns":4},{"damage":49,"enemies":"The Guardian","floor":17,"turns":11}],"seed_played":"-3699718730749873651","potions_obtained":[{"floor":3,"key":"Ancient Potion"},{"floor":8,"key":"AttackPotion"},{"floor":12,"key":"FairyPotion"}],"is_trial":false,"path_per_floor":["M","$","M","M","M","?","R","M","M","T","R","?","?","R","$","R","B"],"character_chosen":"THE_SILENT","items_purchased":["Question Card"],"campfire_rested":1,"item_purchase_floors":[2],"current_hp_per_floor":[57,57,56,50,50,50,50,32,30,30,30,2,2,20,20,20,0,0],"gold":81,"neow_bonus":"ONE_RARE_RELIC","is_daily":false,"chose_seed":false,"campfire_upgraded":3,"win_rate":0.0,"timestamp":1610634741,"path_taken":["M","$","M","M","M","?","R","?","M","T","R","?","?","R","$","R","BOSS"],"items_purchased_type":["Relic"],"build_version":"2020-12-22","purchased_purges":2,"victory":false,"max_hp_per_floor":[60,60,60,60,60,60,60,60,60,60,60,60,60,60,60,60,60,60],"relic_stats":{"counters":[7,36],"Question Card":5,"obtain_stats":[{"Bottled Flame":10,"Question Card":2,"InkBottle":12,"Ring of the Snake":0,"Old Coin":0},{"Bottled Flame":5,"Question Card":1,"InkBottle":5,"Ring of the Snake":0,"Old Coin":0},{"Bottled Flame":21,"Question Card":8,"InkBottle":21,"Ring of the Snake":0,"Old Coin":0}],"InkBottle":[7],"Ring of the Snake":[14]},"card_choices":[{"not_picked":["Sucker Punch","Deflect"],"picked":"Blade Dance","floor":1},{"not_picked":["All Out Attack","Leg Sweep","Predator"],"picked":"Crippling Poison","floor":3},{"not_picked":["Terror","Dagger Spray","Predator"],"picked":"Calculated Gamble","floor":4},{"not_picked":["Deadly Poison","Flying Knee","Backflip"],"picked":"Heel Hook","floor":8},{"not_picked":["Flying Knee","Setup","Wraith Form v2"],"picked":"Reflex","floor":9}],"player_experience":818801,"relics_obtained":[{"floor":10,"key":"Bottled Flame"}],"event_choices":[{"damage_healed":0,"gold_gain":0,"player_choice":"Upgraded","damage_taken":0,"max_hp_gain":0,"max_hp_loss":0,"event_name":"Upgrade Shrine","floor":6,"gold_loss":0,"cards_upgraded":["Calculated Gamble"]},{"damage_healed":0,"gold_gain":0,"player_choice":"Searched \u00273\u0027 times","damage_taken":0,"relics_obtained":["InkBottle"],"max_hp_gain":0,"max_hp_loss":0,"event_name":"Dead Adventurer","floor":12,"gold_loss":0},{"cards_removed":["Strike_G"],"damage_healed":0,"gold_gain":0,"player_choice":"Purged","damage_taken":0,"max_hp_gain":0,"max_hp_loss":0,"event_name":"Purifier","floor":13,"gold_loss":0}],"is_beta":false,"boss_relics":[],"items_purged_floors":[2,15],"is_endless":false,"potions_floor_spawned":[3,8,12],"killed_by":"The Guardian","ascension_level":20}}