{"host":"kosfzzvw61a59szc","time":1610614945,"event":{"mods":["ATMod(∞¢Ë™Mod)","Act Like it!","Arknights The Spire","BaseMod","CapriCore","Downfall","Gensokyo","Marisa£®ÏF”Í°°ƒß¿Ì…≥£©","Minty Spire (QoL Compilation)","Reimu£®≤©¿ˆ¡È√Œ£©","Remilia£®¿Ÿ√◊¿Ú—«£©","Replay The Spire","Shop Mod","StSLib","The Administrix","WarShipGirlsR/’ΩΩ¢…Ÿ≈ÆR mod","Yakumo Yukari mod","Youmu£®ªÍ∆«—˝√Œ£©","°æπ¶ƒ‹Mod°øªÏ„Á÷Æª∑–ﬁ∏¥≤π∂°","°æ“≈ŒÔø®≈∆°øREMEMod","ÛÙª÷∏ƒœ"],"gold_per_floor":[112,8,27,0,19,19,234,234,234],"floor_reached":8,"language":"ZHS","playtime":479,"items_purged":[],"score":50,"play_id":"50062a95-f62c-4dbe-b459-de0ddf8e9556","local_time":"20210114170225","is_ascension_mode":true,"campfire_choices":[{"data":"AT_EssenceShift","floor":6,"key":"SMITH"}],"circlet_count":0,"master_deck":["ats:Strike C","ats:Strike G","ats:Strike S","ats:Strike V","ats:Armor Crushing Shot","ats:Defend","ats:Defend","ats:Defend","ats:Defend","ats:Emotion Absorption","AT_EssenceShift+1","ats:Flexible Camouflage","ats:Demon Strength","ats:Healing Drone","ats:Thermite Blade"],"relics":["ats:Sanity","REME_ComplimentaryCards","AT_ATBox","Replay:Arrowhead"],"acts_visited":["Gensokyo:Gensokyo"],"potions_floor_usage":[],"damage_taken":[{"damage":15,"enemies":"Gensokyo:Gryphon","floor":1,"turns":5},{"damage":14,"enemies":"Gensokyo:Python","floor":3,"turns":4},{"damage":8,"enemies":"Gensokyo:2_Kodama","floor":5,"turns":4},{"damage":22,"enemies":"Gensokyo:Kitsune","floor":7,"turns":4},{"damage":51,"enemies":"Gensokyo:Aya","floor":8,"turns":5}],"seed_played":"-7851601635443638776","potions_obtained":[{"floor":1,"key":"Swift Potion"}],"is_trial":false,"path_per_floor":["M","COS","M","?","M","R","M","E"],"character_chosen":"DOCTOR_CLASS","items_purchased":[],"campfire_rested":0,"item_purchase_floors":[],"current_hp_per_floor":[64,64,50,63,55,55,39,0,0],"gold":234,"neow_bonus":"TEN_PERCENT_HP_BONUS","is_daily":false,"chose_seed":false,"campfire_upgraded":1,"win_rate":0.0,"timestamp":1610614945,"path_taken":["M","COS","M","?","M","R","M","E"],"items_purchased_type":[],"build_version":"2020-12-22","purchased_purges":0,"victory":false,"max_hp_per_floor":[79,79,79,79,79,79,79,79,79],"card_choices":[{"not_picked":["ats:Ignite","ats:Apocalypse"],"picked":"ats:Flexible Camouflage","floor":1},{"not_picked":["ats:Counter Healing Mode","ats:Cat Scratch"],"picked":"ats:Demon Strength","floor":3},{"not_picked":["ats:Explosion Area Strengthen","ats:Consecutive Shot Auto"],"picked":"ats:Healing Drone","floor":5},{"not_picked":["ats:Disruption Kick","ats:Ignite"],"picked":"ats:Thermite Blade","floor":7}],"player_experience":1241977,"relics_obtained":[],"event_choices":[],"is_beta":false,"boss_relics":[],"items_purged_floors":[],"is_endless":false,"potions_floor_spawned":[1],"killed_by":"Gensokyo:Aya","ascension_level":1}}