{"host":"szp1d6dso4pv7ddl","time":1610600853,"event":{"mods":["AchievementEnabler","Alarm Clock","BaseMod","Bestiary","Colored Map","Curses Come First","Dark Map","Displayed Cursed Tome","Highlight Path","Minty Spire (QoL Compilation)","Permanent Neow","Quick Restart","Relic Sorter","Relic Stats","StSLib","Synergy Search"],"gold_per_floor":[13,13,13,36,0,0,18,31,103,103,123,33,46,46,46,142,142,155,155,168,168,168,168],"floor_reached":22,"language":"ENG","playtime":1296,"items_purged":[],"score":326,"play_id":"026eb940-a710-4429-a759-de9612d0fbc3","local_time":"20210113210733","is_ascension_mode":true,"campfire_choices":[{"floor":6,"key":"REST"},{"floor":10,"key":"REST"},{"data":"Envenom","floor":15,"key":"SMITH"}],"circlet_count":0,"master_deck":["AscendersBane","Strike_G","Strike_G","Strike_G","Strike_G","Strike_G","Defend_G","Defend_G","Defend_G","Defend_G","Defend_G","Survivor","Neutralize","Envenom+1","Flying Knee","Neutralize","Poisoned Stab","Cloak And Dagger","Slice","Slice","Escape Plan","Sucker Punch","Noxious Fumes","After Image","Blur","Expertise"],"relics":["Golden Idol","Darkstone Periapt","Sozu","Enchiridion","Nloth\u0027s Gift"],"acts_visited":["Exordium","TheCity"],"potions_floor_usage":[11,16,22],"damage_taken":[{"damage":6,"enemies":"Cultist","floor":1,"turns":5},{"damage":7,"enemies":"Jaw Worm","floor":4,"turns":5},{"damage":1,"enemies":"2 Louse","floor":7,"turns":4},{"damage":13,"enemies":"Exordium Wildlife","floor":8,"turns":6},{"damage":9,"enemies":"Red Slaver","floor":11,"turns":5},{"damage":6,"enemies":"2 Fungi Beasts","floor":13,"turns":3},{"damage":27,"enemies":"Hexaghost","floor":16,"turns":10},{"damage":16,"enemies":"Shell Parasite","floor":18,"turns":7},{"damage":9,"enemies":"3 Byrds","floor":20,"turns":4},{"damage":12,"enemies":"Shelled Parasite and Fungi","floor":22,"turns":1}],"seed_played":"-2620963324295373062","potions_obtained":[{"floor":8,"key":"SneckoOil"},{"floor":11,"key":"Block Potion"},{"floor":16,"key":"AttackPotion"}],"is_trial":false,"path_per_floor":["M","?","?","M","?","R","M","M","T","R","M","$","M","?","R","B",null,"M","?","M","?","M"],"character_chosen":"THE_SILENT","items_purchased":["Escape Plan","Sucker Punch"],"campfire_rested":2,"item_purchase_floors":[12,12],"current_hp_per_floor":[53,30,30,23,23,42,41,28,28,47,38,38,32,54,54,27,56,40,19,10,10,0,0],"gold":168,"neow_bonus":"THREE_RARE_CARDS","is_daily":false,"chose_seed":false,"campfire_upgraded":1,"win_rate":0.0,"timestamp":1610600853,"path_taken":["M","?","?","?","?","R","M","M","T","R","M","$","M","?","R","BOSS","M","?","M","?","?"],"items_purchased_type":["Card","Card"],"build_version":"2020-12-22","purchased_purges":0,"victory":false,"max_hp_per_floor":[66,66,66,66,66,66,66,66,66,66,66,66,66,66,66,66,66,66,66,66,66,66,66],"relic_stats":{"Darkstone Periapt":0,"Sozu":0,"counters":[10,50],"Golden Idol":44,"Nloth\u0027s Gift":0,"obtain_stats":[{"Darkstone Periapt":9,"Sozu":17,"Golden Idol":2,"Enchiridion":19,"Nloth\u0027s Gift":21,"Ring of the Snake":0},{"Darkstone Periapt":4,"Sozu":7,"Golden Idol":1,"Enchiridion":8,"Nloth\u0027s Gift":9,"Ring of the Snake":0},{"Darkstone Periapt":20,"Sozu":38,"Golden Idol":5,"Enchiridion":45,"Nloth\u0027s Gift":49,"Ring of the Snake":0}]},"card_choices":[{"not_picked":["Venomology","Night Terror"],"picked":"Envenom","floor":0},{"not_picked":["Backflip","Underhanded Strike"],"picked":"Flying Knee","floor":1},{"not_picked":["Acrobatics","Night Terror"],"picked":"Poisoned Stab","floor":4},{"not_picked":["Underhanded Strike","Acrobatics"],"picked":"Cloak And Dagger","floor":7},{"not_picked":["Dagger Throw","Acrobatics"],"picked":"Slice","floor":8},{"not_picked":["All Out Attack","Quick Slash"],"picked":"Slice","floor":11},{"not_picked":["Backflip","Sucker Punch"],"picked":"Noxious Fumes","floor":13},{"not_picked":["Bullet Time","Die Die Die"],"picked":"After Image","floor":16},{"not_picked":["Dagger Throw+1","Quick Slash"],"picked":"Blur","floor":18},{"not_picked":["Deadly Poison","PiercingWail"],"picked":"Expertise","floor":20}],"player_experience":1169922,"relics_obtained":[{"floor":9,"key":"Darkstone Periapt"}],"event_choices":[{"damage_healed":0,"gold_gain":0,"player_choice":"Take Damage","damage_taken":23,"relics_obtained":["Golden Idol"],"max_hp_gain":0,"max_hp_loss":0,"event_name":"Golden Idol","floor":2,"gold_loss":0},{"damage_healed":0,"gold_gain":0,"player_choice":"1 cards matched","damage_taken":0,"max_hp_gain":0,"max_hp_loss":0,"event_name":"Match and Keep!","floor":3,"gold_loss":0,"cards_obtained":["Neutralize"]},{"damage_healed":0,"gold_gain":0,"player_choice":"Left Gold","damage_taken":0,"max_hp_gain":0,"max_hp_loss":0,"event_name":"World of Goop","floor":5,"gold_loss":36},{"damage_healed":22,"gold_gain":0,"player_choice":"Banana","damage_taken":0,"max_hp_gain":0,"max_hp_loss":0,"event_name":"Big Fish","floor":14,"gold_loss":0},{"damage_healed":0,"gold_gain":0,"player_choice":"Obtained Book","damage_taken":21,"max_hp_gain":0,"max_hp_loss":0,"event_name":"Cursed Tome","floor":19,"gold_loss":0},{"damage_healed":0,"gold_gain":0,"player_choice":"Traded Relic","damage_taken":0,"relics_obtained":["Nloth\u0027s Gift"],"max_hp_gain":0,"max_hp_loss":0,"event_name":"N\u0027loth","floor":21,"relics_lost":["Ring of the Snake"],"gold_loss":0}],"is_beta":false,"boss_relics":[{"not_picked":["SlaversCollar","Ectoplasm"],"picked":"Sozu"}],"items_purged_floors":[],"is_endless":false,"potions_floor_spawned":[8,11,16],"killed_by":"Shelled Parasite and Fungi","ascension_level":17}}