{"host":"0cgp910o8339lr91","time":1610638497,"event":{"mods":["BaseMod","Block Reminder","Colored Map","Colored Powertips","Minty Spire (QoL Compilation)","Relic Stats","Slay-I","ojb\u0027s Better Paths Mod","ojb\u0027s Info Mod"],"gold_per_floor":[109,121,138,152,152,152,187,187,239,267,247,273,283,302,302,376,376,387,87,107,107,122,150,150,184,266,266,266,276,276,310,310,387,387,407,228,246,266,277,302,302,21,21,56,68,80,96,96,96,96,96,96,24,58,58],"floor_reached":56,"language":"ENG","playtime":4257,"items_purged":["Strike_B","Strike_B","Defend_B"],"score":2194,"play_id":"1c0ffe84-a609-49ed-a95b-7f3d853d03e3","local_time":"20210114163457","is_ascension_mode":true,"campfire_choices":[{"floor":6.0,"key":"RECALL"},{"floor":8.0,"key":"REST"},{"floor":15.0,"key":"REST"},{"floor":24.0,"key":"REST"},{"floor":27.0,"key":"REST"},{"floor":30.0,"key":"REST"},{"floor":32.0,"key":"REST"},{"floor":41.0,"key":"REST"},{"floor":49.0,"key":"REST"},{"floor":52.0,"key":"REST"}],"circlet_count":0,"master_deck":["AscendersBane","Defend_B","Defend_B","Defend_B","Zap","Dualcast","Doom and Gloom+1","Chill","Cold Snap","Compile Driver","Hyperbeam+1","Rainbow","Cold Snap","Doom and Gloom","Static Discharge+1","Core Surge","Skim+1","Self Repair+1","Compile Driver","Ghostly","Ghostly","Ghostly","Ghostly","Ghostly","Darkness+1","Compile Driver","Chill","Aggregate","Biased Cognition+1","Lockon+1","Storm+1","Capacitor+1","Coolheaded+1","Loop+1","White Noise+1","Machine Learning+1","Cold Snap","Loop+1"],"relics":["Fusion Hammer","Frozen Egg 2","Toy Ornithopter","Omamori","HornCleat","Inserter","Chemical X","Ornamental Fan","Incense Burner","Kunai","Bottled Lightning","Black Star","Ancient Tea Set","CaptainsWheel","Toolbox","Whetstone","Prayer Wheel","StoneCalendar","White Beast Statue"],"acts_visited":["Exordium","TheCity","TheBeyond","TheEnding"],"potions_floor_usage":[55,55],"damage_taken":[{"damage":1.0,"enemies":"2 Louse","floor":1.0,"turns":3.0},{"damage":4.0,"enemies":"Small Slimes","floor":2.0,"turns":3.0},{"damage":0.0,"enemies":"Cultist","floor":3.0,"turns":2.0},{"damage":5.0,"enemies":"Blue Slaver","floor":4.0,"turns":4.0},{"damage":33.0,"enemies":"Gremlin Nob","floor":7.0,"turns":4.0},{"damage":16.0,"enemies":"3 Sentries","floor":10.0,"turns":3.0},{"damage":9.0,"enemies":"Lagavulin","floor":12.0,"turns":7.0},{"damage":0.0,"enemies":"2 Fungi Beasts","floor":13.0,"turns":2.0},{"damage":5.0,"enemies":"Gremlin Gang","floor":14.0,"turns":2.0},{"damage":27.0,"enemies":"The Guardian","floor":16.0,"turns":10.0},{"damage":8.0,"enemies":"Spheric Guardian","floor":18.0,"turns":4.0},{"damage":5.0,"enemies":"3 Byrds","floor":20.0,"turns":2.0},{"damage":0.0,"enemies":"Sentry and Sphere","floor":22.0,"turns":7.0},{"damage":5.0,"enemies":"Slavers","floor":23.0,"turns":6.0},{"damage":30.0,"enemies":"Book of Stabbing","floor":25.0,"turns":6.0},{"damage":3.0,"enemies":"3 Cultists","floor":29.0,"turns":5.0},{"damage":0.0,"enemies":"Gremlin Leader","floor":31.0,"turns":11.0},{"damage":0.0,"enemies":"Automaton","floor":33.0,"turns":9.0},{"damage":9.0,"enemies":"Orb Walker","floor":35.0,"turns":8.0},{"damage":0.0,"enemies":"3 Darklings","floor":37.0,"turns":7.0},{"damage":0.0,"enemies":"4 Shapes","floor":38.0,"turns":6.0},{"damage":0.0,"enemies":"Sphere and 2 Shapes","floor":39.0,"turns":8.0},{"damage":2.0,"enemies":"Reptomancer","floor":40.0,"turns":7.0},{"damage":0.0,"enemies":"Nemesis","floor":44.0,"turns":7.0},{"damage":9.0,"enemies":"Writhing Mass","floor":45.0,"turns":6.0},{"damage":0.0,"enemies":"Transient","floor":46.0,"turns":5.0},{"damage":0.0,"enemies":"Spire Growth","floor":47.0,"turns":5.0},{"damage":2.0,"enemies":"Donu and Deca","floor":50.0,"turns":7.0},{"damage":0.0,"enemies":"Shield and Spear","floor":54.0,"turns":4.0},{"damage":15,"enemies":"The Heart","floor":55,"turns":9}],"seed_played":"-8905030925469534656","potions_obtained":[{"floor":3.0,"key":"Strength Potion"},{"floor":11.0,"key":"FearPotion"},{"floor":29.0,"key":"EssenceOfDarkness"},{"floor":33.0,"key":"Weak Potion"},{"floor":35.0,"key":"Swift Potion"},{"floor":40.0,"key":"BlessingOfTheForge"},{"floor":54.0,"key":"FocusPotion"}],"is_trial":false,"path_per_floor":["M","M","M","M","?","R","E","R","T","E","?","E","M","M","R","B",null,"M","$","M","?","M","E","R","E","T","R","?","M","R","E","R","B",null,"M","$","M","M","M","E","R","$","T","E","M","M","M","?","R","B",null,"R","$","E","B",null],"character_chosen":"DEFECT","items_purchased":["Self Repair+1","Chemical X","Storm+1","Toolbox","Loop+1"],"campfire_rested":9,"item_purchase_floors":[19,19,36,42,53],"current_hp_per_floor":[63,59,59,54,54,54,21,42,42,26,26,17,17,12,33,6,55,47,47,42,35,35,30,35,20,20,30,30,35,35,35,35,35,35,35,35,35,35,35,35,35,35,35,35,35,35,35,33,33,33,33,33,33,33,18],"gold":58,"neow_bonus":"BOSS_RELIC","is_daily":false,"chose_seed":false,"campfire_upgraded":0,"win_rate":0.0,"timestamp":1610638497,"path_taken":["M","M","M","M","?","R","E","R","T","E","?","E","M","?","R","BOSS","M","$","M","?","M","E","R","E","T","R","?","M","R","E","R","BOSS","M","$","M","?","M","E","R","$","T","E","M","M","M","?","R","BOSS","R","$","E","BOSS"],"items_purchased_type":["Card","Relic","Card","Relic","Card"],"build_version":"2020-12-22","purchased_purges":3,"victory":true,"max_hp_per_floor":[71,71,71,71,71,71,71,71,71,71,71,71,71,71,71,71,71,71,71,71,35,35,35,35,35,35,35,35,35,35,35,35,35,35,35,35,35,35,35,35,35,35,35,35,35,35,35,33,33,33,33,33,33,33,33],"relic_stats":{"Inserter":[64],"counters":[30,168],"Ornamental Fan":[64],"Prayer Wheel":3,"StoneCalendar":[23],"Black Star":3,"Chemical X":[1],"Kunai":[14],"Whetstone":["Doom and Gloom","Hyperbeam"],"obtain_stats":[{"Inserter":17,"StoneCalendar":54,"Omamori":10,"Incense Burner":25,"Whetstone":44,"Frozen Egg 2":7,"Ancient Tea Set":40,"White Beast Statue":54,"CaptainsWheel":40,"HornCleat":12,"Ornamental Fan":23,"Toolbox":42,"Prayer Wheel":44,"Fusion Hammer":0,"Black Star":34,"Chemical X":19,"Kunai":26,"Bottled Lightning":31,"Cracked Core":0,"Toy Ornithopter":9},{"Inserter":10,"StoneCalendar":29,"Omamori":6,"Incense Burner":15,"Whetstone":24,"Frozen Egg 2":5,"Ancient Tea Set":23,"White Beast Statue":29,"CaptainsWheel":23,"HornCleat":7,"Ornamental Fan":14,"Toolbox":23,"Prayer Wheel":24,"Fusion Hammer":0,"Black Star":18,"Chemical X":11,"Kunai":15,"Bottled Lightning":17,"Cracked Core":0,"Toy Ornithopter":5},{"Inserter":40,"StoneCalendar":160,"Omamori":19,"Incense Burner":65,"Whetstone":133,"Frozen Egg 2":16,"Ancient Tea Set":126,"White Beast Statue":160,"CaptainsWheel":126,"HornCleat":26,"Ornamental Fan":59,"Toolbox":126,"Prayer Wheel":133,"Fusion Hammer":0,"Black Star":90,"Chemical X":44,"Kunai":65,"Bottled Lightning":81,"Cracked Core":0,"Toy Ornithopter":16}],"Toy Ornithopter":5},"card_choices":[{"not_picked":["Compile Driver","Consume"],"picked":"Doom and Gloom","floor":1.0},{"not_picked":["Streamline","Rebound"],"picked":"Chill","floor":2.0},{"not_picked":["Heatsinks","White Noise"],"picked":"Cold Snap","floor":3.0},{"not_picked":["Beam Cell","Reprogram"],"picked":"Compile Driver","floor":4.0},{"not_picked":["Undo","Rebound"],"picked":"Rainbow","floor":7.0},{"not_picked":["Rebound","Darkness"],"picked":"Cold Snap","floor":10.0},{"not_picked":["Go for the Eyes","Chaos"],"picked":"Doom and Gloom","floor":12.0},{"not_picked":["Stack","Redo","Turbo"],"picked":"SKIP","floor":13.0},{"not_picked":["Recycle","Chaos"],"picked":"Static Discharge+1","floor":14.0},{"not_picked":["Seek","Multi-Cast"],"picked":"Core Surge","floor":16.0},{"not_picked":["Turbo","Aggregate"],"picked":"Skim+1","floor":18.0},{"not_picked":["Tempest","Cold Snap"],"picked":"Compile Driver","floor":20.0},{"not_picked":["Hello World+1","Double Energy"],"picked":"Darkness+1","floor":22.0},{"not_picked":["Hello World+1","Blizzard"],"picked":"Compile Driver","floor":23.0},{"not_picked":["Self Repair+1","Redo"],"picked":"Chill","floor":25.0},{"not_picked":["Self Repair+1","Ball Lightning"],"picked":"Aggregate","floor":29.0},{"not_picked":["Turbo","Barrage","Scrape"],"picked":"SKIP","floor":31.0},{"not_picked":["Seek","Meteor Strike"],"picked":"Biased Cognition+1","floor":33.0},{"not_picked":["Darkness","Genetic Algorithm"],"picked":"Lockon+1","floor":35.0},{"not_picked":["Conserve Battery","Stack"],"picked":"Capacitor+1","floor":37.0},{"not_picked":["Melter","Coolheaded","Gash+1"],"picked":"SKIP","floor":38.0},{"not_picked":["Darkness","Chill"],"picked":"Coolheaded+1","floor":39.0},{"not_picked":["Tempest+1","Go for the Eyes","Sweeping Beam"],"picked":"SKIP","floor":40.0},{"not_picked":["Turbo","BootSequence","Stack"],"picked":"SKIP","floor":44.0},{"not_picked":["Reinforced Body","Ball Lightning"],"picked":"Loop+1","floor":45.0},{"not_picked":["Go for the Eyes","Recycle"],"picked":"White Noise+1","floor":45.0},{"not_picked":["Barrage","Undo"],"picked":"Machine Learning+1","floor":46.0},{"not_picked":["Steam","Stack","Sweeping Beam"],"picked":"SKIP","floor":46.0},{"not_picked":["Turbo","Ball Lightning"],"picked":"Cold Snap","floor":47.0},{"not_picked":["Gash","Chaos","Scrape+1"],"picked":"SKIP","floor":47.0},{"not_picked":["Turbo+1","Stack","Recycle"],"picked":"SKIP","floor":54.0}],"player_experience":1421638,"relics_obtained":[{"floor":7.0,"key":"Frozen Egg 2"},{"floor":9.0,"key":"Toy Ornithopter"},{"floor":10.0,"key":"Omamori"},{"floor":12.0,"key":"HornCleat"},{"floor":23.0,"key":"Ornamental Fan"},{"floor":25.0,"key":"Incense Burner"},{"floor":26.0,"key":"Kunai"},{"floor":31.0,"key":"Bottled Lightning"},{"floor":40.0,"key":"Ancient Tea Set"},{"floor":40.0,"key":"CaptainsWheel"},{"floor":44.0,"key":"Whetstone"},{"floor":44.0,"key":"Prayer Wheel"},{"floor":54.0,"key":"StoneCalendar"},{"floor":54.0,"key":"White Beast Statue"}],"event_choices":[{"damage_healed":0.0,"max_hp_gain":0.0,"max_hp_loss":0.0,"gold_gain":0.0,"cards_transformed":["Strike_B"],"event_name":"Living Wall","player_choice":"Change","floor":5.0,"gold_loss":0.0,"damage_taken":0.0,"cards_obtained":["Hyperbeam"]},{"damage_healed":0.0,"max_hp_gain":0.0,"max_hp_loss":0.0,"gold_gain":0.0,"event_name":"The Woman in Blue","player_choice":"Bought 1 Potion","floor":11.0,"gold_loss":0.0,"damage_taken":0.0},{"damage_healed":0.0,"max_hp_gain":0.0,"max_hp_loss":36.0,"gold_gain":0.0,"event_name":"Ghosts","player_choice":"Became a Ghost","floor":21.0,"gold_loss":0.0,"damage_taken":0.0,"cards_obtained":["Ghostly","Ghostly","Ghostly","Ghostly","Ghostly"]},{"cards_removed":["Strike_B"],"damage_healed":0.0,"max_hp_gain":0.0,"max_hp_loss":0.0,"gold_gain":0.0,"event_name":"Purifier","player_choice":"Purged","floor":28.0,"gold_loss":0.0,"damage_taken":0.0},{"damage_healed":0.0,"max_hp_gain":0.0,"max_hp_loss":2.0,"gold_gain":0.0,"event_name":"Winding Halls","player_choice":"Max HP","floor":48.0,"gold_loss":0.0,"damage_taken":0.0}],"is_beta":false,"boss_relics":[{"not_picked":["Nuclear Battery","Tiny House"],"picked":"Inserter"},{"not_picked":["Empty Cage","Philosopher\u0027s Stone"],"picked":"Black Star"}],"items_purged_floors":[19,36,42],"is_endless":false,"potions_floor_spawned":[3,12,14,16,22,29,31,33,35,40,45,47,54],"ascension_level":14}}