{"host":"tnsigirk6wurdark","time":1610611021,"event":{"mods":["BaseMod","Bestiary","Colored Map","Colored Powertips","Curses Come First","DeckTracker","Highlight Path","Minty Spire (QoL Compilation)","Quick Restart","Relic Sorter","StSLib","Synergy Search"],"gold_per_floor":[113,28,41,59,78,103,103,103,103],"floor_reached":8,"language":"ENG","playtime":483,"items_purged":[],"score":104,"play_id":"a4f96aa1-2000-4420-b023-ed55851bd029","local_time":"20210114075701","is_ascension_mode":true,"campfire_choices":[{"data":"Acrobatics","floor":7,"key":"SMITH"}],"circlet_count":0,"master_deck":["AscendersBane","Strike_G","Strike_G","Strike_G","Defend_G","Defend_G","Defend_G","Defend_G","Survivor","Neutralize","Deadly Poison+1","Concentrate+1","Storm of Steel+1","Endless Agony","Deflect","Deadly Poison","Infinite Blades","Acrobatics+1"],"relics":["Astrolabe","Akabeko"],"acts_visited":["Exordium"],"potions_floor_usage":[6,6],"damage_taken":[{"damage":0,"enemies":"Small Slimes","floor":1,"turns":4},{"damage":4,"enemies":"2 Louse","floor":3,"turns":3},{"damage":2,"enemies":"Cultist","floor":4,"turns":4},{"damage":4,"enemies":"Blue Slaver","floor":5,"turns":4},{"damage":33,"enemies":"3 Sentries","floor":6,"turns":7},{"damage":39,"enemies":"Gremlin Nob","floor":8,"turns":3}],"seed_played":"6000557211520244238","potions_obtained":[{"floor":5,"key":"Regen Potion"}],"is_trial":false,"path_per_floor":["M","$","M","M","M","E","R","E"],"character_chosen":"THE_SILENT","items_purchased":["DuplicationPotion"],"campfire_rested":0,"item_purchase_floors":[2],"current_hp_per_floor":[59,59,55,53,49,31,31,0,0],"gold":103,"neow_bonus":"BOSS_RELIC","is_daily":false,"chose_seed":false,"campfire_upgraded":1,"win_rate":0.0,"timestamp":1610611021,"path_taken":["M","$","M","M","M","E","R","E"],"items_purchased_type":["Potion"],"build_version":"2020-12-22","purchased_purges":0,"victory":false,"max_hp_per_floor":[66,66,66,66,66,66,66,66,66],"card_choices":[{"not_picked":["Sucker Punch","Flying Knee"],"picked":"Endless Agony","floor":1},{"not_picked":["Predator","Outmaneuver"],"picked":"Deflect","floor":3},{"not_picked":["Expertise","Predator"],"picked":"Deadly Poison","floor":4},{"not_picked":["Flechettes","Flying Knee"],"picked":"Infinite Blades","floor":5},{"not_picked":["Backflip","Sucker Punch"],"picked":"Acrobatics","floor":6}],"player_experience":741537,"relics_obtained":[{"floor":6,"key":"Akabeko"}],"event_choices":[],"is_beta":false,"boss_relics":[],"items_purged_floors":[],"is_endless":false,"potions_floor_spawned":[5],"killed_by":"Gremlin Nob","ascension_level":16}}