{"host":"jf9sa0j18a3cnoxw","time":1610583348,"event":{"mods":["Act Like it!","BaseMod","Duelist Mod","Minty Spire (QoL Compilation)","Relic Stats","Replay The Spire","StSLib","The Bug Knight"],"gold_per_floor":[118,138,138,57,57,19,35,67,67,67,67],"floor_reached":10,"language":"ENG","playtime":762,"items_purged":[],"score":66,"play_id":"fe962de7-ac2e-489a-9b46-c9a7a1b16601","local_time":"20210113191548","is_ascension_mode":false,"campfire_choices":[],"circlet_count":0,"master_deck":["HollowMod:NailStrikeStart","HollowMod:NailStrikeStart","HollowMod:NailStrikeStart+1","HollowMod:NailStrikeStart","HollowMod:QuickDashStart","HollowMod:QuickDashStart","HollowMod:QuickDashStart","HollowMod:QuickDashStart+1","HollowMod:FocusHealStart","HollowMod:PogoStrike","HollowMod:DashSlash","HollowMod:ChannelNail","HollowMod:Grubsong","HollowMod:DesolateDive","HollowMod:GreatSlash","HollowMod:NewGlowingWomb"],"relics":["HollowMod:VesselMask","NeowsBlessing","Pantograph","Potion Belt"],"acts_visited":["Exordium"],"potions_floor_usage":[8,10],"damage_taken":[{"damage":0,"enemies":"Cultist","floor":1,"turns":1},{"damage":0,"enemies":"2 Louse","floor":2,"turns":1},{"damage":0,"enemies":"Jaw Worm","floor":7,"turns":1},{"damage":31,"enemies":"Replay:BlueRogue","floor":8,"turns":6},{"damage":32,"enemies":"Lagavulin","floor":10,"turns":5}],"seed_played":"1897796978891236396","potions_obtained":[{"floor":1,"key":"Weak Potion"},{"floor":8,"key":"Strength Potion"}],"is_trial":false,"path_per_floor":["M","M","?","$","?","$","M","E","T","E"],"character_chosen":"THE_BUGKNIGHT","items_purchased":["HollowMod:Grubsong","HollowMod:DesolateDive"],"campfire_rested":0,"item_purchase_floors":[4,6],"current_hp_per_floor":[75,75,63,63,48,48,48,23,23,0,0],"gold":67,"neow_bonus":"THREE_ENEMY_KILL","is_daily":false,"chose_seed":false,"campfire_upgraded":0,"win_rate":0.0,"timestamp":1610583348,"path_taken":["M","?","?","$","?","?","M","E","T","E"],"items_purchased_type":["Card","Card"],"build_version":"2020-12-22","purchased_purges":0,"victory":false,"max_hp_per_floor":[75,75,75,75,75,75,75,75,75,75,75],"relic_stats":{"counters":[5,14],"Pantograph":0,"obtain_stats":[{"Potion Belt":8,"NeowsBlessing":0,"Pantograph":3,"HollowMod:VesselMask":0},{"Potion Belt":4,"NeowsBlessing":0,"Pantograph":2,"HollowMod:VesselMask":0},{"Potion Belt":9,"NeowsBlessing":0,"Pantograph":2,"HollowMod:VesselMask":0}]},"card_choices":[{"not_picked":["HollowMod:SiblingsSouls","HollowMod:MawleksShell"],"picked":"HollowMod:DashSlash","floor":1},{"not_picked":["HollowMod:FastStrike","HollowMod:DashSlash"],"picked":"HollowMod:ChannelNail","floor":2},{"not_picked":["HollowMod:InfectedCysts","HollowMod:RecoilStrike"],"picked":"HollowMod:GreatSlash","floor":7},{"not_picked":["HollowMod:CrystalDash","HollowMod:GoodIntentions"],"picked":"HollowMod:NewGlowingWomb","floor":8}],"player_experience":102470,"relics_obtained":[{"floor":8,"key":"Potion Belt"}],"event_choices":[{"damage_healed":0,"gold_gain":0,"player_choice":"Success","damage_taken":12,"relics_obtained":["Pantograph"],"max_hp_gain":0,"max_hp_loss":0,"event_name":"Scrap Ooze","floor":3,"gold_loss":0},{"damage_healed":0,"gold_gain":0,"player_choice":"Entered Light","damage_taken":15,"max_hp_gain":0,"max_hp_loss":0,"event_name":"Shining Light","floor":5,"gold_loss":0,"cards_upgraded":["HollowMod:QuickDashStart","HollowMod:NailStrikeStart"]}],"is_beta":false,"boss_relics":[],"items_purged_floors":[],"is_endless":false,"potions_floor_spawned":[1,8],"killed_by":"Lagavulin","ascension_level":0}}