{"host":"Bilverbakes","time":1610656937,"event":{"mods":["2.2 Compatiblity","AchievementEnabler","BaseMod","Bestiary","Colored Map","Minty Spire (QoL Compilation)","Relic Stats","StSLib","ojb\u0027s Info Mod"],"gold_per_floor":[316,328,339,61,75,75,108,108,108,118,83,108,108,108,108,180,180,200,200,213,228,228,228,238,248,248,277,202,227,258,273,273,348,348,360,360,1359,557,779,812,24,24,73,84,99,149,182,202,202,202,202,202],"floor_reached":51,"language":"ENG","playtime":2903,"items_purged":["Strike_G","Normality","Normality"],"score":1560,"play_id":"9c23a9e1-5183-4239-8985-0c2d8bf4c63f","local_time":"20210114144217","is_ascension_mode":true,"campfire_choices":[{"data":"Neutralize","floor":6.0,"key":"SMITH"},{"data":"Dagger Spray","floor":8.0,"key":"SMITH"},{"data":"Cloak And Dagger","floor":13,"key":"SMITH"},{"data":"Blade Dance","floor":15,"key":"SMITH"},{"data":"After Image","floor":23,"key":"SMITH"},{"floor":32,"key":"REST"},{"floor":49,"key":"RECALL"}],"circlet_count":0,"master_deck":["AscendersBane","Strike_G","Strike_G","Strike_G","Strike_G","Defend_G","Defend_G","Defend_G","Defend_G","Defend_G","Survivor","Neutralize+1","Dagger Spray+1","Cloak And Dagger+1","Blade Dance+1","Poisoned Stab","Backstab","Predator","After Image+1","Unload","Backflip","After Image","Sucker Punch+1","Crippling Poison+1","Riddle With Holes","Mayhem","Caltrops","Calculated Gamble","Blade Dance","Prepared+1"],"relics":["Ring of the Snake","Old Coin","Orichalcum","Calipers","Tingsha","Shuriken","Busted Crown","White Beast Statue","Paper Crane","Red Mask","Mummified Hand","SacredBark","Bronze Scales","HandDrill","Ginger","Blue Candle","Torii","TwistedFunnel","Anchor","Prayer Wheel","Incense Burner","Boot"],"acts_visited":["Exordium","TheCity","TheBeyond"],"potions_floor_usage":[24,27,29,30,30,33,40,44,46,50],"damage_taken":[{"damage":0.0,"enemies":"2 Louse","floor":1.0,"turns":2.0},{"damage":4.0,"enemies":"Jaw Worm","floor":2.0,"turns":7.0},{"damage":6.0,"enemies":"Cultist","floor":3.0,"turns":4.0},{"damage":0.0,"enemies":"2 Fungi Beasts","floor":5.0,"turns":3.0},{"damage":18.0,"enemies":"Lagavulin","floor":7.0,"turns":6.0},{"damage":0.0,"enemies":"Exordium Wildlife","floor":10.0,"turns":2.0},{"damage":15,"enemies":"Gremlin Nob","floor":12,"turns":4},{"damage":7,"enemies":"Slime Boss","floor":16,"turns":8},{"damage":0,"enemies":"3 Byrds","floor":18,"turns":3},{"damage":9,"enemies":"Shell Parasite","floor":20,"turns":5},{"damage":8,"enemies":"Snecko","floor":21,"turns":5},{"damage":14,"enemies":"Centurion and Healer","floor":24,"turns":2},{"damage":6,"enemies":"3 Cultists","floor":25,"turns":4},{"damage":3,"enemies":"Book of Stabbing","floor":27,"turns":4},{"damage":2,"enemies":"Masked Bandits","floor":29,"turns":2},{"damage":0,"enemies":"Gremlin Leader","floor":30,"turns":6},{"damage":0,"enemies":"Chosen and Byrds","floor":31,"turns":4},{"damage":13,"enemies":"Collector","floor":33,"turns":8},{"damage":2,"enemies":"3 Shapes","floor":35,"turns":4},{"damage":11,"enemies":"Giant Head","floor":40,"turns":5},{"damage":1,"enemies":"3 Darklings","floor":44,"turns":3},{"damage":0,"enemies":"Transient","floor":45,"turns":6},{"damage":1,"enemies":"2 Orb Walkers","floor":46,"turns":3},{"damage":0,"enemies":"Nemesis","floor":47,"turns":7},{"damage":12,"enemies":"Spire Growth","floor":48,"turns":4},{"damage":20,"enemies":"Time Eater","floor":50,"turns":10},{"damage":9,"enemies":"Awakened One","floor":51,"turns":5}],"seed_played":"4740639964633581790","potions_obtained":[{"floor":3.0,"key":"Fire Potion"},{"floor":5.0,"key":"DuplicationPotion"},{"floor":16,"key":"SteroidPotion"},{"floor":24,"key":"Dexterity Potion"},{"floor":25,"key":"PowerPotion"},{"floor":27,"key":"CunningPotion"},{"floor":29,"key":"LiquidBronze"},{"floor":30,"key":"SteroidPotion"},{"floor":31,"key":"Poison Potion"},{"floor":33,"key":"SpeedPotion"},{"floor":40,"key":"BlessingOfTheForge"},{"floor":44,"key":"Swift Potion"},{"floor":45,"key":"CunningPotion"},{"floor":46,"key":"LiquidBronze"}],"is_trial":false,"path_per_floor":["M","M","M","$","M","R","E","R","T","M","?","E","R","?","R","B",null,"M","?","M","M","?","R","M","M","T","E","$","?","E","M","R","B",null,"M","?","?","$","?","E","$","T","T","M","M","?","E","M","R","B","B"],"character_chosen":"THE_SILENT","items_purchased":["Blade Dance","Poisoned Stab","Orichalcum","Bronze Scales","Caltrops","HandDrill","Ginger","Torii","TwistedFunnel","Anchor"],"campfire_rested":1,"item_purchase_floors":[4,4,4,38,38,38,38,41,41,41],"current_hp_per_floor":[59,55,49,49,49,49,31,31,31,31,47,32,32,37,37,30,61,61,61,52,44,44,44,30,24,24,21,21,19,19,19,40,27,60,58,53,53,53,53,42,42,42,42,41,41,40,40,28,28,8,0,0],"gold":202,"neow_bonus":"ONE_RARE_RELIC","is_daily":false,"chose_seed":false,"campfire_upgraded":5,"win_rate":0.0,"timestamp":1610656937,"path_taken":["M","M","M","$","M","R","E","R","T","M","?","E","R","?","R","BOSS","M","?","M","?","?","R","M","M","T","E","$","?","E","M","R","BOSS","M","?","?","$","?","E","?","?","T","M","M","?","E","M","R","BOSS","BOSS"],"items_purchased_type":["Card","Card","Relic","Relic","Card","Relic","Relic","Relic","Relic","Relic"],"build_version":"2020-12-18","purchased_purges":3,"victory":false,"max_hp_per_floor":[66,66,66,66,66,66,66,66,66,66,66,66,66,71,71,71,71,71,71,71,71,71,71,71,71,71,71,71,71,71,71,71,71,71,71,71,71,71,71,71,71,71,71,71,71,71,71,71,71,71,71,71],"relic_stats":{"Torii":14,"counters":[27,126],"Blue Candle":[0],"Tingsha":[186],"Ginger":[4],"Orichalcum":[78],"Boot":[25],"Busted Crown":44,"Shuriken":[96],"Mummified Hand":[37],"Bronze Scales":[119],"Prayer Wheel":3,"HandDrill":[8],"obtain_stats":[{"TwistedFunnel":41,"Calipers":7,"Torii":41,"SacredBark":34,"Blue Candle":40,"Tingsha":9,"Incense Burner":46,"Ginger":38,"Orichalcum":4,"Paper Crane":27,"Boot":47,"White Beast Statue":26,"Old Coin":0,"Anchor":41,"Busted Crown":17,"Shuriken":12,"Mummified Hand":30,"Bronze Scales":38,"Prayer Wheel":42,"Red Mask":29,"HandDrill":38,"Ring of the Snake":0},{"TwistedFunnel":20,"Calipers":5,"Torii":20,"SacredBark":18,"Blue Candle":20,"Tingsha":5,"Incense Burner":23,"Ginger":19,"Orichalcum":3,"Paper Crane":14,"Boot":24,"White Beast Statue":13,"Old Coin":0,"Anchor":20,"Busted Crown":8,"Shuriken":7,"Mummified Hand":16,"Bronze Scales":19,"Prayer Wheel":20,"Red Mask":15,"HandDrill":19,"Ring of the Snake":0},{"TwistedFunnel":88,"Calipers":22,"Torii":88,"SacredBark":79,"Blue Candle":88,"Tingsha":22,"Incense Burner":100,"Ginger":83,"Orichalcum":13,"Paper Crane":59,"Boot":107,"White Beast Statue":55,"Old Coin":0,"Anchor":88,"Busted Crown":36,"Shuriken":28,"Mummified Hand":67,"Bronze Scales":83,"Prayer Wheel":88,"Red Mask":61,"HandDrill":83,"Ring of the Snake":0}],"Ring of the Snake":[54]},"card_choices":[{"not_picked":["Sucker Punch","Blur"],"picked":"Dagger Spray","floor":1.0},{"not_picked":["Acrobatics","Deadly Poison"],"picked":"Cloak And Dagger","floor":2.0},{"not_picked":["Sucker Punch","Bane","Backflip"],"picked":"SKIP","floor":3.0},{"not_picked":["Endless Agony","Poisoned Stab"],"picked":"Backstab","floor":5.0},{"not_picked":["Flying Knee","Quick Slash"],"picked":"Predator","floor":7.0},{"not_picked":["Dagger Throw","Dodge and Roll"],"picked":"After Image","floor":10.0},{"not_picked":["Dagger Spray","Prepared","Outmaneuver"],"picked":"SKIP","floor":12},{"not_picked":["Bullet Time","Doppelganger"],"picked":"Unload","floor":16},{"not_picked":[],"picked":"Backflip","floor":18},{"not_picked":["Reflex"],"picked":"SKIP","floor":20},{"not_picked":["Deadly Poison"],"picked":"SKIP","floor":21},{"not_picked":[],"picked":"Sucker Punch+1","floor":24},{"not_picked":[],"picked":"Crippling Poison+1","floor":25},{"not_picked":[],"picked":"Riddle With Holes","floor":27},{"not_picked":["Underhanded Strike"],"picked":"SKIP","floor":30},{"not_picked":["Eviscerate"],"picked":"SKIP","floor":31},{"not_picked":["Poisoned Stab"],"picked":"SKIP","floor":35},{"not_picked":[],"picked":"Mayhem","floor":36},{"not_picked":[],"picked":"Calculated Gamble","floor":40},{"not_picked":[],"picked":"Blade Dance","floor":44},{"not_picked":["Cloak And Dagger"],"picked":"SKIP","floor":44},{"not_picked":[],"picked":"Prepared+1","floor":45},{"not_picked":["Flying Knee+1"],"picked":"SKIP","floor":45},{"not_picked":["Bouncing Flask+1"],"picked":"SKIP","floor":47},{"not_picked":["Backflip"],"picked":"SKIP","floor":48},{"not_picked":["Tools of the Trade"],"picked":"SKIP","floor":48}],"player_experience":682394,"relics_obtained":[{"floor":7.0,"key":"Calipers"},{"floor":9.0,"key":"Tingsha"},{"floor":12,"key":"Shuriken"},{"floor":26,"key":"White Beast Statue"},{"floor":27,"key":"Paper Crane"},{"floor":29,"key":"Red Mask"},{"floor":30,"key":"Mummified Hand"},{"floor":40,"key":"Blue Candle"},{"floor":42,"key":"Prayer Wheel"},{"floor":46,"key":"Incense Burner"},{"floor":47,"key":"Boot"}],"event_choices":[{"damage_healed":16.0,"max_hp_gain":0.0,"max_hp_loss":0.0,"gold_gain":0.0,"event_name":"The Cleric","player_choice":"Healed","floor":11.0,"gold_loss":35.0,"damage_taken":0.0},{"damage_healed":0,"gold_gain":0,"player_choice":"Donut","damage_taken":0,"max_hp_gain":5,"max_hp_loss":0,"event_name":"Big Fish","floor":14,"gold_loss":0},{"damage_healed":0,"gold_gain":0,"player_choice":"Copied","damage_taken":0,"max_hp_gain":0,"max_hp_loss":0,"event_name":"Duplicator","floor":19,"gold_loss":0,"cards_obtained":["After Image"]},{"damage_healed":0,"gold_gain":0,"player_choice":"Ignored","damage_taken":0,"max_hp_gain":0,"max_hp_loss":0,"event_name":"Ghosts","floor":22,"gold_loss":0},{"damage_healed":0,"gold_gain":0,"player_choice":"Fought Bandits","damage_taken":0,"max_hp_gain":0,"max_hp_loss":0,"event_name":"Masked Bandits","floor":29,"gold_loss":0},{"damage_healed":0,"gold_gain":0,"player_choice":"Memory 2","damage_taken":5,"max_hp_gain":0,"max_hp_loss":0,"event_name":"SensoryStone","floor":36,"gold_loss":0},{"damage_healed":0,"gold_gain":999,"player_choice":"Gold","damage_taken":0,"max_hp_gain":0,"max_hp_loss":0,"event_name":"MindBloom","floor":37,"gold_loss":0,"cards_obtained":["Normality","Normality"]},{"damage_healed":0,"gold_gain":222,"player_choice":"Wore Mask","damage_taken":0,"max_hp_gain":0,"max_hp_loss":0,"event_name":"Tomb of Lord Red Mask","floor":39,"gold_loss":0},{"damage_healed":0,"gold_gain":0,"player_choice":"Fight","damage_taken":0,"max_hp_gain":0,"max_hp_loss":0,"event_name":"Mysterious Sphere","floor":46,"gold_loss":0}],"is_beta":true,"boss_relics":[{"not_picked":["Tiny House","Black Star"],"picked":"Busted Crown"},{"not_picked":["Empty Cage","Ring of the Serpent"],"picked":"SacredBark"}],"items_purged_floors":[28,38,41],"is_endless":false,"potions_floor_spawned":[3,5,16,24,25,27,29,30,31,33,35,40,44,45,46,47,48],"killed_by":"Awakened One","ascension_level":20}}