{"host":"j683o6xmdzvsisft","time":1610625984,"event":{"mods":["AchievementEnabler","BaseMod","BetterRewards","Colored Map","Colored Powertips","Highlight Path","Hubris","Infinite Spire","Minty Spire (QoL Compilation)","Quick Restart","Rare Cards Sparkle","Replay The Spire","Shop Mod","StSLib","The Animator","The Servant 0.9.4"],"gold_per_floor":[111,111,123,123,123,123,123,148,148,148,162,174,174,18,18,118,268,281,281,300,300,300,300],"floor_reached":22,"language":"ZHT","playtime":1564,"items_purged":[],"score":282,"play_id":"1b865c35-da61-458a-bb15-9688384dc860","local_time":"20210114200624","is_ascension_mode":false,"campfire_choices":[{"data":"KidneyShot","floor":6,"key":"SMITH"},{"floor":10,"key":"REST"},{"floor":13,"key":"REST"},{"data":"SoulSculpture","floor":15,"key":"SMITH"}],"circlet_count":0,"master_deck":["Strike_S","Strike_S+1","Defend_S","Defend_S","Defend_S","Defend_S","KidneyShot+1","Exchange","Snipe","Snipe+1","Ricochet","SurpressingFire","Potential","SpecialFormula","Desolation+1","Read","hubris:DuctTapeCard","Comet","SilverBlades","Defy","ReturningBlade+1","Luminosity","SoulSculpture+1","SilverBlades","TheWorld","Unruled","Defy","Advance"],"relics":["Uniform","Toolbox","infinitespire:PuzzleCube","Replay:Bottled Snecko","Whetstone","hubris:DuctTape","Orrery","Replay:Grab Bag","hubris:VirtuousBlindfold","Replay:Wanted Poster","Tiny House","hubris:Icosahedron","ReplayTheSpireMod:Ring of Collecting"],"acts_visited":["Exordium","TheCity"],"potions_floor_usage":[8,8,8,16,16,16],"damage_taken":[{"damage":7,"enemies":"Small Slimes","floor":1,"turns":3},{"damage":7,"enemies":"2 Louse","floor":3,"turns":4},{"damage":19,"enemies":"Replay:BlueRogue","floor":8,"turns":5},{"damage":6,"enemies":"Jaw Worm","floor":11,"turns":3},{"damage":0,"enemies":"3 Louse","floor":12,"turns":2},{"damage":47,"enemies":"The Guardian","floor":16,"turns":7},{"damage":5,"enemies":"Shell Parasite","floor":18,"turns":5},{"damage":40,"enemies":"2 Thieves","floor":20,"turns":4},{"damage":10,"enemies":"Snake Plant","floor":22,"turns":2}],"seed_played":"-5726398296854554559","potions_obtained":[{"floor":8,"key":"SteroidPotion"},{"floor":11,"key":"Reflective Coating"},{"floor":12,"key":"ColorlessPotion"},{"floor":17,"key":"infinitespire:BlackPotion"},{"floor":18,"key":"LiquidMemories"}],"is_trial":false,"path_per_floor":["M","?","M","?","T","R","?","E","T","R","M","M","R","$","R","B",null,"M","?","M","?","M"],"character_chosen":"THE_SERVANT","items_purchased":["Snipe","Toolbox","infinitespire:PuzzleCube","Ricochet","SurpressingFire","Orrery"],"campfire_rested":2,"item_purchase_floors":[0,0,0,0,0,14],"current_hp_per_floor":[41,46,39,39,39,39,39,25,25,46,40,40,61,61,61,14,75,70,70,30,30,20,20],"gold":300,"neow_bonus":"","is_daily":false,"chose_seed":false,"campfire_upgraded":2,"win_rate":0.0,"timestamp":1610625984,"path_taken":["M","?","M","?","?","R","?","E","T","R","M","M","R","$","R","BOSS","M","?","M","?","M"],"items_purchased_type":["Card","Relic","Relic","Card","Card","Relic"],"build_version":"2020-12-22","purchased_purges":0,"victory":false,"max_hp_per_floor":[65,70,70,70,70,70,70,70,70,70,70,70,70,70,70,70,75,75,75,75,75,75,75],"card_choices":[{"not_picked":["Replace","Ricochet"],"picked":"Potential","floor":1},{"not_picked":["Shuttle","RealityMarble"],"picked":"SpecialFormula","floor":3},{"not_picked":["Unruled","Moondial"],"picked":"Read","floor":8},{"not_picked":["DoubleEdge","Starlight"],"picked":"Comet","floor":11},{"not_picked":["Alleviate","Revamp"],"picked":"SilverBlades","floor":12},{"not_picked":["Misdirection","Sabotage"],"picked":"Defy","floor":14},{"not_picked":["DualDimension","SilverBlades"],"picked":"ReturningBlade","floor":14},{"not_picked":["Replace","Potential"],"picked":"Luminosity","floor":14},{"not_picked":["StarChef","TimeWarp"],"picked":"SoulSculpture","floor":14},{"not_picked":["ForgedInTime","WasteNot"],"picked":"SilverBlades","floor":14},{"not_picked":["KillingDoll","LightFlow"],"picked":"TheWorld","floor":16},{"not_picked":["Spin","Snipe"],"picked":"Unruled","floor":17},{"not_picked":["Rewind","Moonlight"],"picked":"Defy","floor":18},{"not_picked":["Read","Desolation"],"picked":"Advance","floor":20}],"player_experience":104152,"relics_obtained":[{"floor":5,"key":"Replay:Bottled Snecko"},{"floor":8,"key":"Whetstone"},{"floor":9,"key":"hubris:DuctTape"},{"floor":21,"key":"ReplayTheSpireMod:Ring of Collecting"}],"event_choices":[{"damage_healed":0,"gold_gain":0,"player_choice":"Donut","damage_taken":0,"max_hp_gain":5,"max_hp_loss":0,"event_name":"Big Fish","floor":2,"gold_loss":0},{"damage_healed":0,"gold_gain":0,"player_choice":"Grow","damage_taken":0,"max_hp_gain":0,"max_hp_loss":0,"event_name":"Living Wall","floor":4,"gold_loss":0,"cards_upgraded":["Snipe"]}],"is_beta":false,"boss_relics":[{"not_picked":["Empty Cage","SacredBark"],"picked":"Replay:Grab Bag"},{"not_picked":["infinitespire:Cupcake","Replay:Bronze Core"],"picked":"hubris:VirtuousBlindfold"},{"not_picked":["Runic Dome","Philosopher\u0027s Stone"],"picked":"Replay:Wanted Poster"},{"not_picked":["hubris:ScarierMask","hubris:BlackHole"],"picked":"Tiny House"}],"items_purged_floors":[],"is_endless":false,"potions_floor_spawned":[8,11,12,18],"killed_by":"Snake Plant","ascension_level":0}}