{"host":"56d873i5r3uhle0q","time":1610602181,"event":{"mods":["100% Spire Juice","Act Like it!","BaseMod","Block Reminder","Conspire","Gensokyo","Marisa????????","Minty Spire (QoL Compilation)","Replay The Spire","StSLib","The Animator","The Jungle","The Marked","The Servant 0.9.4","Wandering Minibosses","everything is the same but u backflip on backflip"],"gold_per_floor":[113,113,131,50,50,50,50,50,50,50,70,70,70,90,90,90,90],"floor_reached":16,"language":"ENG","playtime":656,"items_purged":[],"score":88,"play_id":"bfaf0eb5-d90e-4c39-835c-2eddd9c737b9","local_time":"20210113222941","is_ascension_mode":false,"campfire_choices":[{"data":"animator:Kazuma","floor":6,"key":"SMITH"},{"data":"animator:Tatsumaki","floor":8,"key":"SMITH"},{"data":"animator:DolaStephanie","floor":12,"key":"SMITH"},{"floor":15,"key":"REST"}],"circlet_count":0,"master_deck":["animator:Strike_Konosuba","animator:Defend_Konosuba","animator:Strike","animator:Strike","animator:Strike","animator:Defend","animator:Defend","animator:Defend","animator:Kazuma+1","animator:Aqua","animator:DolaStephanie+1","animator:Tatsumaki+1","Gensokyo:BlemishedSteel","Pain","Clumsy","animator:Yoichi","animator:HiiragiShinya"],"relics":["animator:LivingPicture","animator:TheMissingPiece","animator:PurgingStone","NeowsBlessing","Gensokyo:LunaticRedEyes","Gensokyo:NagashiBinaDoll","InkBottle"],"acts_visited":["Gensokyo:Gensokyo"],"potions_floor_usage":[],"damage_taken":[{"damage":0,"enemies":"Gensokyo:Python","floor":1,"turns":1},{"damage":0,"enemies":"Gensokyo:3_Fairies","floor":3,"turns":2},{"damage":2,"enemies":"Gensokyo:2_Kodama","floor":11,"turns":1},{"damage":33,"enemies":"Gensokyo:LivingMonolith","floor":14,"turns":5},{"damage":0,"enemies":"Gensokyo:Reimu","floor":16,"turns":1}],"seed_played":"8259690311538026211","potions_obtained":[{"floor":11,"key":"SteroidPotion"}],"is_trial":false,"path_per_floor":["M","$","M","COS","?","R","?","R","T","$","M","R","?","M","R","B"],"character_chosen":"THE_ANIMATOR","items_purchased":[],"campfire_rested":1,"item_purchase_floors":[],"current_hp_per_floor":[66,66,66,66,66,66,66,66,66,66,64,64,64,33,52,52,52],"gold":90,"neow_bonus":"THREE_ENEMY_KILL","is_daily":false,"chose_seed":false,"campfire_upgraded":3,"win_rate":0.0,"timestamp":1610602181,"path_taken":["M","$","M","COS","?","R","?","R","T","$","?","R","?","M","R","BOSS"],"items_purchased_type":[],"build_version":"2020-12-22","purchased_purges":0,"victory":false,"max_hp_per_floor":[66,66,66,66,66,66,66,66,66,66,66,66,66,66,66,66,66],"card_choices":[{"not_picked":["animator:Kuribayashi","animator:LizardPriest"],"picked":"animator:DolaStephanie","floor":1},{"not_picked":["animator:Ara","animator:Millim"],"picked":"animator:Tatsumaki","floor":3},{"not_picked":["animator:Bozes","animator:YaoHaDucy","animator:Aisha"],"picked":"SKIP","floor":11},{"not_picked":["animator:Demiurge","animator:Raven"],"picked":"animator:Yoichi","floor":13},{"not_picked":["animator:YunYun","animator:Chung"],"picked":"animator:HiiragiShinya","floor":13}],"player_experience":519411,"relics_obtained":[{"floor":9,"key":"InkBottle"}],"event_choices":[],"is_beta":false,"boss_relics":[],"items_purged_floors":[],"is_endless":false,"potions_floor_spawned":[11],"killed_by":"Gensokyo:Reimu","ascension_level":0}}