{"host":"sav7uxregyirlf69","time":1610614991,"event":{"mods":["AchievementEnabler","BaseMod","Colored Map","DeckTracker","Keyboard Shortcuts","Minty Spire (QoL Compilation)","READ ME - Guardian Mod","StSLib","SuperFastMode"],"gold_per_floor":[113,123,140,140,160,160,160,160,184,214,214,245,269,289,289,379,379,403,423,423,87,31,70,118,159,159,159,172,172,185,219,219,308,308,331,331,331,175,508,508,508],"floor_reached":40,"language":"KOR","playtime":864,"items_purged":["Strike_B","Strike_B"],"score":1004,"play_id":"6d6f9582-d22f-46b5-bd83-103a4a9dcabd","local_time":"20210114180311","is_ascension_mode":true,"campfire_choices":[{"data":"Zap","floor":6.0,"key":"SMITH"},{"data":"Dualcast","floor":8.0,"key":"SMITH"},{"data":"Loop","floor":15.0,"key":"SMITH"},{"floor":27,"key":"REST"},{"data":"Writhe","floor":29,"key":"PURGE"},{"floor":32,"key":"REST"}],"circlet_count":0,"master_deck":["AscendersBane","Defend_B","Defend_B","Defend_B","Defend_B","Zap+1","Dualcast+1","Beam Cell","Sweeping Beam","Chill","Electrodynamics","Ball Lightning","Conserve Battery","Cold Snap","Loop+1","Seek","Genetic Algorithm+1","Coolheaded","Capacitor","Creative AI","Compile Driver","Hologram+1","Chill+1","Discovery"],"relics":["Cracked Core","DataDisk","Toy Ornithopter","Boot","Peace Pipe","Cursed Key","TheAbacus","Strawberry","Akabeko","Letter Opener","Empty Cage"],"acts_visited":["Exordium","TheCity","TheBeyond"],"potions_floor_usage":[25,25,33,40],"damage_taken":[{"damage":1.0,"enemies":"Cultist","floor":1.0,"turns":3.0},{"damage":7.0,"enemies":"Jaw Worm","floor":2.0,"turns":2.0},{"damage":0.0,"enemies":"2 Louse","floor":3.0,"turns":2.0},{"damage":9.0,"enemies":"Large Slime","floor":5.0,"turns":4.0},{"damage":10.0,"enemies":"3 Sentries","floor":10.0,"turns":3.0},{"damage":8.0,"enemies":"Lagavulin","floor":12.0,"turns":6.0},{"damage":1.0,"enemies":"Exordium Thugs","floor":13.0,"turns":3.0},{"damage":1.0,"enemies":"Red Slaver","floor":14.0,"turns":4.0},{"damage":0.0,"enemies":"Slime Boss","floor":16.0,"turns":5.0},{"damage":0.0,"enemies":"3 Byrds","floor":18.0,"turns":3.0},{"damage":0.0,"enemies":"Spheric Guardian","floor":19.0,"turns":5.0},{"damage":16.0,"enemies":"Slavers","floor":23.0,"turns":5.0},{"damage":58,"enemies":"Book of Stabbing","floor":25,"turns":7},{"damage":0,"enemies":"3 Cultists","floor":28,"turns":3},{"damage":0,"enemies":"Centurion and Healer","floor":30,"turns":7},{"damage":25,"enemies":"Slavers","floor":31,"turns":5},{"damage":34,"enemies":"Collector","floor":33,"turns":11},{"damage":0,"enemies":"Orb Walker","floor":35,"turns":3},{"damage":71,"enemies":"Giant Head","floor":40,"turns":8}],"seed_played":"-3640817652949911437","potions_obtained":[{"floor":2.0,"key":"SpeedPotion"},{"floor":3.0,"key":"Fruit Juice"},{"floor":13.0,"key":"Strength Potion"},{"floor":18.0,"key":"Strength Potion"},{"floor":31,"key":"Block Potion"},{"floor":33,"key":"SkillPotion"}],"is_trial":false,"path_per_floor":["M","M","M","?","M","R","?","R","T","E","?","E","M","M","R","B",null,"M","M","?","$","$","E","T","E","T","R","M","R","M","E","R","B",null,"M","?","?","$","?","E"],"character_chosen":"DEFECT","items_purchased":["Capacitor","TheAbacus","PowerPotion","PowerPotion"],"campfire_rested":2,"item_purchase_floors":[21,21,22,38],"current_hp_per_floor":[63,56,56,56,47,47,52,52,52,42,42,34,43,42,42,47,67,67,67,67,67,67,51,58,10,10,34,34,34,34,9,33,4,60,60,60,60,60,60,0,0],"gold":508,"neow_bonus":"RANDOM_COMMON_RELIC","is_daily":false,"chose_seed":false,"campfire_upgraded":3,"win_rate":0.0,"timestamp":1610614991,"path_taken":["M","?","M","?","?","R","?","R","T","E","?","E","M","M","R","BOSS","M","M","?","?","$","E","?","E","T","R","?","R","M","E","R","BOSS","M","?","?","$","?","E"],"items_purchased_type":["Card","Relic","Potion","Potion"],"build_version":"2020-12-22","purchased_purges":2,"victory":false,"max_hp_per_floor":[71,71,71,71,71,71,76,76,76,76,69,69,74,74,74,74,74,74,74,74,74,74,74,81,81,81,81,81,81,81,81,81,81,78,78,78,78,78,78,78,78],"card_choices":[{"not_picked":["Barrage","Double Energy"],"picked":"Beam Cell","floor":1.0},{"not_picked":["Hologram","Beam Cell"],"picked":"Sweeping Beam","floor":2.0},{"not_picked":["White Noise","Steam"],"picked":"Chill","floor":3.0},{"not_picked":["Steam","White Noise"],"picked":"Ball Lightning","floor":5.0},{"not_picked":["Static Discharge","Fission"],"picked":"Conserve Battery","floor":10.0},{"not_picked":["Doom and Gloom","Streamline"],"picked":"Cold Snap","floor":12.0},{"not_picked":["Leap","Stack","Beam Cell"],"picked":"SKIP","floor":13.0},{"not_picked":["Consume","Force Field"],"picked":"Loop","floor":14.0},{"not_picked":["Meteor Strike","Reboot"],"picked":"Seek","floor":16.0},{"not_picked":["Ball Lightning","Barrage"],"picked":"Genetic Algorithm+1","floor":18.0},{"not_picked":["Heatsinks","Consume"],"picked":"Coolheaded","floor":19.0},{"not_picked":["Leap","Gash"],"picked":"Creative AI","floor":23},{"not_picked":["Capacitor","Gash","Rebound"],"picked":"SKIP","floor":25},{"not_picked":["Leap","Barrage"],"picked":"Compile Driver","floor":28},{"not_picked":["Coolheaded","Doom and Gloom","Storm"],"picked":"SKIP","floor":30},{"not_picked":["Streamline","Redo+1"],"picked":"Hologram+1","floor":31},{"not_picked":["Leap+1","Darkness"],"picked":"Chill+1","floor":35},{"not_picked":["PanicButton","Enlightenment"],"picked":"Discovery","floor":36}],"player_experience":1279783,"relics_obtained":[{"floor":9.0,"key":"Toy Ornithopter"},{"floor":10.0,"key":"Boot"},{"floor":12.0,"key":"Peace Pipe"},{"floor":24,"key":"Strawberry"},{"floor":25,"key":"Akabeko"},{"floor":31,"key":"Letter Opener"}],"event_choices":[{"damage_healed":0.0,"max_hp_gain":0.0,"max_hp_loss":0.0,"gold_gain":0.0,"cards_transformed":["Strike_B"],"event_name":"Transmorgrifier","player_choice":"Transformed","floor":4.0,"gold_loss":0.0,"damage_taken":0.0,"cards_obtained":["Electrodynamics"]},{"damage_healed":0.0,"max_hp_gain":5.0,"max_hp_loss":0.0,"gold_gain":0.0,"event_name":"Big Fish","player_choice":"Donut","floor":7.0,"gold_loss":0.0,"damage_taken":0.0},{"damage_healed":0.0,"max_hp_gain":0.0,"max_hp_loss":7.0,"gold_gain":0.0,"event_name":"Golden Idol","player_choice":"Lose Max HP","floor":11.0,"gold_loss":0.0,"damage_taken":0.0,"relics_obtained":["Golden Idol"]},{"damage_healed":0.0,"max_hp_gain":0.0,"max_hp_loss":0.0,"gold_gain":0.0,"event_name":"Vampires","player_choice":"Ignored","floor":20.0,"gold_loss":0.0,"damage_taken":0.0},{"damage_healed":0,"gold_gain":0,"player_choice":"Memory 1","damage_taken":0,"max_hp_gain":0,"max_hp_loss":0,"event_name":"SensoryStone","floor":36,"gold_loss":0},{"damage_healed":0,"gold_gain":0,"player_choice":"Ignored","damage_taken":0,"max_hp_gain":0,"max_hp_loss":0,"event_name":"Tomb of Lord Red Mask","floor":37,"gold_loss":0},{"damage_healed":0,"gold_gain":333,"player_choice":"Gave Idol","damage_taken":0,"max_hp_gain":0,"max_hp_loss":0,"event_name":"The Moai Head","floor":39,"relics_lost":["Golden Idol"],"gold_loss":0}],"is_beta":false,"boss_relics":[{"not_picked":["Fusion Hammer","Runic Dome"],"picked":"Cursed Key"},{"not_picked":["Philosopher\u0027s Stone","Black Star"],"picked":"Empty Cage"}],"items_purged_floors":[21,38],"is_endless":false,"potions_floor_spawned":[2,3,13,18,23,31,33],"killed_by":"Giant Head","ascension_level":20}}