{"host":"opg65mucj6ra7dr1","time":1610620817,"event":{"mods":["BaseMod","DeckTracker","Keyboard Shortcuts","Minty Spire (QoL Compilation)","Permanent Neow","Quick Restart","everything is the same but u backflip on backflip"],"gold_per_floor":[119,194,194,20,39,49,49,14,14,14,14,43,43,63,63,162,162,182,182,182,182,182,182,182],"floor_reached":23,"language":"KOR","playtime":435,"items_purged":["Strike_B"],"score":213,"play_id":"28e88b33-35cb-48c2-b6e7-1ab9817c6398","local_time":"20210114194017","is_ascension_mode":true,"campfire_choices":[{"data":"Self Repair","floor":7,"key":"SMITH"},{"data":"Hologram","floor":11,"key":"SMITH"},{"floor":13,"key":"REST"},{"data":"Streamline","floor":15,"key":"SMITH"}],"circlet_count":0,"master_deck":["Strike_B","Strike_B","Defend_B","Defend_B","Defend_B","Defend_B","Zap","Dualcast","Ball Lightning","Hologram+1","Redo+1","Heatsinks+1","Self Repair+1","Loop","Streamline+1","Multi-Cast","Genetic Algorithm+1","Self Repair"],"relics":["Cracked Core","Singing Bowl","Potion Belt","Coffee Dripper","MutagenicStrength"],"acts_visited":["Exordium","TheCity"],"potions_floor_usage":[16],"damage_taken":[{"damage":6,"enemies":"Cultist","floor":1,"turns":4},{"damage":10,"enemies":"2 Louse","floor":5,"turns":2},{"damage":2,"enemies":"Jaw Worm","floor":6,"turns":3},{"damage":40,"enemies":"3 Sentries","floor":12,"turns":6},{"damage":21,"enemies":"3 Louse","floor":14,"turns":3},{"damage":22,"enemies":"Hexaghost","floor":16,"turns":9},{"damage":34,"enemies":"2 Thieves","floor":18,"turns":4},{"damage":0,"enemies":"Gremlin Leader","floor":23,"turns":5}],"seed_played":"2635276512434085843","potions_obtained":[{"floor":0,"key":"EntropicBrew"},{"floor":0,"key":"Swift Potion"},{"floor":0,"key":"GamblersBrew"},{"floor":12,"key":"CultistPotion"}],"is_trial":false,"path_per_floor":["M","?","?","$","M","M","R","?","T","?","R","E","R","M","R","B",null,"M","?","?","?","?","E"],"character_chosen":"DEFECT","items_purchased":["Hologram","Redo"],"campfire_rested":1,"item_purchase_floors":[4,4],"current_hp_per_floor":[69,58,51,51,41,39,39,57,57,42,42,12,34,23,23,11,75,51,51,51,51,37,37,37],"gold":182,"neow_bonus":"THREE_SMALL_POTIONS","is_daily":false,"chose_seed":false,"campfire_upgraded":3,"win_rate":0.0,"timestamp":1610620817,"path_taken":["M","?","?","$","?","M","R","?","T","?","R","E","R","M","R","BOSS","M","?","?","?","?","E"],"items_purchased_type":["Card","Card"],"build_version":"2020-12-22","purchased_purges":1,"victory":false,"max_hp_per_floor":[75,75,75,75,75,75,75,75,75,75,75,75,75,75,75,75,75,75,75,75,75,80,80,80],"card_choices":[{"not_picked":["Compile Driver","Undo"],"picked":"Ball Lightning","floor":1},{"not_picked":["Coolheaded","Skim"],"picked":"Heatsinks","floor":5},{"not_picked":["Rip and Tear","Redo"],"picked":"Self Repair","floor":6},{"not_picked":["Fusion","Go for the Eyes"],"picked":"Loop","floor":12},{"not_picked":["Leap","Tempest"],"picked":"Streamline","floor":14},{"not_picked":["Meteor Strike","Hyperbeam"],"picked":"Multi-Cast","floor":16},{"not_picked":["Steam","Gash"],"picked":"Genetic Algorithm+1","floor":18}],"player_experience":108852,"relics_obtained":[{"floor":9,"key":"Singing Bowl"},{"floor":12,"key":"Potion Belt"}],"event_choices":[{"damage_healed":0,"gold_gain":75,"player_choice":"Gather Gold","damage_taken":11,"max_hp_gain":0,"max_hp_loss":0,"event_name":"World of Goop","floor":2,"gold_loss":0},{"cards_removed":["Strike_B"],"damage_healed":0,"gold_gain":0,"player_choice":"Card Removal","damage_taken":7,"max_hp_gain":0,"max_hp_loss":0,"event_name":"Golden Wing","floor":3,"gold_loss":0},{"damage_healed":18,"gold_gain":0,"player_choice":"Healed","damage_taken":0,"max_hp_gain":0,"max_hp_loss":0,"event_name":"The Cleric","floor":8,"gold_loss":35},{"damage_healed":0,"gold_gain":0,"player_choice":"Entered Light","damage_taken":15,"max_hp_gain":0,"max_hp_loss":0,"event_name":"Shining Light","floor":10,"gold_loss":0,"cards_upgraded":["Redo","Heatsinks"]},{"damage_healed":0,"gold_gain":0,"player_choice":"Ignored","damage_taken":0,"max_hp_gain":0,"max_hp_loss":0,"event_name":"Vampires","floor":19,"gold_loss":0},{"damage_healed":0,"gold_gain":0,"player_choice":"Read","damage_taken":0,"max_hp_gain":0,"max_hp_loss":0,"event_name":"The Library","floor":20,"gold_loss":0,"cards_obtained":["Self Repair"]},{"damage_healed":0,"gold_gain":0,"player_choice":"Inject Mutagens","damage_taken":0,"relics_obtained":["MutagenicStrength"],"max_hp_gain":0,"max_hp_loss":0,"event_name":"Drug Dealer","floor":21,"gold_loss":0},{"damage_healed":0,"gold_gain":0,"player_choice":"Shed Blood","damage_taken":19,"max_hp_gain":5,"max_hp_loss":0,"event_name":"Forgotten Altar","floor":22,"gold_loss":0}],"is_beta":false,"boss_relics":[{"not_picked":["Black Star","Cursed Key"],"picked":"Coffee Dripper"}],"items_purged_floors":[4],"is_endless":false,"potions_floor_spawned":[12],"killed_by":"Gremlin Leader","ascension_level":3}}