{"host":"caz9phlr9zt22rnt","time":1610638318,"event":{"mods":["AchievementEnabler","BaseMod","Colored Map","Custom Start","Minty Spire (QoL Compilation)","Rare Cards Sparkle","Relic Stats","StSLib","The Cursed"],"gold_per_floor":[213,213,231,46,63,63,88,88,160,180,214,232,232,232,232,328,328,344,364,279,125,142,142,174,256,280,308,117,137,137,168,168,269,319,330,347,361,361,361,387,387,405,429,429,444,129,139,151,151,151,151],"floor_reached":50,"language":"ENG","playtime":5233,"items_purged":[],"score":594,"play_id":"24f59511-298b-4acf-adf7-d6e66bb0231d","local_time":"20210114093158","is_ascension_mode":true,"campfire_choices":[{"data":"TheCursedMod:NeowsMight","floor":6,"key":"SMITH"},{"floor":8,"key":"REST"},{"floor":15,"key":"RECALL"},{"data":"TheCursedMod:ForbiddenAlchemy","floor":23,"key":"SMITH"},{"floor":30,"key":"REST"},{"floor":32,"key":"REST"},{"floor":44,"key":"REST"},{"floor":49,"key":"REST"}],"circlet_count":0,"master_deck":["TheCursedMod:Strike_TheCursed","TheCursedMod:Strike_TheCursed","TheCursedMod:Strike_TheCursed","TheCursedMod:Strike_TheCursed","TheCursedMod:Defend_TheCursed","TheCursedMod:Defend_TheCursed","TheCursedMod:Defend_TheCursed","TheCursedMod:Defend_TheCursed+1","TheCursedMod:CursedWand+1","TheCursedMod:CleanUpWorkshop","TheCursedMod:Dregs","TheCursedMod:WearCloak","TheCursedMod:CircleOfFlame","TheCursedMod:CursedShiv","TheCursedMod:NeowsMight+1","TheCursedMod:CursedMace+1","TheCursedMod:SpitefulStrike","TheCursedMod:Wield+1","TheCursedMod:ForbiddenAlchemy+1","CurseOfTheBell","TheCursedMod:FleshFromBone","TheCursedMod:CursedShiv","TheCursedMod:SurpriseAttack","TheCursedMod:CircleOfAbyss","TheCursedMod:ManaBullet+1","TheCursedMod:CursedBlade","TheCursedMod:CircleOfCorruption+1","TheCursedMod:ManaCirculation","TheCursedMod:Wield","TheCursedMod:Stretching","TheCursedMod:CircleOfFlame+1","TheCursedMod:Evocation+1","Writhe","TheCursedMod:DoubleShield","TheCursedMod:SpitefulPray","TheCursedMod:CircleOfCorruption","Parasite","TheCursedMod:SpitefulStrike+1"],"relics":["TheCursedMod:BlackMagic101","Smiling Mask","Whetstone","Pantograph","Torii","Calling Bell","PreservedInsect","HornCleat","StoneCalendar","Question Card","Lee\u0027s Waffle","TheCursedMod:CrystalBall","Bag of Preparation","Happy Flower","Oddly Smooth Stone","FossilizedHelix","Tiny House","CaptainsWheel","Bronze Scales","Incense Burner"],"acts_visited":["Exordium","TheCity","TheBeyond"],"potions_floor_usage":[3,7,12,16,22,22,22,22,22,27,27,27,27,27,27,27,27,31,33,33,33,33,33,33,33,33,35,36,37,37,40,40,40,40,45,45,45,45,45,45,47,47,47,47,48],"damage_taken":[{"damage":0,"enemies":"Cultist","floor":1,"turns":4},{"damage":0,"enemies":"Small Slimes","floor":3,"turns":3},{"damage":0,"enemies":"2 Louse","floor":5,"turns":2},{"damage":29,"enemies":"Gremlin Nob","floor":7,"turns":5},{"damage":2,"enemies":"Looter","floor":10,"turns":2},{"damage":8,"enemies":"Lagavulin","floor":11,"turns":5},{"damage":0,"enemies":"Exordium Thugs","floor":12,"turns":2},{"damage":59,"enemies":"The Guardian","floor":16,"turns":12},{"damage":1,"enemies":"Chosen","floor":18,"turns":3},{"damage":4,"enemies":"3 Byrds","floor":19,"turns":6},{"damage":2,"enemies":"Snake Plant","floor":22,"turns":5},{"damage":45,"enemies":"Gremlin Leader","floor":24,"turns":7},{"damage":31,"enemies":"Book of Stabbing","floor":27,"turns":6},{"damage":0,"enemies":"Cultist and Chosen","floor":29,"turns":4},{"damage":10,"enemies":"Gremlin Leader","floor":31,"turns":3},{"damage":65,"enemies":"Automaton","floor":33,"turns":11},{"damage":8,"enemies":"3 Shapes","floor":35,"turns":6},{"damage":12,"enemies":"Orb Walker","floor":36,"turns":5},{"damage":0,"enemies":"Sphere and 2 Shapes","floor":37,"turns":3},{"damage":83,"enemies":"Giant Head","floor":40,"turns":9},{"damage":0,"enemies":"Spire Growth","floor":42,"turns":4},{"damage":0,"enemies":"4 Shapes","floor":45,"turns":2},{"damage":0,"enemies":"Writhing Mass","floor":47,"turns":4},{"damage":0,"enemies":"Spire Growth","floor":48,"turns":3},{"damage":107,"enemies":"Time Eater","floor":50,"turns":10}],"seed_played":"-5085437987593734846","potions_obtained":[{"floor":1,"key":"Strength Potion"},{"floor":3,"key":"Block Potion"},{"floor":11,"key":"Explosive Potion"},{"floor":12,"key":"SteroidPotion"},{"floor":18,"key":"SpeedPotion"},{"floor":24,"key":"Dexterity Potion"},{"floor":29,"key":"LiquidBronze"},{"floor":34,"key":"SneckoOil"},{"floor":35,"key":"DuplicationPotion"},{"floor":42,"key":"DistilledChaos"},{"floor":45,"key":"SkillPotion"},{"floor":47,"key":"LiquidMemories"}],"is_trial":false,"path_per_floor":["M","?","M","$","M","R","E","R","T","M","E","M","?","?","R","B",null,"M","M","?","$","M","R","E","T","T","E","$","M","R","E","R","B",null,"M","M","M","?","?","E","?","M","T","R","M","$","M","M","R","B"],"character_chosen":"THE_CURSED","items_purchased":["TheCursedMod:CursedShiv","TheCursedMod:NeowsMight","Lee\u0027s Waffle","TheCursedMod:CursedBlade","Oddly Smooth Stone","Incense Burner"],"campfire_rested":5,"item_purchase_floors":[4,4,21,28,28,46],"current_hp_per_floor":[75,75,75,75,75,75,46,68,68,66,58,58,58,58,58,16,75,74,70,70,82,81,81,36,36,36,20,20,20,44,34,58,37,87,79,67,67,67,87,4,4,4,4,30,30,30,30,30,56,0,0],"gold":151,"neow_bonus":"HUNDRED_GOLD","is_daily":false,"chose_seed":false,"campfire_upgraded":2,"win_rate":0.0,"timestamp":1610638318,"path_taken":["M","?","?","?","M","R","E","R","T","M","E","M","?","?","R","BOSS","M","M","?","$","M","R","E","?","T","E","$","M","R","E","R","BOSS","M","?","M","?","?","E","?","M","T","R","M","$","M","M","R","BOSS"],"items_purchased_type":["Card","Card","Relic","Card","Relic","Relic"],"build_version":"2020-12-22","purchased_purges":0,"victory":false,"max_hp_per_floor":[75,75,75,75,75,75,75,75,75,75,75,75,75,75,75,75,75,75,75,75,82,82,82,82,82,82,82,82,82,82,82,82,82,87,87,87,87,87,87,87,87,87,87,87,87,87,87,87,87,87,87],"relic_stats":{"Lee\u0027s Waffle":12,"Torii":27,"Happy Flower":[21],"counters":[25,126],"StoneCalendar":[156],"PreservedInsect":258,"Bag of Preparation":[26],"Whetstone":["TheCursedMod:CursedWand","TheCursedMod:CursedMace"],"Smiling Mask":0,"Question Card":15,"Pantograph":66,"Bronze Scales":[63],"obtain_stats":[{"TheCursedMod:BlackMagic101":0,"Lee\u0027s Waffle":21,"Tiny House":34,"Torii":11,"Happy Flower":27,"Oddly Smooth Stone":28,"StoneCalendar":17,"PreservedInsect":17,"Bag of Preparation":26,"Incense Burner":46,"Whetstone":7,"Smiling Mask":2,"Question Card":20,"Calling Bell":17,"CaptainsWheel":40,"HornCleat":17,"Pantograph":9,"Bronze Scales":43,"TheCursedMod:CrystalBall":24,"FossilizedHelix":31},{"TheCursedMod:BlackMagic101":0,"Lee\u0027s Waffle":10,"Tiny House":16,"Torii":6,"Happy Flower":13,"Oddly Smooth Stone":13,"StoneCalendar":8,"PreservedInsect":8,"Bag of Preparation":12,"Incense Burner":22,"Whetstone":4,"Smiling Mask":1,"Question Card":10,"Calling Bell":8,"CaptainsWheel":20,"HornCleat":8,"Pantograph":4,"Bronze Scales":21,"TheCursedMod:CrystalBall":12,"FossilizedHelix":15},{"TheCursedMod:BlackMagic101":0,"Lee\u0027s Waffle":44,"Tiny House":80,"Torii":21,"Happy Flower":62,"Oddly Smooth Stone":62,"StoneCalendar":35,"PreservedInsect":35,"Bag of Preparation":56,"Incense Burner":109,"Whetstone":14,"Smiling Mask":4,"Question Card":44,"Calling Bell":35,"CaptainsWheel":103,"HornCleat":35,"Pantograph":14,"Bronze Scales":107,"TheCursedMod:CrystalBall":56,"FossilizedHelix":69}]},"card_choices":[{"not_picked":["TheCursedMod:SmokeScreen","TheCursedMod:AbyssShockwave"],"picked":"TheCursedMod:WearCloak","floor":1},{"not_picked":["TheCursedMod:SurpriseAttack","TheCursedMod:RavingStaff"],"picked":"TheCursedMod:CircleOfFlame","floor":3},{"not_picked":["TheCursedMod:ParallelWorld","TheCursedMod:Evocation"],"picked":"TheCursedMod:CursedMace","floor":5},{"not_picked":["TheCursedMod:CursedBoomerang","TheCursedMod:AshesToAshes","TheCursedMod:RavingStaff"],"picked":"SKIP","floor":7},{"not_picked":["TheCursedMod:SpreadPlague","TheCursedMod:CircleOfFlame","TheCursedMod:RavingStaff"],"picked":"SKIP","floor":10},{"not_picked":["TheCursedMod:TacticalStrike","TheCursedMod:Mangle"],"picked":"TheCursedMod:SpitefulStrike","floor":11},{"not_picked":["TheCursedMod:SpitefulPray","TheCursedMod:ShockAndAwe"],"picked":"TheCursedMod:Wield","floor":12},{"not_picked":["TheCursedMod:CursedRelics","TheCursedMod:Neurasthenia"],"picked":"TheCursedMod:ForbiddenAlchemy","floor":16},{"not_picked":["TheCursedMod:RapidMovement","TheCursedMod:CircleOfBlood"],"picked":"TheCursedMod:FleshFromBone","floor":18},{"not_picked":["TheCursedMod:CursedSpellbook","TheCursedMod:FleshFromBone"],"picked":"TheCursedMod:CursedShiv","floor":19},{"not_picked":["TheCursedMod:SpitefulStrike","TheCursedMod:Wield","TheCursedMod:Stretching"],"picked":"TheCursedMod:SurpriseAttack","floor":22},{"not_picked":["TheCursedMod:ForbiddenAlchemy","TheCursedMod:ReleasedStrength","TheCursedMod:CircleOfFocus"],"picked":"TheCursedMod:CircleOfAbyss","floor":24},{"not_picked":["TheCursedMod:CursedShiv","TheCursedMod:TacticalStrike+1","TheCursedMod:CursedAmulet+1"],"picked":"TheCursedMod:ManaBullet+1","floor":27},{"not_picked":["TheCursedMod:FleshFromBone","TheCursedMod:SaltUponWound+1","TheCursedMod:CursedMace+1"],"picked":"TheCursedMod:CircleOfCorruption+1","floor":29},{"not_picked":["TheCursedMod:FleshFromBone","TheCursedMod:DemonSword","TheCursedMod:CircleOfFlame+1","TheCursedMod:ReleasedStrength+1"],"picked":"SKIP","floor":31},{"not_picked":["TheCursedMod:NeowsMight","TheCursedMod:ShockAndAwe","TheCursedMod:VoidForm"],"picked":"TheCursedMod:ManaCirculation","floor":33},{"not_picked":["TheCursedMod:FleshFromBone","TheCursedMod:CursedAmulet","TheCursedMod:CircleOfCorruption"],"picked":"TheCursedMod:Wield","floor":34},{"not_picked":["TheCursedMod:CursedBlade+1","TheCursedMod:CursedMace","TheCursedMod:LuckyCharm+1"],"picked":"TheCursedMod:Stretching","floor":35},{"not_picked":["TheCursedMod:WearCloak+1","TheCursedMod:CursedAmulet","TheCursedMod:CursedShiv"],"picked":"TheCursedMod:CircleOfFlame+1","floor":36},{"not_picked":["TheCursedMod:Stretching","TheCursedMod:SaltUponWound+1","TheCursedMod:VitalStrike"],"picked":"TheCursedMod:Evocation+1","floor":37},{"not_picked":["TheCursedMod:CursedMace+1","TheCursedMod:Stigma","TheCursedMod:ManaCirculation"],"picked":"TheCursedMod:DoubleShield","floor":40},{"not_picked":["TheCursedMod:SmokeScreen","TheCursedMod:RapidMovement","TheCursedMod:SaltUponWound+1"],"picked":"TheCursedMod:SpitefulPray","floor":42},{"not_picked":["TheCursedMod:ManaCirculation","TheCursedMod:Torture+1","TheCursedMod:DoubleShield+1"],"picked":"TheCursedMod:CircleOfCorruption","floor":45},{"not_picked":["TheCursedMod:LuckyCharm+1","TheCursedMod:CursedAmulet+1","TheCursedMod:WearCloak"],"picked":"TheCursedMod:SpitefulStrike+1","floor":47},{"not_picked":["TheCursedMod:CursedMace+1","TheCursedMod:ManaCirculation","TheCursedMod:FuryStrike","TheCursedMod:FleshFromBone"],"picked":"SKIP","floor":48}],"player_experience":505829,"relics_obtained":[{"floor":2,"key":"Smiling Mask"},{"floor":7,"key":"Whetstone"},{"floor":9,"key":"Pantograph"},{"floor":11,"key":"Torii"},{"floor":17,"key":"PreservedInsect"},{"floor":17,"key":"HornCleat"},{"floor":17,"key":"StoneCalendar"},{"floor":24,"key":"TheCursedMod:CrystalBall"},{"floor":26,"key":"Bag of Preparation"},{"floor":27,"key":"Happy Flower"},{"floor":31,"key":"FossilizedHelix"},{"floor":40,"key":"CaptainsWheel"},{"floor":43,"key":"Bronze Scales"}],"event_choices":[{"damage_healed":0,"gold_gain":0,"player_choice":"Relic","damage_taken":0,"max_hp_gain":0,"max_hp_loss":0,"event_name":"Wheel of Change","floor":2,"gold_loss":0},{"damage_healed":0,"gold_gain":0,"player_choice":"Grow","damage_taken":0,"max_hp_gain":0,"max_hp_loss":0,"event_name":"Living Wall","floor":13,"gold_loss":0,"cards_upgraded":["TheCursedMod:Wield"]},{"damage_healed":0,"gold_gain":0,"player_choice":"Fled","damage_taken":0,"max_hp_gain":0,"max_hp_loss":0,"event_name":"Scrap Ooze","floor":14,"gold_loss":0},{"damage_healed":0,"gold_gain":0,"player_choice":"Obtained Relic","damage_taken":0,"relics_obtained":["Question Card"],"max_hp_gain":0,"max_hp_loss":0,"event_name":"Addict","floor":20,"gold_loss":85},{"damage_healed":0,"gold_gain":0,"player_choice":"Ignored","damage_taken":0,"max_hp_gain":0,"max_hp_loss":0,"event_name":"Tomb of Lord Red Mask","floor":38,"gold_loss":0},{"damage_healed":22,"gold_gain":0,"player_choice":"Writhe","damage_taken":0,"max_hp_gain":0,"max_hp_loss":0,"event_name":"Winding Halls","floor":39,"gold_loss":0,"cards_obtained":["Writhe"]},{"damage_healed":0,"gold_gain":0,"player_choice":"Ignored","damage_taken":0,"max_hp_gain":0,"max_hp_loss":0,"event_name":"Mysterious Sphere","floor":41,"gold_loss":0}],"is_beta":false,"boss_relics":[{"not_picked":["TheCursedMod:OminousMark","Coffee Dripper"],"picked":"Calling Bell"},{"not_picked":["Philosopher\u0027s Stone","Velvet Choker"],"picked":"Tiny House"}],"items_purged_floors":[],"is_endless":false,"potions_floor_spawned":[1,3,11,12,18,24,29,35,42,45,47],"killed_by":"Time Eater","ascension_level":1}}