{"host":"ecaj4hn004xnnrw9","time":1610632646,"event":{"mods":["AchievementEnabler","BaseMod","Better Third Choice","Hermit","Hubris","Infinite Spire","Jorbs\u0027s Wanderer Trilogy","Minty Spire (QoL Compilation)","Quick Restart","Shop Mod","StSLib","The Construct","The Jungle","The Runesmith"],"gold_per_floor":[116,116,130,130,143,143,177,190,190,190,190,215,140,160,160,263,263,263],"floor_reached":17,"language":"ENG","playtime":422,"items_purged":["Strike_P"],"score":200,"play_id":"f71f5053-7ed4-4315-b37b-ca0c2838872a","local_time":"20210114135726","is_ascension_mode":true,"campfire_choices":[{"data":"CrushJoints","floor":6,"key":"SMITH"},{"data":"FlurryOfBlows","floor":11,"key":"SMITH"},{"data":"Wallop","floor":15,"key":"SMITH"}],"circlet_count":0,"master_deck":["Strike_P","Strike_P","Defend_P","Defend_P","Defend_P","Defend_P","Eruption+1","Vigilance","BowlingBash","FlurryOfBlows+1","CrushJoints+1","Halt","Wallop+1","Consecrate","LessonLearned"],"relics":["SacredBark","Bag of Marbles","Yang","Centennial Puzzle","hubris:ToyBattleship","VioletLotus"],"acts_visited":["Exordium","TheCity"],"potions_floor_usage":[7],"damage_taken":[{"damage":0,"enemies":"2 Louse","floor":1,"turns":3},{"damage":2,"enemies":"Cultist","floor":3,"turns":3},{"damage":5,"enemies":"Small Slimes","floor":5,"turns":3},{"damage":0,"enemies":"Gremlin Nob","floor":7,"turns":2},{"damage":0,"enemies":"Looter","floor":8,"turns":2},{"damage":9,"enemies":"3 Sentries","floor":12,"turns":3},{"damage":0,"enemies":"Gremlin Gang","floor":14,"turns":3},{"damage":2,"enemies":"The Guardian","floor":16,"turns":7}],"seed_played":"-7068934396562721194","potions_obtained":[{"floor":1,"key":"BottledMiracle"},{"floor":5,"key":"Dexterity Potion"},{"floor":12,"key":"Fire Potion"},{"floor":14,"key":"StancePotion"}],"is_trial":false,"path_per_floor":["M","?","M","?","M","R","E","M","T","?","R","E","$","M","R","B",null],"character_chosen":"WATCHER","items_purchased":[],"campfire_rested":0,"item_purchase_floors":[],"current_hp_per_floor":[72,72,70,70,65,65,65,65,65,65,65,56,56,56,56,54,72,72],"gold":263,"neow_bonus":"BOSS_RELIC","is_daily":false,"chose_seed":false,"campfire_upgraded":3,"win_rate":0.0,"timestamp":1610632646,"path_taken":["M","?","?","?","M","R","E","M","T","?","R","E","$","M","R","BOSS"],"items_purchased_type":[],"build_version":"2020-12-22","purchased_purges":1,"victory":false,"max_hp_per_floor":[72,72,72,72,72,72,72,72,72,72,72,72,72,72,72,72,72,72],"card_choices":[{"not_picked":["CutThroughFate","Halt"],"picked":"BowlingBash","floor":1},{"not_picked":["Halt","ReachHeaven"],"picked":"FlurryOfBlows","floor":3},{"not_picked":["EmptyBody","Evaluate"],"picked":"CrushJoints","floor":5},{"not_picked":["Evaluate","Pray"],"picked":"Halt","floor":7},{"not_picked":["Tantrum","Evaluate"],"picked":"Wallop","floor":8},{"not_picked":["ThirdEye","PathToVictory"],"picked":"Consecrate","floor":12},{"not_picked":["FlyingSleeves","Prostrate","Judgement"],"picked":"SKIP","floor":14},{"not_picked":["Establishment","Alpha"],"picked":"LessonLearned","floor":16}],"player_experience":339921,"relics_obtained":[{"floor":7,"key":"Bag of Marbles"},{"floor":9,"key":"Yang"},{"floor":10,"key":"Centennial Puzzle"},{"floor":12,"key":"hubris:ToyBattleship"}],"event_choices":[{"cards_removed":["Strike_P"],"damage_healed":0,"gold_gain":0,"player_choice":"Offered Basic","damage_taken":0,"max_hp_gain":0,"max_hp_loss":0,"event_name":"Bonfire Elementals","floor":2,"gold_loss":0}],"is_beta":false,"boss_relics":[{"not_picked":["Calling Bell","Coffee Dripper"],"picked":"VioletLotus"}],"items_purged_floors":[13],"is_endless":false,"potions_floor_spawned":[1,5,12,14],"ascension_level":1}}