{"host":"9j9ju8r45kuhshxi","time":1610586359,"event":{"mods":["BaseMod","Colored Map","Colored Powertips","Highlight Path","Marisa（F雨　魔理沙）","Minty Spire (QoL Compilation)","Replay The Spire","Ryuuou龙王","StSLib","[功能]功能增强和修复MOD"],"gold_per_floor":[113,133,113,113,126,152,167,201,201,201,232,232,260,274,274,375,375,392,403,388,400,340,340,369,369,394,420,415,415,415,415,415,520,520,532,532,532,532,545,580,590,624,624,636,669,669,702,721,721,721,721,721,721,755,755],"floor_reached":56,"language":"ZHS","playtime":3000,"items_purged":["Strike_R","Strike_R","Defend_R","Defend_R","Strike_R","Defend_R","Shrug It Off","Strike_R"],"score":1883,"play_id":"c96b436c-84af-4580-88a4-f680edfd2eb7","local_time":"20210114090559","is_ascension_mode":true,"campfire_choices":[{"floor":10,"key":"RECALL"},{"data":"Rupture","floor":12,"key":"SMITH"},{"data":"Bludgeon","floor":25,"key":"SMITH"},{"data":"Flex","floor":49,"key":"SMITH"},{"data":"Master of Strategy","floor":52,"key":"SMITH"}],"circlet_count":0,"master_deck":["Strike_R+1","Defend_R+1","Bash+1","Burning Pact+1","Shrug It Off+1","Flex+1","Offering+1","Rupture+1","Evolve+1","ReplayTheSpireMod:Limb From Limb+1","Clothesline+1","Immolate+1","Infernal Blade","Rupture+1","Inflame+1","Fire Breathing+1","Spot Weakness+1","Dark Embrace+1","Rage","ReplayTheSpireMod:Muscle Training+1","Bludgeon+1","Inflame+1","Pommel Strike+1","Run Through+1","Master of Strategy+1","Offering+1","PanicButton+1","ReplayTheSpireMod:Muscle Training+1","Demonic Infusion","Vault","Disarm"],"relics":["Burning Blood","Guide Book","Pondfish Scales","Peace Pipe","Turnip","Frozen Egg 2","Iron Hammer","Bag of Marbles","Replay:Multitool","SacredBark","Orrery","Dream Catcher","Quantum Egg","Blue Doll","Singing Bowl","PrismaticShard","Simple Rune","Replay:Ringing Soul","ClockworkSouvenir","Onion Ring","Vajra","Astrolabe","Chemical X","Replay:Towering Pillar of Hats","Akabeko","Darkstone Periapt","Omamori","Ornamental Fan","Bottled Tornado","Whetstone","Replay:Bottled Flurry","Lee\u0027s Waffle","Replay:Kaleidoscope","InkBottle","Golden Egg"],"acts_visited":["Exordium","TheCity","TheBeyond","TheEnding"],"potions_floor_usage":[27,33,33,47,50,50,55,55,55],"damage_taken":[{"damage":2,"enemies":"Jaw Worm","floor":1,"turns":2},{"damage":0,"enemies":"Cultist","floor":2,"turns":2},{"damage":6,"enemies":"Small Slimes","floor":5,"turns":2},{"damage":6,"enemies":"Gremlin Nob","floor":6,"turns":2},{"damage":6,"enemies":"Blue Slaver","floor":7,"turns":2},{"damage":6,"enemies":"Lagavulin","floor":8,"turns":2},{"damage":6,"enemies":"Replay:BlueRogue","floor":11,"turns":1},{"damage":6,"enemies":"Lagavulin","floor":13,"turns":1},{"damage":0,"enemies":"Lots of Slimes","floor":14,"turns":1},{"damage":6,"enemies":"Slime Boss","floor":16,"turns":1},{"damage":6,"enemies":"Shell Parasite","floor":18,"turns":2},{"damage":0,"enemies":"Spheric Guardian","floor":19,"turns":1},{"damage":11,"enemies":"Snecko","floor":21,"turns":3},{"damage":6,"enemies":"Slavers","floor":24,"turns":1},{"damage":15,"enemies":"Replay:Snechameleon","floor":27,"turns":3},{"damage":6,"enemies":"Champ","floor":33,"turns":1},{"damage":6,"enemies":"3 Shapes","floor":35,"turns":1},{"damage":0,"enemies":"3 Darklings","floor":39,"turns":1},{"damage":6,"enemies":"Reptomancer","floor":40,"turns":2},{"damage":0,"enemies":"Spire Growth","floor":41,"turns":1},{"damage":12,"enemies":"Nemesis","floor":42,"turns":1},{"damage":6,"enemies":"Maw","floor":44,"turns":2},{"damage":12,"enemies":"Giant Head","floor":45,"turns":2},{"damage":0,"enemies":"Reptomancer","floor":47,"turns":1},{"damage":0,"enemies":"Jaw Worm Horde","floor":48,"turns":1},{"damage":12,"enemies":"Replay:Hell Engine","floor":50,"turns":1},{"damage":12,"enemies":"Shield and Spear","floor":54,"turns":1},{"damage":15,"enemies":"The Heart","floor":55,"turns":4}],"seed_played":"-222625505429580305","potions_obtained":[{"floor":2,"key":"CultistPotion"},{"floor":2,"key":"Ancient Potion"},{"floor":5,"key":"Reflective Coating"},{"floor":11,"key":"Elixir"},{"floor":13,"key":"Strength Potion"},{"floor":27,"key":"SneckoOil"},{"floor":33,"key":"Swift Potion"},{"floor":35,"key":"AttackPotion"},{"floor":48,"key":"SteroidPotion"}],"is_trial":false,"path_per_floor":["M","M","$","?","M","E","M","E","T","R","E","R","E","M","R","B",null,"M","M","$","M","?","R","E","R","T","E","$","R","$","?","R","B",null,"M","?","$","T","M","E","M","E","T","M","E","?","E","M","R","B",null,"R","$","E","B",null],"character_chosen":"IRONCLAD","items_purchased":["Guide Book","Pondfish Scales","Peace Pipe","Flex","Offering+1","Rupture","Flashbang","Orrery","Dream Catcher","Quantum Egg","Dark Embrace+1","Rage","Hemokinesis","PrismaticShard","Simple Rune","Replay:Ringing Soul","Inflame+1","Run Through+1","ClockworkSouvenir","Onion Ring","Vajra","Chemical X","Replay:Towering Pillar of Hats","Akabeko","Demonic Infusion","Disarm","Lee\u0027s Waffle","Replay:Kaleidoscope","InkBottle","SneckoOil","Swift Potion"],"campfire_rested":0,"item_purchase_floors":[3,3,3,3,3,3,3,20,20,20,20,20,20,28,28,28,28,30,30,30,30,37,37,37,37,53,53,53,53,53,53],"current_hp_per_floor":[80,80,80,80,80,80,80,80,80,80,80,80,80,80,80,80,80,80,80,80,75,75,80,80,80,80,73,76,79,82,82,79,82,96,98,98,101,101,107,110,112,108,108,110,106,106,114,122,122,116,121,121,132,128,119],"gold":755,"neow_bonus":"UPGRADE_CARD","is_daily":false,"chose_seed":false,"campfire_upgraded":4,"win_rate":0.0,"timestamp":1610586359,"path_taken":["M","M","$","?","?","E","M","E","T","R","E","R","E","?","R","BOSS","M","M","$","?","?","R","E","R","T","E","$","R","$","?","R","BOSS","M","?","$","?","?","E","M","E","T","M","E","?","E","M","R","BOSS","R","$","E","BOSS"],"items_purchased_type":["Relic","Relic","Relic","Card","Card","Card","Potion","Relic","Relic","Relic","Card","Card","Card","Relic","Relic","Relic","Card","Card","Relic","Relic","Relic","Relic","Relic","Relic","Card","Card","Relic","Relic","Relic","Potion","Potion"],"build_version":"2020-12-22","purchased_purges":8,"victory":true,"max_hp_per_floor":[80,80,80,80,80,80,80,80,80,80,80,80,80,80,80,80,80,80,80,80,80,80,80,80,80,80,82,85,88,91,91,94,97,100,102,102,105,105,107,110,112,114,114,116,118,118,120,122,122,122,122,122,132,134,134],"card_choices":[{"not_picked":["Anger","Warcry"],"picked":"Burning Pact","floor":1},{"not_picked":["Clothesline","Twin Strike"],"picked":"Shrug It Off","floor":2},{"not_picked":["Flex","Cleave"],"picked":"Clash","floor":5},{"not_picked":["Headbutt","Havoc"],"picked":"Shrug It Off","floor":6},{"not_picked":["Pummel","Uppercut"],"picked":"Evolve+1","floor":7},{"not_picked":["Corruption+1","Pommel Strike"],"picked":"ReplayTheSpireMod:Limb From Limb","floor":8},{"not_picked":["Abandon","Iron Wave"],"picked":"Clothesline","floor":11},{"not_picked":["Clothesline","Second Wind","Corruption+1"],"picked":"SKIP","floor":13},{"not_picked":["Clothesline","Clash","Thunderclap"],"picked":"SKIP","floor":14},{"not_picked":["Juggernaut+1","Bludgeon"],"picked":"Immolate","floor":16},{"not_picked":["Run Through+1","ReplayTheSpireMod:Stacked+1"],"picked":"Infernal Blade","floor":18},{"not_picked":["Clothesline","Combust+1"],"picked":"Rupture+1","floor":19},{"not_picked":["Fiend Fire","Life Link+1"],"picked":"Inflame+1","floor":20},{"not_picked":["Flame Barrier+1","Cleave"],"picked":"Shrug It Off","floor":20},{"not_picked":["Thunderclap+1","Hemokinesis"],"picked":"Fire Breathing+1","floor":20},{"not_picked":["Clothesline","Headbutt"],"picked":"Armaments+1","floor":20},{"not_picked":["Shockwave","Havoc"],"picked":"Spot Weakness+1","floor":20},{"not_picked":["Headbutt","Clash+1"],"picked":"ReplayTheSpireMod:Muscle Training+1","floor":21},{"not_picked":["Spot Weakness","Warcry"],"picked":"Bludgeon","floor":24},{"not_picked":["Wild Strike","Seeing Red+1","Battle Trance"],"picked":"Singing Bowl","floor":27},{"not_picked":["Storm of Steel","StarDustReverie"],"picked":"Master of Strategy","floor":33},{"not_picked":["Rip and Tear","FlurryOfBlows","Blind+1"],"picked":"Singing Bowl","floor":35},{"not_picked":["Infinite Blades+1","DoubleSpark+1","Catalyst+1"],"picked":"Singing Bowl","floor":39},{"not_picked":["CutThroughFate","HandOfGreedSenior+1"],"picked":"Vault","floor":40},{"not_picked":["Leap","Headbutt","WheelKick+1"],"picked":"Singing Bowl","floor":41},{"not_picked":["Sword Boomerang+1","Entrench+1","MilkyWay+1"],"picked":"Singing Bowl","floor":42},{"not_picked":["Coolheaded+1","Fusion","Clothesline"],"picked":"Singing Bowl","floor":44},{"not_picked":["EarthLightRay","Clash","Grand Finale"],"picked":"Singing Bowl","floor":45},{"not_picked":["Panic Button+1","Dagger Throw+1","Thunderclap+1"],"picked":"Singing Bowl","floor":47},{"not_picked":["Rampage+1","CutThroughFate+1","WitchLeyline"],"picked":"Singing Bowl","floor":48},{"not_picked":["Endless Agony","DC","Prostrate+1"],"picked":"Singing Bowl","floor":54}],"player_experience":111802,"relics_obtained":[{"floor":6,"key":"Frozen Egg 2"},{"floor":8,"key":"Iron Hammer"},{"floor":11,"key":"Bag of Marbles"},{"floor":13,"key":"Replay:Multitool"},{"floor":26,"key":"Blue Doll"},{"floor":27,"key":"Singing Bowl"},{"floor":38,"key":"Darkstone Periapt"},{"floor":40,"key":"Omamori"},{"floor":42,"key":"Ornamental Fan"},{"floor":43,"key":"Bottled Tornado"},{"floor":45,"key":"Whetstone"},{"floor":47,"key":"Replay:Bottled Flurry"},{"floor":54,"key":"Golden Egg"}],"event_choices":[{"damage_healed":0,"gold_gain":0,"player_choice":"Gave Potion","damage_taken":0,"relics_obtained":["Turnip"],"max_hp_gain":0,"max_hp_loss":0,"event_name":"WeMeetAgain","floor":4,"gold_loss":0},{"damage_healed":0,"gold_gain":0,"cards_transformed":["Clash","Shrug It Off"],"player_choice":"Became Test Subject","damage_taken":0,"max_hp_gain":0,"max_hp_loss":0,"event_name":"Drug Dealer","floor":29,"gold_loss":0,"cards_obtained":["Pommel Strike","Immolate"]},{"damage_healed":0,"gold_gain":0,"player_choice":"Ignored","damage_taken":0,"max_hp_gain":0,"max_hp_loss":0,"event_name":"Ghosts","floor":31,"gold_loss":0},{"damage_healed":0,"gold_gain":0,"player_choice":"Joined the Cult","damage_taken":6,"max_hp_gain":0,"max_hp_loss":0,"event_name":"Nest","floor":32,"gold_loss":0,"cards_obtained":["RitualDagger"]},{"cards_removed":["Armaments"],"damage_healed":0,"gold_gain":0,"player_choice":"Purged","damage_taken":0,"max_hp_gain":0,"max_hp_loss":0,"event_name":"Purifier","floor":36,"gold_loss":0},{"damage_healed":0,"gold_gain":0,"player_choice":"Ignored","damage_taken":0,"max_hp_gain":0,"max_hp_loss":0,"event_name":"Tomb of Lord Red Mask","floor":46,"gold_loss":0}],"is_beta":false,"boss_relics":[{"not_picked":["Sozu","Ooze Armor"],"picked":"SacredBark"},{"not_picked":["Busted Crown","Replay:Bronze Core"],"picked":"Astrolabe"}],"items_purged_floors":[3,3,3,3,20,20,20,28],"is_endless":false,"potions_floor_spawned":[2,2,5,6,6,6,7,8,8,11,11,11,13,13,16,18,21,21,24,24,27,27,33,35,35,40,40,40,41,41,42,42,44,45,47,48,48],"ascension_level":5}}