{"host":"foq4mrde4mssg7vt","time":1610633906,"event":{"mods":["AchievementEnabler","BaseMod","Colored Map","Colored Powertips","Highlight Path","Minty Spire (QoL Compilation)","Relic Stats","everything is the same but u backflip on backflip"],"gold_per_floor":[114,132,143,160,235,235,235],"floor_reached":6,"language":"ENG","playtime":188,"items_purged":[],"score":72,"play_id":"51215af7-c5b4-4ecd-bc85-8306b071af5a","local_time":"20210114221826","is_ascension_mode":true,"campfire_choices":[],"circlet_count":0,"master_deck":["AscendersBane","Strike_B","Strike_B","Strike_B","Strike_B","Defend_B","Defend_B","Defend_B","Defend_B","Zap","Dualcast","Conserve Battery","Rebound","Streamline","Beam Cell"],"relics":["Runic Dome"],"acts_visited":["Exordium"],"potions_floor_usage":[6],"damage_taken":[{"damage":0.0,"enemies":"2 Louse","floor":1.0,"turns":2.0},{"damage":2.0,"enemies":"Jaw Worm","floor":2.0,"turns":6.0},{"damage":0,"enemies":"Small Slimes","floor":3,"turns":2},{"damage":1,"enemies":"Exordium Thugs","floor":4,"turns":4},{"damage":55,"enemies":"Gremlin Nob","floor":6,"turns":4}],"seed_played":"-6196819788076104265","potions_obtained":[{"floor":3,"key":"Strength Potion"}],"is_trial":false,"path_per_floor":["M","M","M","M","?","E"],"character_chosen":"DEFECT","items_purchased":[],"campfire_rested":0,"item_purchase_floors":[],"current_hp_per_floor":[64,62,62,61,50,0,0],"gold":235,"neow_bonus":"BOSS_RELIC","is_daily":false,"chose_seed":false,"campfire_upgraded":0,"win_rate":0.0,"timestamp":1610633906,"path_taken":["M","M","M","M","?","E"],"items_purchased_type":[],"build_version":"2020-12-22","purchased_purges":0,"victory":false,"max_hp_per_floor":[71,71,71,71,71,71,71],"relic_stats":{"counters":[5,18],"obtain_stats":[{"Runic Dome":0,"Cracked Core":0},{"Runic Dome":0,"Cracked Core":0},{"Runic Dome":0,"Cracked Core":0}]},"card_choices":[{"not_picked":["Turbo","Steam Power"],"picked":"Conserve Battery","floor":1.0},{"not_picked":["Chill","BootSequence"],"picked":"Rebound","floor":2.0},{"not_picked":["Steam","Creative AI"],"picked":"Streamline","floor":3},{"not_picked":["Rebound","Leap"],"picked":"Beam Cell","floor":4}],"player_experience":461533,"relics_obtained":[],"event_choices":[{"damage_healed":0,"gold_gain":75,"player_choice":"Gather Gold","damage_taken":11,"max_hp_gain":0,"max_hp_loss":0,"event_name":"World of Goop","floor":5,"gold_loss":0}],"is_beta":false,"boss_relics":[],"items_purged_floors":[],"is_endless":false,"potions_floor_spawned":[3],"killed_by":"Gremlin Nob","ascension_level":18}}