{"host":"uqu4g15d3w1vnax3","time":1610606111,"event":{"mods":["BaseMod","KOR Keyword Fix","Lobotomy","Minty Spire (QoL Compilation)","StSLib"],"gold_per_floor":[109,59,334,347,61,61,61,74,74,107,139,171,201,201,201,306,306,340,340,375,39,78,147,147,182,182,182,182,194,219,23,23,125,125,145,177,192,192,192,192,205,240,263,275,320,61,161,179,179,179,179],"floor_reached":50,"language":"KOR","playtime":2430,"items_purged":["Regret","ClearTheMind","JustLucky","Parasite"],"score":624,"play_id":"a814e463-a960-40b7-88b9-37b78ca8a532","local_time":"20210114153511","is_ascension_mode":true,"campfire_choices":[{"data":"Eruption","floor":6.0,"key":"SMITH"},{"data":"BattleHymn","floor":15.0,"key":"SMITH"},{"floor":24.0,"key":"REST"},{"floor":27.0,"key":"REST"},{"floor":32.0,"key":"REST"},{"floor":40,"key":"REST"},{"floor":44,"key":"REST"},{"floor":49,"key":"DIG"}],"circlet_count":0,"master_deck":["Strike_P+1","Defend_P","Defend_P","Defend_P","Eruption+1","Vigilance","ClearTheMind+1","Conclude+1","HandOfGreed","FlurryOfBlows","Judgement+1","BattleHymn+1","LessonLearned","ConjureBlade+1","ClearTheMind+1","Evaluate+1","Crescendo","FollowUp+1","CarveReality+1","EmptyBody+1","Establishment","FlurryOfBlows+1","Purity","TalkToTheHand+1"],"relics":["Empty Cage","Meat on the Bone","Anchor","Smiling Mask","FaceOfCleric","Fusion Hammer","Ice Cream","Dead Branch","MealTicket","HornCleat","Red Mask","Membership Card","Runic Pyramid","Dream Catcher","MawBank","Chemical X","Shovel","Orichalcum"],"acts_visited":["Exordium","TheCity","TheBeyond"],"potions_floor_usage":[50,50],"damage_taken":[{"damage":22.0,"enemies":"Jaw Worm","floor":1.0,"turns":2.0},{"damage":18.0,"enemies":"Small Slimes","floor":4.0,"turns":3.0},{"damage":0.0,"enemies":"Cultist","floor":8.0,"turns":2.0},{"damage":8.0,"enemies":"Red Slaver","floor":10.0,"turns":4.0},{"damage":0.0,"enemies":"Gremlin Nob","floor":11.0,"turns":2.0},{"damage":2.0,"enemies":"Blue Slaver","floor":12.0,"turns":2.0},{"damage":2.0,"enemies":"3 Sentries","floor":13.0,"turns":3.0},{"damage":34.0,"enemies":"Hexaghost","floor":16.0,"turns":7.0},{"damage":25.0,"enemies":"2 Thieves","floor":18.0,"turns":4.0},{"damage":9.0,"enemies":"Chosen","floor":19.0,"turns":6.0},{"damage":23.0,"enemies":"Snecko","floor":20.0,"turns":4.0},{"damage":5.0,"enemies":"Chosen and Byrds","floor":22.0,"turns":4.0},{"damage":24.0,"enemies":"Slavers","floor":23.0,"turns":6.0},{"damage":11.0,"enemies":"Gremlin Leader","floor":25.0,"turns":5.0},{"damage":11.0,"enemies":"Snake Plant","floor":29.0,"turns":2.0},{"damage":3.0,"enemies":"Masked Bandits","floor":30.0,"turns":5.0},{"damage":58.0,"enemies":"Champ","floor":33.0,"turns":8.0},{"damage":0.0,"enemies":"3 Shapes","floor":35.0,"turns":3.0},{"damage":0,"enemies":"Orb Walker","floor":36,"turns":3},{"damage":15,"enemies":"Writhing Mass","floor":37,"turns":5},{"damage":6,"enemies":"4 Shapes","floor":41,"turns":3},{"damage":37,"enemies":"Nemesis","floor":42,"turns":5},{"damage":0,"enemies":"Sphere and 2 Shapes","floor":45,"turns":3},{"damage":33,"enemies":"Transient","floor":48,"turns":5},{"damage":63,"enemies":"Awakened One","floor":50,"turns":9}],"seed_played":"-2971194008622528514","potions_obtained":[{"floor":1.0,"key":"Weak Potion"},{"floor":10.0,"key":"SmokeBomb"},{"floor":13.0,"key":"BottledMiracle"},{"floor":16.0,"key":"Regen Potion"},{"floor":20.0,"key":"ColorlessPotion"},{"floor":22.0,"key":"Block Potion"},{"floor":25.0,"key":"BlessingOfTheForge"},{"floor":37,"key":"DuplicationPotion"},{"floor":42,"key":"Ambrosia"},{"floor":45,"key":"GamblersBrew"}],"is_trial":false,"path_per_floor":["M","?","?","M","$","R","$","M","T","M","E","M","E","?","R","B",null,"M","M","M","$","M","E","R","E","T","R","?","M","?","$","R","B",null,"M","M","M","?","?","R","M","E","T","R","M","$","?","M","R","B"],"character_chosen":"WATCHER","items_purchased":["HandOfGreed","JustLucky","Ice Cream","Membership Card","Chemical X","Shovel"],"campfire_rested":5,"item_purchase_floors":[5,5,21,31,46,46],"current_hp_per_floor":[50,50,50,32,32,32,32,32,32,36,48,46,44,44,44,23,73,49,41,36,36,44,33,56,46,46,69,54,44,54,69,86,41,87,88,89,75,75,65,90,85,49,49,76,77,90,90,58,58,0,0],"gold":179,"neow_bonus":"BOSS_RELIC","is_daily":false,"chose_seed":false,"campfire_upgraded":2,"win_rate":0.0,"timestamp":1610606111,"path_taken":["M","?","?","?","$","R","?","M","T","M","E","M","E","?","R","BOSS","M","M","M","$","M","E","R","E","T","R","?","M","?","$","R","BOSS","M","M","M","?","?","R","M","E","T","R","M","$","?","?","R","BOSS"],"items_purchased_type":["Card","Card","Relic","Relic","Relic","Relic"],"build_version":"2020-12-22","purchased_purges":4,"victory":false,"max_hp_per_floor":[72,72,72,72,72,72,72,72,72,72,72,72,72,72,72,73,73,74,75,76,76,77,78,78,79,79,79,84,85,86,86,86,87,87,88,89,90,90,90,90,91,92,92,92,93,90,90,91,91,91,91],"card_choices":[{"not_picked":["BattleHymn","FlurryOfBlows"],"picked":"ClearTheMind","floor":1.0},{"not_picked":["Vengeance","Study"],"picked":"Conclude","floor":4.0},{"not_picked":["JustLucky","ThirdEye"],"picked":"ClearTheMind","floor":8.0},{"not_picked":["SashWhip","LikeWater"],"picked":"FlurryOfBlows","floor":10.0},{"not_picked":["CrushJoints","SashWhip"],"picked":"Judgement","floor":11.0},{"not_picked":["SashWhip","CutThroughFate"],"picked":"BattleHymn","floor":12.0},{"not_picked":["Conclude","Evaluate"],"picked":"LessonLearned","floor":13.0},{"not_picked":["Scrawl","LessonLearned"],"picked":"ConjureBlade","floor":16.0},{"not_picked":["Worship","Consecrate"],"picked":"ClearTheMind+1","floor":18.0},{"not_picked":["ReachHeaven+1","Meditate","Halt"],"picked":"SKIP","floor":19.0},{"not_picked":["PathToVictory","Pray"],"picked":"Evaluate+1","floor":20.0},{"not_picked":["Protect","Consecrate"],"picked":"Crescendo","floor":22.0},{"not_picked":["PathToVictory","BattleHymn"],"picked":"FollowUp","floor":23.0},{"not_picked":["Protect","Wireheading"],"picked":"CarveReality+1","floor":25.0},{"not_picked":["Protect+1","FollowUp"],"picked":"EmptyBody+1","floor":29.0},{"not_picked":["Scrawl","Judgement"],"picked":"Establishment","floor":33.0},{"not_picked":["WheelKick","Prostrate","BowlingBash+1"],"picked":"SKIP","floor":35},{"not_picked":["CutThroughFate","SignatureMove"],"picked":"FlurryOfBlows","floor":36},{"not_picked":["WheelKick+1","ClearTheMind+1","SashWhip+1"],"picked":"SKIP","floor":37},{"not_picked":["Mind Blast","Swift Strike"],"picked":"Purity","floor":39},{"not_picked":["EmptyBody","ClearTheMind+1","FollowUp+1"],"picked":"SKIP","floor":41},{"not_picked":["LikeWater","ForeignInfluence+1","Protect"],"picked":"SKIP","floor":42},{"not_picked":["Consecrate","Evaluate+1","SashWhip"],"picked":"SKIP","floor":45},{"not_picked":["Nirvana","FollowUp+1"],"picked":"TalkToTheHand+1","floor":48}],"player_experience":283765,"relics_obtained":[{"floor":9.0,"key":"Meat on the Bone"},{"floor":11.0,"key":"Anchor"},{"floor":13.0,"key":"Smiling Mask"},{"floor":23.0,"key":"Dead Branch"},{"floor":25.0,"key":"MealTicket"},{"floor":26.0,"key":"HornCleat"},{"floor":30.0,"key":"Red Mask"},{"floor":42,"key":"Dream Catcher"},{"floor":43,"key":"MawBank"},{"floor":49,"key":"Orichalcum"}],"event_choices":[{"cards_removed":["Defend_P"],"damage_healed":0.0,"max_hp_gain":0.0,"max_hp_loss":0.0,"gold_gain":0.0,"event_name":"The Cleric","player_choice":"Card Removal","floor":2.0,"gold_loss":50.0,"damage_taken":0.0},{"damage_healed":0.0,"max_hp_gain":0.0,"max_hp_loss":0.0,"gold_gain":275.0,"event_name":"Golden Shrine","player_choice":"Desecrate","floor":3.0,"gold_loss":0.0,"damage_taken":0.0,"cards_obtained":["Regret"]},{"damage_healed":0.0,"max_hp_gain":0.0,"max_hp_loss":0.0,"gold_gain":0.0,"event_name":"FaceTrader","player_choice":"Trade","floor":14.0,"gold_loss":0.0,"damage_taken":0.0,"relics_obtained":["FaceOfCleric"]},{"damage_healed":0.0,"max_hp_gain":5.0,"max_hp_loss":0.0,"gold_gain":0.0,"event_name":"Forgotten Altar","player_choice":"Shed Blood","floor":28.0,"gold_loss":0.0,"damage_taken":20.0},{"damage_healed":0.0,"max_hp_gain":0.0,"max_hp_loss":0.0,"gold_gain":0.0,"event_name":"Masked Bandits","player_choice":"Fought Bandits","floor":30.0,"gold_loss":0.0,"damage_taken":0.0},{"cards_removed":["Strike_P"],"damage_healed":0,"gold_gain":0,"player_choice":"Removed Attack","damage_taken":0,"max_hp_gain":0,"max_hp_loss":0,"event_name":"Falling","floor":38,"gold_loss":0},{"damage_healed":0,"gold_gain":0,"player_choice":"Memory 3","damage_taken":10,"max_hp_gain":0,"max_hp_loss":0,"event_name":"SensoryStone","floor":39,"gold_loss":0},{"damage_healed":0,"gold_gain":100,"player_choice":"Pray","damage_taken":0,"max_hp_gain":0,"max_hp_loss":0,"event_name":"Golden Shrine","floor":47,"gold_loss":0}],"is_beta":false,"boss_relics":[{"not_picked":["Velvet Choker","Black Star"],"picked":"Fusion Hammer"},{"not_picked":["Sozu","Busted Crown"],"picked":"Runic Pyramid"}],"items_purged_floors":[5,21,31,46],"is_endless":false,"potions_floor_spawned":[1,10,13,16,19,20,22,25,37,42,45],"killed_by":"Awakened One","ascension_level":1}}