{"host":"kabf61oc9jgfwufg","time":1610641723,"event":{"mods":["AchievementEnabler","Act Like it!","Aspiration","BaseMod","Conspire","Energized Spire","GifTheSpireLib","GungeonMod","Halation","HexUI Lib","Hubris","Infinite Spire","Minty Spire (QoL Compilation)","Quick Restart","Rare Cards Sparkle","Replay The Spire","Shop Mod","StSLib"],"gold_per_floor":[115,125,138,98,115,115,115],"floor_reached":6,"language":"ENG","playtime":174,"items_purged":[],"score":40,"play_id":"4109b657-dae6-4b60-bcd6-c05bbfc63979","local_time":"20210114162843","is_ascension_mode":true,"campfire_choices":[],"circlet_count":0,"master_deck":["hubris:Hubris","Strike_P","Strike_P","Strike_P","Strike_P","Defend_P","Defend_P","Defend_P","Defend_P","Eruption","Vigilance","Evaluate","FollowUp","InnerPeace"],"relics":["PureWater","NeowsBlessing"],"acts_visited":["Exordium"],"potions_floor_usage":[],"damage_taken":[{"damage":0,"enemies":"Cultist","floor":1,"turns":1},{"damage":0,"enemies":"Jaw Worm","floor":2,"turns":1},{"damage":0,"enemies":"2 Louse","floor":3,"turns":1},{"damage":14,"enemies":"Red Slaver","floor":5,"turns":5},{"damage":37,"enemies":"Gremlin Nob","floor":6,"turns":5}],"seed_played":"2313375765669604649","potions_obtained":[{"floor":1,"key":"LiquidMemories"},{"floor":2,"key":"Toxic Potion"},{"floor":4,"key":"LifebloodPotion"},{"floor":4,"key":"GamblersBrew"},{"floor":4,"key":"SmokeBomb"}],"is_trial":false,"path_per_floor":["M","M","M","?","M","E"],"character_chosen":"WATCHER","items_purchased":[],"campfire_rested":0,"item_purchase_floors":[],"current_hp_per_floor":[72,72,72,72,58,21,21],"gold":115,"neow_bonus":"THREE_ENEMY_KILL","is_daily":false,"chose_seed":false,"campfire_upgraded":0,"win_rate":0.0,"timestamp":1610641723,"path_taken":["M","M","M","?","M","E"],"items_purchased_type":[],"build_version":"2020-12-22","purchased_purges":0,"victory":false,"max_hp_per_floor":[72,72,72,72,72,72,72],"card_choices":[{"not_picked":["Replay:ManipulateFuture","EmptyFist"],"picked":"Evaluate","floor":1},{"not_picked":["ClearTheMind","PathToVictory","CrushJoints"],"picked":"SKIP","floor":2},{"not_picked":["Replay:BluntJabs","CutThroughFate"],"picked":"FollowUp","floor":3},{"not_picked":["CrushJoints","Crescendo"],"picked":"InnerPeace","floor":5}],"player_experience":100843,"relics_obtained":[],"event_choices":[{"damage_healed":0,"gold_gain":0,"player_choice":"Bought 3 Potions","damage_taken":0,"max_hp_gain":0,"max_hp_loss":0,"event_name":"The Woman in Blue","floor":4,"gold_loss":0}],"is_beta":false,"boss_relics":[],"items_purged_floors":[],"is_endless":false,"potions_floor_spawned":[1,2],"killed_by":"Gremlin Nob","ascension_level":1}}