{"host":"ty2cix8xj6r3ad26","time":1610664083,"event":{"mods":["AchievementEnabler","BaseMod","BetterRewards","Hubris","Minty Spire (QoL Compilation)","Replay The Spire","StSLib","SuperFastMode"],"gold_per_floor":[113,388,407,357,357,357,372,405,432,432,464,474,101,112,112,208,208,219,219,219,248,248,275,347,347,365,31,47,72,72,170,170,187,87,100,100,135,135,162,162,175,175,175,25,25,25,25,25,25,57,57],"floor_reached":56,"language":"ENG","playtime":3305,"items_purged":["Strike_G","Defend_G","Defend_G","Defend_G","Strike_G","Strike_G","Strike_G"],"score":3337,"play_id":"6ade04e7-1974-4ec5-91df-4cbd83aa1573","local_time":"20210115004123","is_ascension_mode":true,"campfire_choices":[{"floor":6,"key":"REST"},{"data":"Footwork","floor":10,"key":"SMITH"},{"data":"Cloak And Dagger","floor":15,"key":"SMITH"},{"data":"Accuracy","floor":24,"key":"SMITH"},{"data":"Strike_G","floor":32,"key":"PURGE"},{"floor":41,"key":"RECALL"},{"data":"ReplayTheSpireMod:Scrap Shanks","floor":47,"key":"SMITH"},{"floor":49,"key":"DIG"},{"data":"Blur","floor":52,"key":"SMITH"}],"circlet_count":0,"master_deck":["AscendersBane","Defend_G","Survivor","Neutralize","Footwork+1","Die Die Die","Cloak And Dagger+1","Infinite Blades","Fluid Movement","Backstab","Blade Dance","Blur+1","Panache","ReplayTheSpireMod:Scrap Shanks+1","Panache+1","Backflip","Dagger Throw","Accuracy+1","Storm of Steel+1","Reflex+1","ReplayTheSpireMod:From All Sides+1"],"relics":["Ring of the Snake","Omamori","Vampiric Spirits","Du-Vu Doll","Chemical X","MealTicket","hubris:EmptyBottle","hubris:MedicalManual","hubris:Zylophone","Pondfish Scales","hubris:BottledRain","Letter Opener","hubris:Teleporter","BargainBundle","Happy Flower","hubris:OldNail","Tingsha","Lantern","HandDrill","hubris:FunFungus","ReplayTheSpireMod:ShopPack","Golden Egg","Ice Cream","Oddly Smooth Stone","Tiny Chest","Toy Ornithopter","ClockworkSouvenir","SlaversCollar","hubris:ToyBattleship","Darkstone Periapt","ReplayTheSpireMod:TigerMarble","Quantum Egg","Bottled Tornado","Replay:Towering Pillar of Hats","Philosopher\u0027s Stone","Nunchaku","Replay:Wax Seal","Paper Crane","Gremlin Food","Replay:Baseball","Boot","HornCleat"],"acts_visited":["Exordium","TheCity","TheBeyond","TheEnding"],"potions_floor_usage":[23,23,25,33,33,33,33,35,42,54,54,55,55,55],"damage_taken":[{"damage":0,"enemies":"2 Louse","floor":1,"turns":2},{"damage":0,"enemies":"Cultist","floor":3,"turns":2},{"damage":0,"enemies":"Small Slimes","floor":7,"turns":3},{"damage":0,"enemies":"3 Sentries","floor":8,"turns":2},{"damage":0,"enemies":"Gremlin Nob","floor":11,"turns":3},{"damage":5,"enemies":"Exordium Wildlife","floor":12,"turns":2},{"damage":0,"enemies":"Blue Slaver","floor":14,"turns":1},{"damage":0,"enemies":"Slime Boss","floor":16,"turns":5},{"damage":13,"enemies":"2 Thieves","floor":18,"turns":3},{"damage":0,"enemies":"Replay:Snechameleon","floor":23,"turns":4},{"damage":0,"enemies":"Gremlin Leader","floor":25,"turns":3},{"damage":0,"enemies":"Spheric Guardian","floor":28,"turns":1},{"damage":0,"enemies":"Snake Plant","floor":30,"turns":1},{"damage":0,"enemies":"Slavers","floor":31,"turns":2},{"damage":0,"enemies":"Pondfish","floor":33,"turns":4},{"damage":0,"enemies":"3 Shapes","floor":35,"turns":2},{"damage":0,"enemies":"3 Darklings","floor":37,"turns":2},{"damage":0,"enemies":"Reptomancer","floor":40,"turns":1},{"damage":0,"enemies":"R_Hoarder","floor":42,"turns":2},{"damage":3,"enemies":"Maw","floor":44,"turns":3},{"damage":6,"enemies":"Donu and Deca","floor":50,"turns":4},{"damage":6,"enemies":"Shield and Spear","floor":54,"turns":2},{"damage":15,"enemies":"The Heart","floor":55,"turns":5}],"seed_played":"6997890156225781828","potions_obtained":[{"floor":3,"key":"EntropicBrew"},{"floor":14,"key":"Flashbang"},{"floor":23,"key":"Fire Potion"},{"floor":30,"key":"Ancient Potion"},{"floor":31,"key":"EssenceOfSteel"},{"floor":37,"key":"Strength Potion"}],"is_trial":false,"path_per_floor":["M","?","M","?","T","R","M","E","T","R","E","M","$","M","R","B",null,"M","?","?","E","R","E","T","T","M","$","M","E","R","B",null,"M","NS","M","$","E","R","E","T","M","T","R","$","R","B",null,"R","$","E","B",null],"character_chosen":"THE_SILENT","items_purchased":["Omamori","Vampiric Spirits","Chemical X","MealTicket","hubris:EmptyBottle","Footwork","Die Die Die","Cloak And Dagger","Infinite Blades","hubris:Zylophone","hubris:BottledRain","Letter Opener","BargainBundle","Happy Flower","hubris:OldNail","Block Potion","BlessingOfTheForge","Fluid Movement","Lantern","Backstab","HandDrill","Blade Dance","Blur","Panache","ReplayTheSpireMod:ShopPack","ReplayTheSpireMod:Scrap Shanks","Golden Egg","Dodge and Roll","ClockworkSouvenir","Bottled Tornado","Reflex","Replay:Baseball"],"campfire_rested":1,"item_purchase_floors":[0,0,0,0,0,0,0,0,0,0,0,0,0,0,0,0,0,0,0,0,0,0,0,0,0,0,0,0,13,29,29,48],"current_hp_per_floor":[24,24,29,29,29,50,54,57,57,57,63,62,70,70,70,70,70,57,57,57,70,70,70,70,70,70,70,70,70,70,70,70,70,70,70,70,70,70,70,70,67,67,67,70,70,64,69,69,70,70,59],"gold":57,"neow_bonus":"","is_daily":false,"chose_seed":false,"campfire_upgraded":5,"win_rate":0.0,"timestamp":1610664083,"path_taken":["M","?","?","?","?","R","M","E","T","R","E","M","?","M","R","BOSS","M","?","?","E","R","E","T","?","?","?","M","E","R","BOSS","M","NS","M","?","E","R","E","T","M","?","R","$","R","BOSS","R","$","E","BOSS"],"items_purchased_type":["Relic","Relic","Relic","Relic","Relic","Card","Card","Card","Card","Relic","Relic","Relic","Relic","Relic","Relic","Potion","Potion","Card","Relic","Card","Relic","Card","Card","Card","Relic","Card","Relic","Card","Relic","Relic","Card","Relic"],"build_version":"2020-12-22","purchased_purges":7,"victory":true,"max_hp_per_floor":[70,70,70,70,70,70,70,70,70,70,70,70,70,70,70,70,70,70,70,70,70,70,70,70,70,70,70,70,70,70,70,70,70,70,70,70,70,70,70,70,70,70,70,70,70,70,70,70,70,70,70],"card_choices":[{"not_picked":["Mayhem","The Bomb"],"picked":"Panache","floor":0},{"not_picked":["Deadly Poison","Choke"],"picked":"Backflip","floor":1},{"not_picked":["Hidden Blade","Catalyst","Blur"],"picked":"SKIP","floor":3},{"not_picked":["Replay:Poison Smokescreen","Prepared"],"picked":"Dagger Throw","floor":7},{"not_picked":["Blade Dance","Bane","Heel Hook"],"picked":"SKIP","floor":8},{"not_picked":["Concentrate","Poisoned Stab"],"picked":"Accuracy","floor":11},{"not_picked":["Backflip","Crippling Poison","Quick Slash"],"picked":"SKIP","floor":12},{"not_picked":["ReplayTheSpireMod:The Works","Dagger Throw","Poisoned Stab"],"picked":"SKIP","floor":14},{"not_picked":["ReplayTheSpireMod:From All Sides","Wraith Form v2"],"picked":"Envenom","floor":16},{"not_picked":["All Out Attack","hubris:Sniper","Slice"],"picked":"SKIP","floor":18},{"not_picked":["Flechettes","Deadly Poison","Flying Knee"],"picked":"SKIP","floor":23},{"not_picked":["Acrobatics","Deadly Poison"],"picked":"Storm of Steel","floor":25},{"not_picked":["Acrobatics","Flying Knee+1","Sucker Punch"],"picked":"SKIP","floor":28},{"not_picked":["Blade Dance","Underhanded Strike","Cloak And Dagger"],"picked":"SKIP","floor":30},{"not_picked":["ReplayTheSpireMod:Necrosis","hubris:SlightOfHand","Prepared"],"picked":"SKIP","floor":31},{"not_picked":["ReplayTheSpireMod:Necrosis","hubris:SlightOfHand","Prepared"],"picked":"SKIP","floor":31},{"not_picked":["Backflip","Dash","Distraction"],"picked":"SKIP","floor":35},{"not_picked":["Noxious Fumes+1","Well Laid Plans","Dagger Spray"],"picked":"SKIP","floor":37},{"not_picked":["Backflip+1","Deadly Poison","Calculated Gamble+1"],"picked":"SKIP","floor":40},{"not_picked":["Fluid Movement","Acrobatics"],"picked":"ReplayTheSpireMod:From All Sides","floor":42},{"not_picked":["Deadly Poison","Noxious Fumes+1","Sucker Punch+1"],"picked":"SKIP","floor":44},{"not_picked":["Dagger Spray","Concentrate+1","Prepared"],"picked":"SKIP","floor":54}],"player_experience":485407,"relics_obtained":[{"floor":5,"key":"Ice Cream"},{"floor":8,"key":"Oddly Smooth Stone"},{"floor":9,"key":"Tiny Chest"},{"floor":11,"key":"Toy Ornithopter"},{"floor":23,"key":"Darkstone Periapt"},{"floor":25,"key":"ReplayTheSpireMod:TigerMarble"},{"floor":27,"key":"Quantum Egg"},{"floor":31,"key":"Replay:Towering Pillar of Hats"},{"floor":40,"key":"Nunchaku"},{"floor":42,"key":"Replay:Wax Seal"},{"floor":43,"key":"Paper Crane"},{"floor":46,"key":"Gremlin Food"},{"floor":49,"key":"Boot"},{"floor":54,"key":"HornCleat"}],"event_choices":[{"damage_healed":0,"gold_gain":275,"player_choice":"Desecrate","damage_taken":0,"max_hp_gain":0,"max_hp_loss":0,"event_name":"Golden Shrine","floor":2,"gold_loss":0,"cards_obtained":["Regret"]},{"cards_removed":["Defend_G"],"damage_healed":0,"gold_gain":0,"player_choice":"Card Removal","damage_taken":0,"max_hp_gain":0,"max_hp_loss":0,"event_name":"The Cleric","floor":4,"gold_loss":50},{"damage_healed":0,"gold_gain":0,"player_choice":"0 cards matched","damage_taken":0,"max_hp_gain":0,"max_hp_loss":0,"event_name":"Match and Keep!","floor":22,"gold_loss":0,"cards_obtained":[]}],"is_beta":false,"boss_relics":[{"not_picked":["Replay:Ancient Bell","Runic Pyramid"],"picked":"SlaversCollar"},{"not_picked":["hubris:Backtick","SacredBark"],"picked":"Philosopher\u0027s Stone"}],"items_purged_floors":[0,0,0,0,0,0,13],"is_endless":false,"potions_floor_spawned":[3,7,12,14,23,30,31,37],"ascension_level":12}}