{"host":"z9mq1tf06lkrncmk","time":1610589581,"event":{"mods":["BaseMod","Downfall","Minty Spire (QoL Compilation)","StSLib"],"gold_per_floor":[99,111,111,141,53,53,53,65,95,107,136,133,155,200,226,341,353,365,387,412,424,456,468,480,492,492,492],"floor_reached":25,"language":"ENG","playtime":1100,"items_purged":[],"score":211,"play_id":"d4ff5484-e3f2-44a6-8885-bfaa84a7a7b6","local_time":"20210113205941","is_ascension_mode":true,"campfire_choices":[{"data":"Guardian:CurlUp","floor":1,"key":"SMITH"},{"data":"Guardian:DecasProtection","floor":8,"key":"SMITH"},{"data":"Guardian:PiercingHide","floor":10,"key":"SMITH"},{"data":"Guardian:SpikerProtocol","floor":18,"key":"SMITH"}],"circlet_count":0,"master_deck":["Guardian:Strike_Guardian","Guardian:Strike_Guardian","Guardian:Strike_Guardian","Guardian:Defend_Guardian","Guardian:Defend_Guardian","Guardian:Defend_Guardian","Guardian:CurlUp+1","Guardian:TwinSlam","Guardian:RollAttack","Guardian:DecasProtection+1","Guardian:PiercingHide+1","Guardian:SpikerProtocol+1","Guardian:Orbwalk","Guardian:GuardianWhirl","Guardian:TimeSifter+1","Guardian:Suspension","Guardian:Gem_Lightblue","RitualDagger"],"relics":["Guardian:ModeShifter","Art of War","MawBank","Omamori","Cursed Key","Question Card"],"acts_visited":["Exordium","TheCity"],"potions_floor_usage":[13,14,20,20,22],"damage_taken":[{"damage":4,"enemies":"Jaw Worm","floor":2,"turns":5},{"damage":5,"enemies":"downfall:FleeingMerchant","floor":5,"turns":4},{"damage":0,"enemies":"2 Louse","floor":9,"turns":4},{"damage":0,"enemies":"Small Slimes","floor":11,"turns":2},{"damage":0,"enemies":"downfall:FleeingMerchant","floor":12,"turns":4},{"damage":0,"enemies":"Exordium Thugs","floor":13,"turns":5},{"damage":10,"enemies":"Gremlin Nob","floor":14,"turns":5},{"damage":0,"enemies":"Lots of Slimes","floor":15,"turns":1},{"damage":25,"enemies":"downfall:Watcher","floor":16,"turns":11},{"damage":4,"enemies":"Spheric Guardian","floor":19,"turns":4},{"damage":0,"enemies":"3 Byrds","floor":20,"turns":4},{"damage":24,"enemies":"Sentry and Sphere","floor":22,"turns":7},{"damage":58,"enemies":"downfall:Augmenter","floor":25,"turns":8}],"seed_played":"5191024567942090318","potions_obtained":[{"floor":2,"key":"Block Potion"},{"floor":11,"key":"Regen Potion"},{"floor":14,"key":"Explosive Potion"},{"floor":15,"key":"Guardian:DefensiveModePotion"},{"floor":19,"key":"BlessingOfTheForge"}],"is_trial":false,"path_per_floor":["R","M","?","?","$","?","T","R","M","R","M","$","M","E","M","B",null,"R","M","M","?","M","?","T","?"],"character_chosen":"GUARDIAN","items_purchased":["Guardian:DecasProtection"],"campfire_rested":0,"item_purchase_floors":[5],"current_hp_per_floor":[80,76,76,76,71,71,71,71,71,71,71,71,71,75,75,50,80,80,76,76,76,52,46,46,0,0,0],"gold":492,"neow_bonus":"RANDOM_COMMON_RELIC","is_daily":false,"chose_seed":false,"campfire_upgraded":4,"win_rate":0.0,"timestamp":1610589581,"path_taken":["R","M","?","?","$","?","T","R","M","R","M","$","M","E","M","BOSS","R","M","M","?","?","?","T","?"],"items_purchased_type":["Card"],"build_version":"2020-12-22","purchased_purges":0,"victory":false,"max_hp_per_floor":[80,80,80,80,80,80,80,80,80,80,80,80,80,80,80,80,80,80,80,80,80,80,80,80,80,80,80],"card_choices":[{"not_picked":["Guardian:EvasiveProtocol","Guardian:DonusPower"],"picked":"Guardian:RollAttack","floor":2},{"not_picked":["Guardian:ShieldCharger","Guardian:Gem_Red"],"picked":"Guardian:Gem_Green","floor":5},{"not_picked":["Guardian:Emergency","Guardian:SentryBeam"],"picked":"Guardian:PiercingHide","floor":9},{"not_picked":["Guardian:ChargeCore","Guardian:Recover","Guardian:Emergency"],"picked":"SKIP","floor":11},{"not_picked":["Guardian:Gem_Purple","Guardian:Incinerate"],"picked":"Guardian:SpikerProtocol","floor":12},{"not_picked":["Guardian:RollAttack","Guardian:Recover"],"picked":"Guardian:Orbwalk","floor":13},{"not_picked":["Guardian:Planning","Guardian:FastForward"],"picked":"Guardian:Gem_Green","floor":14},{"not_picked":["Guardian:CrystalBeam","Guardian:RollAttack"],"picked":"Guardian:GuardianWhirl","floor":15},{"not_picked":["Guardian:GemFire","Guardian:AncientConstruct"],"picked":"Guardian:TimeSifter","floor":16},{"not_picked":["Guardian:Gem_Cyan","Guardian:CrystalBeam"],"picked":"Guardian:Suspension","floor":19},{"not_picked":["Guardian:TemporalStrike","Guardian:Reroute","Guardian:Clone"],"picked":"SKIP","floor":20},{"not_picked":["Guardian:Preprogram","Guardian:WalkerClaw"],"picked":"Guardian:Gem_Lightblue","floor":22}],"player_experience":354414,"relics_obtained":[{"floor":7,"key":"MawBank"},{"floor":14,"key":"Omamori"},{"floor":24,"key":"Question Card"}],"event_choices":[{"cards_removed":["Guardian:Defend_Guardian"],"damage_healed":0,"gold_gain":0,"player_choice":"Offered Basic","damage_taken":0,"max_hp_gain":0,"max_hp_loss":0,"event_name":"Bonfire Elementals","floor":6,"gold_loss":0}],"is_beta":false,"boss_relics":[{"not_picked":["Black Star","Astrolabe"],"picked":"Cursed Key"}],"items_purged_floors":[],"is_endless":false,"potions_floor_spawned":[2,11,14,15,19],"killed_by":"downfall:Augmenter","ascension_level":1}}