{"host":"xzvhwvbvp6k5tkn4","time":1610649430,"event":{"mods":["AchievementEnabler","BaseMod","Bestiary","Ironclad Rager","Minty Spire (QoL Compilation)","Permanent Neow","Replay The Spire","StSLib","Waifu the Spire"],"gold_per_floor":[16,29,43,43,43,43,63,13,38,112,112,123,32,48,48,147,147,158,2,21,31,31,31,44,44,44,71,82,101,11,46,46,141,141,173,21,21,53,3,3,35,66,66,66,14,14,55,87,87,121],"floor_reached":51,"language":"ENG","playtime":2915,"items_purged":[],"score":636,"play_id":"b9d0376b-aa1e-45f1-a0fa-c565b65b82fa","local_time":"20210114123710","is_ascension_mode":false,"campfire_choices":[{"floor":6,"key":"REST"},{"floor":11,"key":"RECALL"},{"floor":15,"key":"REST"},{"data":"Draining Mist","floor":23,"key":"SMITH"},{"data":"Poisoned Stab","floor":25,"key":"SMITH"},{"floor":32,"key":"REST"},{"data":"Noxious Fumes","floor":40,"key":"SMITH"},{"data":"Poisoned Stab","floor":40,"key":"SMITH"},{"data":"Poisoned Stab","floor":44,"key":"SMITH"},{"data":"Poisoned Stab","floor":44,"key":"SMITH"},{"data":"Poisoned Stab","floor":49,"key":"SMITH"},{"data":"Bouncing Flask","floor":49,"key":"SMITH"}],"circlet_count":0,"master_deck":["Survivor","Neutralize+1","Poisoned Stab+1","Poisoned Stab+1","Poisoned Stab+1","Poisoned Stab+1","Poisoned Stab+1","Dodge and Roll","Dodge and Roll","Dodge and Roll+1","Dodge and Roll","Dodge and Roll","Deflect","Cloak And Dagger","Malaise+1","Bouncing Flask+1","Cloak And Dagger","Sucker Punch","Swift Strike+1","Poisoned Stab+1","Draining Mist+1","Blade Dance","Toxin Wave+1","Deflect","Noxious Fumes+1","Deadly Poison","Adrenaline","CurseOfTheBell","Dodge and Roll+1","Blade Dance+1","Slice+1"],"relics":["Ring of the Snake","Bronze Scales","Potion Belt","Runic Dome","Art of War","Ring of Misfortune","ReplayTheSpireMod:Ring of Addiction","Toy Ornithopter","Chameleon Ring","Whetstone","Happy Flower","Replay:Grab Bag","Busted Crown","Painkiller Herb","Calling Bell","Toxic Egg 2","Replay:Arrowhead","Replay:Bandana","TwistedFunnel","Vajra","Ice Cream"],"acts_visited":["Exordium","TheCity","TheBeyond"],"potions_floor_usage":[10,16,16,16,24,28,31,33,33,33,41,47,50,50,50,50,50,50,50,50,50],"damage_taken":[{"damage":3,"enemies":"Jaw Worm","floor":1,"turns":3},{"damage":2,"enemies":"Small Slimes","floor":2,"turns":3},{"damage":3,"enemies":"2 Louse","floor":3,"turns":2},{"damage":0,"enemies":"2 Fungi Beasts","floor":7,"turns":3},{"damage":13,"enemies":"Large Slime","floor":12,"turns":5},{"damage":0,"enemies":"Looter","floor":14,"turns":3},{"damage":8,"enemies":"The Guardian","floor":16,"turns":9},{"damage":5,"enemies":"Spheric Guardian","floor":18,"turns":4},{"damage":0,"enemies":"3 Byrds","floor":20,"turns":4},{"damage":5,"enemies":"Snecko","floor":21,"turns":4},{"damage":0,"enemies":"Sentry and Sphere","floor":24,"turns":2},{"damage":1,"enemies":"Centurion and Healer","floor":28,"turns":4},{"damage":0,"enemies":"Snake Plant","floor":29,"turns":3},{"damage":24,"enemies":"Slavers","floor":31,"turns":3},{"damage":16,"enemies":"Automaton","floor":33,"turns":9},{"damage":7,"enemies":"Orb Walker","floor":35,"turns":4},{"damage":1,"enemies":"3 Darklings","floor":38,"turns":4},{"damage":0,"enemies":"Maw","floor":41,"turns":6},{"damage":1,"enemies":"Spire Growth","floor":42,"turns":5},{"damage":4,"enemies":"Sphere and 2 Shapes","floor":47,"turns":3},{"damage":0,"enemies":"Transient","floor":48,"turns":5},{"damage":15,"enemies":"Donu and Deca","floor":50,"turns":7}],"seed_played":"-5109902692281507799","potions_obtained":[{"floor":3,"key":"BlessingOfTheForge"},{"floor":7,"key":"LiquidMemories"},{"floor":10,"key":"Fruit Juice"},{"floor":10,"key":"ColorlessPotion"},{"floor":14,"key":"SkillPotion"},{"floor":16,"key":"PowerPotion"},{"floor":21,"key":"Fire Potion"},{"floor":22,"key":"LiquidBronze"},{"floor":22,"key":"EntropicBrew"},{"floor":22,"key":"Explosive Potion"},{"floor":24,"key":"DuplicationPotion"},{"floor":28,"key":"CultistPotion"},{"floor":33,"key":"SpeedPotion"},{"floor":35,"key":"Swift Potion"},{"floor":38,"key":"Elixir"},{"floor":42,"key":"Death Potion"}],"is_trial":false,"path_per_floor":["M","M","M","?","?","R","M","?","T","?","R","M","$","M","R","B",null,"M","$","M","M","?","R","M","R","T","T","M","M","?","E","R","B",null,"?","T","?","?","?","T","?","?","T","T","T","?","?","?","T","B",null],"character_chosen":"THE_SILENT","items_purchased":["Swift Strike","Art of War","TwistedFunnel","Energy Potion"],"campfire_rested":3,"item_purchase_floors":[13,19,36,45],"current_hp_per_floor":[42,40,37,37,37,55,55,55,55,45,45,32,32,32,52,44,68,63,63,63,58,58,58,63,63,63,63,65,65,65,42,61,50,66,59,59,59,58,58,58,62,61,61,61,60,57,53,53,53,55],"gold":121,"neow_bonus":"SILENT_ASSASSIN","is_daily":false,"chose_seed":false,"campfire_upgraded":8,"win_rate":0.0,"timestamp":1610649430,"path_taken":["M","M","M","?","?","R","M","?","T","?","R","M","?","?","R","BOSS","M","$","M","M","?","R","M","R","T","?","M","M","?","E","R","BOSS","?","T","?","?","?","T","?","?","T","T","T","?","?","?","T","BOSS"],"items_purchased_type":["Card","Relic","Relic","Potion"],"build_version":"2020-12-22","purchased_purges":0,"victory":true,"max_hp_per_floor":[63,63,63,63,63,63,63,63,63,68,68,68,68,68,68,68,68,68,68,68,68,68,68,68,68,68,68,66,66,66,66,66,66,66,66,66,64,64,64,62,62,62,62,62,60,57,57,57,57,57],"card_choices":[{"not_picked":["Dagger Spray","Skewer"],"picked":"Deflect","floor":1},{"not_picked":["Flying Knee","Backflip"],"picked":"Cloak And Dagger","floor":2},{"not_picked":["Blade Dance","Sucker Punch"],"picked":"Malaise","floor":3},{"not_picked":["Reflex","Prepared"],"picked":"Bouncing Flask","floor":7},{"not_picked":["Underhanded Strike","Skewer"],"picked":"Cloak And Dagger","floor":10},{"not_picked":["Prepared","Sneak Up"],"picked":"Sucker Punch","floor":12},{"not_picked":["Venomology","Sucker Punch"],"picked":"Poisoned Stab","floor":14},{"not_picked":["Backflip","Dagger Throw"],"picked":"Draining Mist","floor":18},{"not_picked":["Fluid Movement","Prepared"],"picked":"Blade Dance","floor":20},{"not_picked":["Underhanded Strike","Dodge and Roll+1"],"picked":"Toxin Wave+1","floor":21},{"not_picked":["Slice","ReplayTheSpireMod:The Works"],"picked":"Deflect","floor":24},{"not_picked":["Poisoned Stab","Calculated Gamble+1"],"picked":"Noxious Fumes","floor":28},{"not_picked":["Sucker Punch","Dagger Throw","Slice"],"picked":"SKIP","floor":29},{"not_picked":["Acrobatics","Dodge and Roll"],"picked":"Deadly Poison","floor":31},{"not_picked":["A Thousand Cuts","Phantasmal Killer"],"picked":"Adrenaline","floor":33},{"not_picked":[],"picked":"Dodge and Roll+1","floor":35},{"not_picked":["Hidden Blade+1"],"picked":"SKIP","floor":38},{"not_picked":["Dagger Throw"],"picked":"SKIP","floor":41},{"not_picked":[],"picked":"Blade Dance+1","floor":42},{"not_picked":["Riddle With Holes"],"picked":"SKIP","floor":47},{"not_picked":[],"picked":"Slice+1","floor":48}],"player_experience":129457,"relics_obtained":[{"floor":9,"key":"Bronze Scales"},{"floor":10,"key":"Potion Belt"},{"floor":22,"key":"Ring of Misfortune"},{"floor":22,"key":"ReplayTheSpireMod:Ring of Addiction"},{"floor":22,"key":"Toy Ornithopter"},{"floor":22,"key":"Chameleon Ring"},{"floor":27,"key":"Whetstone"},{"floor":31,"key":"Happy Flower"},{"floor":34,"key":"Toxic Egg 2"},{"floor":34,"key":"Replay:Arrowhead"},{"floor":34,"key":"Replay:Bandana"},{"floor":43,"key":"Ice Cream"}],"event_choices":[{"damage_healed":0,"gold_gain":0,"player_choice":"Grow","damage_taken":0,"max_hp_gain":0,"max_hp_loss":0,"event_name":"Living Wall","floor":4,"gold_loss":0,"cards_upgraded":["Malaise"]},{"cards_removed":["Amnesia"],"damage_healed":0,"gold_gain":0,"player_choice":"Card Removal","damage_taken":0,"max_hp_gain":0,"max_hp_loss":0,"event_name":"The Cleric","floor":8,"gold_loss":50},{"cards_removed":["Normality"],"damage_healed":0,"gold_gain":0,"player_choice":"Upgrade and Remove","damage_taken":0,"max_hp_gain":0,"max_hp_loss":0,"event_name":"Designer","floor":30,"gold_loss":90,"cards_upgraded":["Dodge and Roll"]},{"damage_healed":0,"gold_gain":0,"player_choice":"Memory 1","damage_taken":0,"max_hp_gain":0,"max_hp_loss":0,"event_name":"SensoryStone","floor":37,"gold_loss":0},{"damage_healed":0,"gold_gain":0,"player_choice":"Paid Gold","damage_taken":0,"relics_obtained":["Vajra"],"max_hp_gain":0,"max_hp_loss":0,"event_name":"WeMeetAgain","floor":39,"gold_loss":50},{"damage_healed":0,"gold_gain":0,"player_choice":"Max HP","damage_taken":0,"max_hp_gain":0,"max_hp_loss":3,"event_name":"Winding Halls","floor":46,"gold_loss":0}],"is_beta":false,"boss_relics":[{"not_picked":["Ring of Chaos","Tiny House"],"picked":"Runic Dome"},{"not_picked":["Astrolabe","Empty Cage"],"picked":"Replay:Grab Bag"},{"not_picked":["ReplayTheSpireMod:DimensionalGlitch","Cursed Key"],"picked":"Busted Crown"},{"not_picked":["Philosopher\u0027s Stone","Velvet Choker"],"picked":"Painkiller Herb"},{"not_picked":["WristBlade","Runic Pyramid"],"picked":"Calling Bell"}],"items_purged_floors":[],"is_endless":false,"potions_floor_spawned":[3,7,14,16,21,24,28,33,35,38,42],"ascension_level":0}}