{"host":"nox","time":1610641419,"event":{"mods":["Act Like it!","Aspiration","BaseMod","Better Altar","Better Match","Better Note","Better Sensory Stone","Better Skull","Better Third Choice","BetterRewards","Colored Powertips","Conspire","Energized Spire","GifTheSpireLib","Hubris","Infinite Spire","Minty Spire (QoL Compilation)","Pale of the Ancients","Quick Restart","Rare Cards Sparkle","Replay The Spire","Shop Mod","Spikes Relics","StSLib","Stuff the Spire","SuperFastMode","The Alterego","vexMod"],"gold_per_floor":[111,111,111,123,141,172,172,172,172,200,74,92,17,31,31,127,127,142,142,172,184,196,208,240,279,291,291],"floor_reached":26,"language":"ENG","playtime":890,"items_purged":["Strike_R"],"score":378,"play_id":"2f05645c-d4f8-4e33-bd09-cd88c69d273e","local_time":"20210114232339","is_ascension_mode":true,"campfire_choices":[{"floor":8.0,"key":"REST"},{"data":"Apotheosis","floor":15.0,"key":"SMITH"}],"circlet_count":0,"master_deck":["AscendersBane","Strike_R","Strike_R","Strike_R","Strike_R","Defend_R","Defend_R","Defend_R","Defend_R+1","Bash","Carnage+1","Feel No Pain","StuffTheSpire:Slingshot+1","Apotheosis+1","Mayhem","Anger+1","Metallicize","Limit Break","StuffTheSpire:Incineration+1","Dual Wield"],"relics":["Burning Blood","aspiration:Nostalgia","PureWater","RetroEgg","Snack Pack","aspiration:AnachronicSnailShell","ReplayTheSpireMod:ShopPack","conspire:SlowCooker","Red Skull","MawBank","MiniBlackHole","StuffTheSpire:GrapeVine"],"acts_visited":["Exordium","TheCity"],"potions_floor_usage":[],"damage_taken":[{"damage":1.0,"enemies":"Cultist","floor":1.0,"turns":3.0},{"damage":5.0,"enemies":"2 Louse","floor":4.0,"turns":3.0},{"damage":2.0,"enemies":"Jaw Worm","floor":5.0,"turns":3.0},{"damage":32.0,"enemies":"Lagavulin","floor":6.0,"turns":6.0},{"damage":29.0,"enemies":"Replay:BlueRogue","floor":10.0,"turns":7.0},{"damage":8.0,"enemies":"3 Louse","floor":12.0,"turns":4.0},{"damage":6.0,"enemies":"Exordium Thugs","floor":14.0,"turns":5.0},{"damage":11.0,"enemies":"Hexaghost","floor":16.0,"turns":7.0},{"damage":6.0,"enemies":"conspire:FuzzyDice","floor":18.0,"turns":5.0},{"damage":13.0,"enemies":"3 Byrds","floor":20.0,"turns":6.0},{"damage":7.0,"enemies":"conspire:HollyBat","floor":24.0,"turns":6.0},{"damage":12,"enemies":"conspire:SneckoGhost","floor":25,"turns":7},{"damage":12,"enemies":"Shelled Parasite and Fungi","floor":26,"turns":2}],"seed_played":"-7776215920872617841","potions_obtained":[{"floor":6.0,"key":"Weak Potion"},{"floor":10.0,"key":"DuplicationPotion"},{"floor":14.0,"key":"Block Potion"},{"floor":18.0,"key":"ColorlessPotion"}],"is_trial":false,"path_per_floor":["M","?","?","M","M","E","?","R","T","E","$","M","$","M","R","B",null,"M","?","M","PTL","PTL","$","M","E","M"],"character_chosen":"IRONCLAD","items_purchased":["ReplayTheSpireMod:ShopPack"],"campfire_rested":1,"item_purchase_floors":[11],"current_hp_per_floor":[77,77,77,78,80,54,23,47,47,24,24,22,22,26,26,25,66,70,15,12,12,12,12,13,9,0,0],"gold":291,"neow_bonus":"NOSTALGIA","is_daily":false,"chose_seed":false,"campfire_upgraded":1,"win_rate":0.0,"timestamp":1610641419,"path_taken":["M","?","?","M","?","E","?","R","T","E","$","M","?","M","R","BOSS","M","?","M","PTL","PTL","$","M","E","M"],"items_purchased_type":["Relic"],"build_version":"2020-11-17","purchased_purges":1,"victory":false,"max_hp_per_floor":[80,80,80,80,80,80,80,80,80,80,80,80,80,80,80,80,80,80,80,80,80,80,80,80,80,80,80],"card_choices":[{"not_picked":["Run Through","Havoc"],"picked":"Carnage","floor":1.0},{"not_picked":["Anger","StuffTheSpire:Slingshot","Bloodletting"],"picked":"SKIP","floor":4.0},{"not_picked":["Anger","Clothesline"],"picked":"Feel No Pain","floor":5.0},{"not_picked":["Hemogenesis","ReplayTheSpireMod:Limb From Limb","ReplayTheSpireMod:Strike From Hell"],"picked":"SKIP","floor":6.0},{"not_picked":["ReplayTheSpireMod:Strike From Hell","StuffTheSpire:RockThrow"],"picked":"StuffTheSpire:Slingshot","floor":10.0},{"not_picked":["Reforge","ReplayTheSpireMod:Necrogeddon"],"picked":"Apotheosis","floor":11.0},{"not_picked":["Enlightenment","vexMod:StairwayStrike"],"picked":"Mayhem","floor":11.0},{"not_picked":["Blood for Blood","StuffTheSpire:BloodClot"],"picked":"Anger","floor":12.0},{"not_picked":["Evolve","hubris:ReadiedAction"],"picked":"Metallicize","floor":14.0},{"not_picked":["Double Tap","Juggernaut"],"picked":"Limit Break","floor":16.0},{"not_picked":["Run Through","True Grit","Armaments"],"picked":"SKIP","floor":18.0},{"not_picked":["Flame Barrier","Pommel Strike"],"picked":"StuffTheSpire:Incineration+1","floor":20.0},{"not_picked":["Armaments","Clothesline","Run Through"],"picked":"SKIP","floor":24.0},{"not_picked":["Brutality","Thunderclap"],"picked":"Dual Wield","floor":25}],"player_experience":316135,"relics_obtained":[{"floor":6.0,"key":"RetroEgg"},{"floor":9.0,"key":"Snack Pack"},{"floor":10.0,"key":"aspiration:AnachronicSnailShell"},{"floor":25,"key":"StuffTheSpire:GrapeVine"}],"event_choices":[{"damage_healed":0.0,"max_hp_gain":0.0,"max_hp_loss":0.0,"gold_gain":0.0,"event_name":"conspire:Investor","player_choice":"Leave","floor":3.0,"gold_loss":0.0,"damage_taken":0.0},{"damage_healed":0.0,"max_hp_gain":0.0,"max_hp_loss":0.0,"gold_gain":0.0,"event_name":"betterSkull:BetterSkull","player_choice":"UP UP ","floor":7.0,"gold_loss":0.0,"damage_taken":35.0,"cards_upgraded":["Defend_R","Carnage"],"relics_obtained":[]},{"damage_healed":0.0,"max_hp_gain":0.0,"max_hp_loss":0.0,"gold_gain":0.0,"event_name":"betterSkull:BetterSkull","player_choice":"RE RE RE ","floor":19.0,"gold_loss":0.0,"damage_taken":61.0,"cards_upgraded":[],"relics_obtained":["Red Skull","MawBank","MiniBlackHole"]}],"is_beta":true,"boss_relics":[{"not_picked":["vexMod:MegatonBomb","Snecko Eye"],"picked":"conspire:SlowCooker"}],"items_purged_floors":[13],"is_endless":false,"potions_floor_spawned":[6,10,14,18],"killed_by":"Shelled Parasite and Fungi","ascension_level":12}}