{"host":"dlqyscxstsnu98l1","time":1610666737,"event":{"mods":["AchievementEnabler","BaseMod","Bestiary","Colored Map","Colored Powertips","Conspire","GifTheSpireLib","Highlight Path","Minty Spire (QoL Compilation)","Random Character Button","Replay The Spire","SacredBarkPlus","StSLib"],"gold_per_floor":[217,140,170,200,137,165,165,199,199,234,244,257,2,2,2,122,122,155,155,168,168,194,223,223,223,246,261,261,201,236,267,267,369,369,383,107,121,330,342,371,221,221,245,245,245,261,261,261,261,261,261],"floor_reached":50,"language":"ENG","playtime":4350,"items_purged":["Strike_B","Strike_B","Strike_B","Spreading Infection"],"score":657,"play_id":"cb9ab64f-606f-4c4c-bfeb-ac6aaf6ed90d","local_time":"20210114172537","is_ascension_mode":true,"campfire_choices":[{"data":"Reprogram","floor":7.0,"key":"SMITH"},{"floor":15.0,"key":"REST"},{"floor":24.0,"key":"RECALL"},{"data":"Ghostly","floor":28.0,"key":"SMITH"},{"data":"Ghostly","floor":32,"key":"SMITH"},{"data":"Scrape","floor":44,"key":"SMITH"},{"data":"Ghostly","floor":47,"key":"SMITH"},{"data":"Ghostly","floor":49,"key":"SMITH"}],"circlet_count":0,"master_deck":["Defend_B","Defend_B","Defend_B","Defend_B","Zap","Dualcast","Gash","Reprogram+1","Go for the Eyes","Steam","Beam Cell","Skim","Steam","Beam Cell","CurseOfTheBell","Go for the Eyes","Ghostly+1","Ghostly+1","Ghostly+1","Ghostly+1","Ghostly","Scrape+1","Hologram+1","Scrape+1","All For One","Beam Cell","Skim+1"],"relics":["Cracked Core","MawBank","Chameleon Ring","conspire:GlowingRock","Eternal Feather","Orrery","ReplayTheSpireMod:Ring of Challenge","Ring of Hypnosis","Calling Bell","Bag of Marbles","Onion Ring","Incense Burner","Replay:Wax Seal","Omamori","Divine Protection","Abe\u0027s Treasure","Blue Doll","ReplayTheSpireMod:TigerMarble","Nunchaku"],"acts_visited":["Exordium","TheCity","TheBeyond"],"potions_floor_usage":[31,33,33,40,50],"damage_taken":[{"damage":1.0,"enemies":"Cultist","floor":1.0,"turns":3.0},{"damage":3.0,"enemies":"Small Slimes","floor":3.0,"turns":2.0},{"damage":1.0,"enemies":"Jaw Worm","floor":4.0,"turns":3.0},{"damage":4.0,"enemies":"Replay:BlueRogue","floor":6.0,"turns":7.0},{"damage":14.0,"enemies":"Lagavulin","floor":8.0,"turns":7.0},{"damage":38.0,"enemies":"Gremlin Nob","floor":10.0,"turns":6.0},{"damage":0.0,"enemies":"2 Fungi Beasts","floor":11.0,"turns":4.0},{"damage":7.0,"enemies":"Looter","floor":12.0,"turns":2.0},{"damage":1.0,"enemies":"The Guardian","floor":16.0,"turns":9.0},{"damage":22.0,"enemies":"Spheric Guardian","floor":18.0,"turns":7.0},{"damage":3.0,"enemies":"Shell Parasite","floor":20.0,"turns":6.0},{"damage":6.0,"enemies":"Shelled Parasite and Fungi","floor":22.0,"turns":8.0},{"damage":8.0,"enemies":"Slavers","floor":23.0,"turns":8.0},{"damage":6.0,"enemies":"Cultist and Chosen","floor":27.0,"turns":8.0},{"damage":5.0,"enemies":"Chosen and Byrds","floor":30.0,"turns":8.0},{"damage":2,"enemies":"Gremlin Leader","floor":31,"turns":9},{"damage":11,"enemies":"Collector","floor":33,"turns":12},{"damage":6,"enemies":"3 Darklings","floor":35,"turns":7},{"damage":0,"enemies":"Orb Walker","floor":37,"turns":4},{"damage":0,"enemies":"Writhing Mass","floor":39,"turns":6},{"damage":0,"enemies":"R_Hoarder","floor":40,"turns":9},{"damage":0,"enemies":"Spire Growth","floor":46,"turns":4},{"damage":36,"enemies":"conspire:OrnateMirror","floor":50,"turns":4}],"seed_played":"-5463963148452517243","potions_obtained":[{"floor":6.0,"key":"Block Potion"},{"floor":8.0,"key":"PotionOfCapacity"},{"floor":10.0,"key":"Doom Potion"},{"floor":18.0,"key":"Energy Potion"},{"floor":20.0,"key":"Flashbang"},{"floor":30.0,"key":"FocusPotion"},{"floor":31,"key":"Explosive Potion"},{"floor":35,"key":"Toxic Potion"},{"floor":46,"key":"PowerPotion"}],"is_trial":false,"path_per_floor":["M","?","M","M","$","E","R","E","T","E","M","M","$","?","R","B",null,"M","?","M","?","M","E","R","?","T","M","R","?","M","E","R","B",null,"M","$","M","?","M","E","$","?","T","R","?","M","R","?","R","B"],"character_chosen":"DEFECT","items_purchased":["Orrery","Blue Doll"],"campfire_rested":1,"item_purchase_floors":[13,36],"current_hp_per_floor":[74,74,71,70,70,66,66,52,52,14,14,7,7,7,38,37,75,53,37,34,34,28,20,35,35,35,29,37,37,32,30,37,26,37,31,31,31,17,17,17,17,17,17,32,32,33,36,36,36,0,0],"gold":261,"neow_bonus":"HUNDRED_GOLD","is_daily":false,"chose_seed":false,"campfire_upgraded":6,"win_rate":0.0,"timestamp":1610666737,"path_taken":["M","?","M","?","$","E","R","E","T","E","M","M","$","?","R","BOSS","M","?","M","?","M","E","R","?","T","?","R","?","M","E","R","BOSS","M","$","M","?","M","E","$","?","T","R","?","M","R","?","R","BOSS"],"items_purchased_type":["Relic","Relic"],"build_version":"2020-12-22","purchased_purges":4,"victory":false,"max_hp_per_floor":[75,75,75,75,75,75,75,75,75,75,75,75,75,75,75,75,75,75,37,37,37,37,37,37,37,37,37,37,37,37,37,37,37,37,37,37,37,37,37,37,37,35,35,35,35,36,36,36,36,36,36],"card_choices":[{"not_picked":["Hologram","Time Bomb"],"picked":"Gash","floor":1.0},{"not_picked":["ReplayTheSpireMod:Calculation Training","ReplayTheSpireMod:GoodbyeWorld"],"picked":"Reprogram","floor":3.0},{"not_picked":["Turbo","Ball Lightning"],"picked":"Go for the Eyes","floor":4.0},{"not_picked":["Conserve Battery","conspire:SharedLibrary","Melter"],"picked":"SKIP","floor":6.0},{"not_picked":["Barrage","Ball Lightning","ReplayTheSpireMod:GoodbyeWorld"],"picked":"SKIP","floor":8.0},{"not_picked":["Panic Button","Meteor Strike"],"picked":"Steam","floor":10.0},{"not_picked":["ReplayTheSpireMod:Dual Polarity","Coolheaded"],"picked":"Beam Cell","floor":11.0},{"not_picked":["BasicCrystalCard","Rebound"],"picked":"Skim","floor":12.0},{"not_picked":["Rebound","Cold Snap"],"picked":"Steam","floor":13.0},{"not_picked":["Rainbow","Barrage"],"picked":"Beam Cell","floor":13.0},{"not_picked":["Steam+1","Recycle"],"picked":"Go for the Eyes","floor":18.0},{"not_picked":["Reprogram","Ball Lightning+1"],"picked":"Scrape+1","floor":20.0},{"not_picked":["Stack","Streamline+1","Compile Driver+1"],"picked":"SKIP","floor":22.0},{"not_picked":["Cold Snap","ReplayTheSpireMod:Fabricate Wheel"],"picked":"Hologram+1","floor":23.0},{"not_picked":["Leap","Stack","Rebound"],"picked":"SKIP","floor":27.0},{"not_picked":["Cold Snap","Turbo","Sweeping Beam"],"picked":"SKIP","floor":30.0},{"not_picked":["Streamline+1","Skim+1"],"picked":"Scrape","floor":31},{"not_picked":["Creative AI","Electrodynamics"],"picked":"All For One","floor":33},{"not_picked":["Ball Lightning","Hologram","Steam+1"],"picked":"SKIP","floor":35},{"not_picked":["Conserve Battery","Genetic Algorithm"],"picked":"Beam Cell","floor":37},{"not_picked":["Reprogram+1","Conserve Battery+1"],"picked":"Skim+1","floor":38},{"not_picked":["Cold Snap+1","Glacier+1","Ball Lightning+1"],"picked":"SKIP","floor":39},{"not_picked":["Rebound","Chill+1","Static Discharge+1"],"picked":"SKIP","floor":40},{"not_picked":["Time Bomb+1","Stack","BootSequence+1"],"picked":"SKIP","floor":46}],"player_experience":41765,"relics_obtained":[{"floor":6.0,"key":"Chameleon Ring"},{"floor":8.0,"key":"conspire:GlowingRock"},{"floor":10.0,"key":"Eternal Feather"},{"floor":14.0,"key":"ReplayTheSpireMod:Ring of Challenge"},{"floor":14.0,"key":"Ring of Hypnosis"},{"floor":17.0,"key":"Bag of Marbles"},{"floor":17.0,"key":"Onion Ring"},{"floor":17.0,"key":"Incense Burner"},{"floor":23.0,"key":"Replay:Wax Seal"},{"floor":26.0,"key":"Omamori"},{"floor":31,"key":"Divine Protection"},{"floor":40,"key":"ReplayTheSpireMod:TigerMarble"},{"floor":43,"key":"Nunchaku"}],"event_choices":[{"damage_healed":0.0,"max_hp_gain":0.0,"max_hp_loss":0.0,"gold_gain":0.0,"event_name":"WeMeetAgain","player_choice":"Paid Gold","floor":2.0,"gold_loss":77.0,"damage_taken":0.0,"relics_obtained":["MawBank"]},{"damage_healed":0.0,"max_hp_gain":0.0,"max_hp_loss":38.0,"gold_gain":0.0,"event_name":"Ghosts","player_choice":"Became a Ghost","floor":19.0,"gold_loss":0.0,"damage_taken":0.0,"cards_obtained":["Ghostly","Ghostly","Ghostly","Ghostly","Ghostly"]},{"damage_healed":0.0,"max_hp_gain":0.0,"max_hp_loss":0.0,"gold_gain":0.0,"event_name":"Vampires","player_choice":"Ignored","floor":21.0,"gold_loss":0.0,"damage_taken":0.0},{"cards_removed":["Strike_B"],"damage_healed":0.0,"max_hp_gain":0.0,"max_hp_loss":0.0,"gold_gain":0.0,"event_name":"Bonfire Elementals","player_choice":"Offered Basic","floor":25.0,"gold_loss":0.0,"damage_taken":0.0},{"damage_healed":0,"gold_gain":0,"player_choice":"Max HP","damage_taken":0,"max_hp_gain":0,"max_hp_loss":2,"event_name":"Winding Halls","floor":42,"gold_loss":0},{"damage_healed":0,"gold_gain":0,"player_choice":"Ignored","damage_taken":0,"max_hp_gain":0,"max_hp_loss":0,"event_name":"Tomb of Lord Red Mask","floor":45,"gold_loss":0},{"damage_healed":0,"gold_gain":0,"player_choice":"Ignored","damage_taken":0,"max_hp_gain":0,"max_hp_loss":0,"event_name":"SecretPortal","floor":48,"gold_loss":0}],"is_beta":false,"boss_relics":[{"not_picked":["conspire:SpecialSausage","Cursed Key"],"picked":"Calling Bell"},{"not_picked":["conspire:RunicOctahedron","Replay:Bronze Core"],"picked":"Abe\u0027s Treasure"}],"items_purged_floors":[5,13,36,41],"is_endless":false,"potions_floor_spawned":[6,8,10,18,20,30,31,35,46],"killed_by":"conspire:OrnateMirror","ascension_level":1}}