{"host":"ss2ocoam53r2lno0","time":1610596871,"event":{"mods":["Act Like it!","BaseMod","ChefMod","Clockwork Mod","Colored Powertips","Curses Come First","Displayed Cursed Tome","Downfall","Evolution","Googly Eyes","Hallownest","Highlight Path","Minty Spire (QoL Compilation)","Poor People Problems","Rare Cards Sparkle","Robot Space Explorer","Shade Mod","Shop Mod","Spicy Shops","StSLib","The Marked"],"gold_per_floor":[117,127,127,138,157,157,169,169,169,216,248,248,312,330,330,425,425,443,443,443,463,463,463,498,498,498,498,527,542,570,570,570,675,675,693,693,703,703,703,730,730,730,730,759,759,771,799,818,818,818],"floor_reached":51,"language":"ENG","playtime":6683,"items_purged":[],"score":1110,"play_id":"c6f0e6be-495e-420d-ae42-6903c81f9ff4","local_time":"20210114050111","is_ascension_mode":true,"campfire_choices":[{"data":"Clockwork:SnapKeep","floor":6,"key":"SMITH"},{"data":"Clockwork:CogShield","floor":8,"key":"SMITH"},{"data":"Clockwork:Tinker","floor":12,"key":"SMITH"},{"data":"Clockwork:SnapKeep","floor":15,"key":"SMITH"},{"data":"Clockwork:OccamsRazor","floor":23,"key":"SMITH"},{"data":"Clockwork:Inspiration","floor":25,"key":"SMITH"},{"data":"Clockwork:WarmUp","floor":27,"key":"SMITH"},{"floor":32,"key":"REST"},{"data":"Madness","floor":41,"key":"SMITH"},{"data":"Madness","floor":45,"key":"SMITH"},{"data":"Clockwork:PerfectForm","floor":49,"key":"SMITH"}],"circlet_count":0,"master_deck":["Clockwork:SnapKeep+1","Clockwork:SnapKeep","Clockwork:SnapKeep+1","Clockwork:CogShield+1","Clockwork:Shield","Clockwork:Shield","Clockwork:Shield","Clockwork:Tinker+1","Clockwork:WarmUp+1","Clockwork:PerfectForm+1","Clockwork:OccamsRazor+1","Clockwork:Inspiration+1","Madness+1","Madness+1","Clockwork:RampUp+1"],"relics":["Clockwork:MomentumEngine","EVO:Axolotl","NeowsBlessing","Clockwork:Varja","Bottled Tornado","Blood Vial","Clockwork:GoldenCog","Art of War","Bottled Flame","Black Star","Clockwork:QuicksilverHourglass","MealTicket","Question Card","Centennial Puzzle","Molten Egg 2","Smiling Mask","Bag of Marbles","Omamori","Tiny Chest","Runic Pyramid","Gremlin Horn","Pear","Lantern","Mercury Hourglass","Eternal Feather","Ornamental Fan","Sundial","Bottled Lightning"],"acts_visited":["Exordium","TheCity","TheBeyond"],"potions_floor_usage":[28,29,50,50,50,50,50],"damage_taken":[{"damage":0.0,"enemies":"Jaw Worm","floor":1.0,"turns":3.0},{"damage":0.0,"enemies":"Small Slimes","floor":2.0,"turns":3.0},{"damage":0,"enemies":"Cultist","floor":4,"turns":4},{"damage":8,"enemies":"Exordium Thugs","floor":5,"turns":5},{"damage":2,"enemies":"Gremlin Gang","floor":7,"turns":7},{"damage":0,"enemies":"Lagavulin","floor":11,"turns":75},{"damage":4,"enemies":"3 Sentries","floor":13,"turns":9},{"damage":0,"enemies":"Blue Slaver","floor":14,"turns":5},{"damage":16,"enemies":"Slime Boss","floor":16,"turns":7},{"damage":11,"enemies":"Chosen","floor":18,"turns":4},{"damage":0,"enemies":"Shell Parasite","floor":21,"turns":7},{"damage":0,"enemies":"Gremlin Leader","floor":24,"turns":6},{"damage":5,"enemies":"Slavers","floor":28,"turns":4},{"damage":1,"enemies":"Centurion and Healer","floor":29,"turns":4},{"damage":2,"enemies":"Gremlin Leader","floor":30,"turns":4},{"damage":0,"enemies":"Champ","floor":33,"turns":5},{"damage":0,"enemies":"Orb Walker","floor":35,"turns":3},{"damage":5,"enemies":"3 Darklings","floor":37,"turns":4},{"damage":0,"enemies":"Giant Head","floor":40,"turns":3},{"damage":0,"enemies":"Nemesis","floor":44,"turns":4},{"damage":0,"enemies":"Sphere and 2 Shapes","floor":46,"turns":2},{"damage":0,"enemies":"Giant Head","floor":47,"turns":2},{"damage":0,"enemies":"4 Shapes","floor":48,"turns":1},{"damage":15,"enemies":"Awakened One","floor":50,"turns":3}],"seed_played":"4849145676919702778","potions_obtained":[{"floor":2.0,"key":"SkillPotion"},{"floor":4,"key":"Weak Potion"},{"floor":5,"key":"Strength Potion"},{"floor":13,"key":"Block Potion"},{"floor":18,"key":"EntropicBrew"},{"floor":28,"key":"Regen Potion"},{"floor":29,"key":"Fruit Juice"},{"floor":37,"key":"champ:CounterPotion"}],"is_trial":false,"path_per_floor":["M","M","?","M","M","R","M","R","T","T","E","R","?","M","R","B",null,"M","?","?","M","T","R","E","R","T","R","E","M","E","?","R","B",null,"M","?","M","?","T","E","R","?","T","E","R","M","E","M","R","B",null],"character_chosen":"CLOCKWORK","items_purchased":[],"campfire_rested":1,"item_purchase_floors":[],"current_hp_per_floor":[85,85,85,85,77,77,75,75,75,75,77,77,75,77,77,63,85,74,74,68,70,70,70,72,72,72,72,69,75,75,75,90,90,90,90,79,76,76,76,88,88,88,88,90,99,100,100,100,100,85],"gold":818,"neow_bonus":"THREE_ENEMY_KILL","is_daily":false,"chose_seed":false,"campfire_upgraded":10,"win_rate":0.0,"timestamp":1610596871,"path_taken":["M","M","?","M","M","R","M","R","T","?","E","R","?","M","R","BOSS","M","?","?","?","?","R","E","R","T","R","E","?","E","?","R","BOSS","M","?","M","?","?","E","R","?","T","E","R","?","E","M","R","BOSS"],"items_purchased_type":[],"build_version":"2020-12-22","purchased_purges":0,"victory":true,"max_hp_per_floor":[85,85,85,85,85,85,85,85,85,85,85,85,85,85,85,85,85,85,85,85,85,85,85,85,85,85,85,85,90,90,90,90,90,90,90,90,90,90,90,100,100,100,100,100,100,100,100,100,100,100],"card_choices":[{"not_picked":["Clockwork:AdaptiveCannon","Clockwork:EnthusiasticStrike","Clockwork:AssemblyLine"],"picked":"SKIP","floor":1.0},{"not_picked":["Clockwork:TimeOut","Clockwork:SystemHardening"],"picked":"Clockwork:CraftVarja","floor":2.0},{"not_picked":["Clockwork:Redundancy","Clockwork:MechanicalBulk","Clockwork:AdaptiveShield"],"picked":"SKIP","floor":4},{"not_picked":["Clockwork:ChargingBlade","Clockwork:SystemScan","Clockwork:Minimalism"],"picked":"SKIP","floor":5},{"not_picked":["Clockwork:QuantumStrike","Clockwork:Roundhouse"],"picked":"Clockwork:PerfectForm","floor":7},{"not_picked":["Clockwork:SystemScan","Clockwork:Roundhouse"],"picked":"Clockwork:OccamsRazor","floor":11},{"not_picked":["Clockwork:SnapKeep","Clockwork:Minimalism","Clockwork:LogisticRegression"],"picked":"SKIP","floor":14},{"not_picked":["Clockwork:ZeroPointEnergy","Clockwork:Halt"],"picked":"Clockwork:CraftQuicksilverHourglass","floor":16},{"not_picked":["Clockwork:SystemScan","Clockwork:Roundhouse","Clockwork:SystemHardening"],"picked":"SKIP","floor":18},{"not_picked":["Clockwork:ChargingShield","Clockwork:ReserveSystems","Clockwork:Efficiency"],"picked":"SKIP","floor":21},{"not_picked":["Clockwork:SearingStrike","Clockwork:Minimalism"],"picked":"Clockwork:Inspiration","floor":24},{"not_picked":["Clockwork:Improve+1","Clockwork:ReserveSystems+1","Clockwork:CogBarrier+1"],"picked":"Clockwork:CraftVarja","floor":28},{"not_picked":["Clockwork:Redundancy+1","Clockwork:ForgeStrike+1","Clockwork:TiltAWhirl+1","Clockwork:MechanicalMass+1"],"picked":"SKIP","floor":29},{"not_picked":["Clockwork:AdaptiveCannon+1","Clockwork:Pluck+1","Clockwork:Redundancy+1","Clockwork:LogisticRegression+1"],"picked":"SKIP","floor":30},{"not_picked":["Clockwork:SiegeStrike+1","Clockwork:DefectiveParts","Clockwork:WindupStrike+1"],"picked":"Clockwork:CraftMomentumEngine","floor":33},{"not_picked":["Clockwork:CogShield+1","Clockwork:EnthusiasticStrike+1","Clockwork:CogBarrier+1","Clockwork:ReserveSystems+1"],"picked":"SKIP","floor":35},{"not_picked":["Clockwork:Roundhouse+1","Clockwork:ForgeStrike+1","Clockwork:Redundancy+1","Clockwork:ChargingShield+1"],"picked":"SKIP","floor":37},{"not_picked":["Clockwork:Redundancy+1","Clockwork:SystemScan+1","Clockwork:Selectivity+1"],"picked":"Clockwork:RampUp+1","floor":40},{"not_picked":["Clockwork:HoardingStrike+1","Clockwork:CogToss+1","Clockwork:CogBarrier+1","Clockwork:ChargingBlade+1"],"picked":"SKIP","floor":44},{"not_picked":["Clockwork:AdaptiveCannon+1","Clockwork:Enhance+1","Clockwork:Redundancy+1","Clockwork:ZeroPointEnergy"],"picked":"SKIP","floor":46},{"not_picked":["Clockwork:InertialShield","Clockwork:AdaptiveCannon+1","Clockwork:EnthusiasticStrike+1","Clockwork:SystemHardening+1"],"picked":"SKIP","floor":47},{"not_picked":["Clockwork:CogToss+1","Clockwork:SmithsMallet+1","Clockwork:SnapKeep+1","Clockwork:StasisBreak+1"],"picked":"SKIP","floor":48}],"player_experience":687981,"relics_obtained":[{"floor":9,"key":"Bottled Tornado"},{"floor":10,"key":"Blood Vial"},{"floor":11,"key":"Art of War"},{"floor":13,"key":"Bottled Flame"},{"floor":22,"key":"MealTicket"},{"floor":24,"key":"Question Card"},{"floor":24,"key":"Centennial Puzzle"},{"floor":26,"key":"Molten Egg 2"},{"floor":28,"key":"Smiling Mask"},{"floor":28,"key":"Bag of Marbles"},{"floor":30,"key":"Omamori"},{"floor":30,"key":"Tiny Chest"},{"floor":39,"key":"Gremlin Horn"},{"floor":40,"key":"Pear"},{"floor":40,"key":"Lantern"},{"floor":43,"key":"Mercury Hourglass"},{"floor":44,"key":"Eternal Feather"},{"floor":44,"key":"Ornamental Fan"},{"floor":47,"key":"Sundial"},{"floor":47,"key":"Bottled Lightning"}],"event_choices":[{"damage_healed":0.0,"max_hp_gain":0.0,"max_hp_loss":0.0,"gold_gain":0.0,"event_name":"Living Wall","player_choice":"Grow","floor":3.0,"gold_loss":0.0,"damage_taken":0.0,"cards_upgraded":["Clockwork:CraftVarja"]},{"damage_healed":0,"gold_gain":30,"player_choice":"Searched \u00273\u0027 times","damage_taken":0,"max_hp_gain":0,"max_hp_loss":0,"event_name":"Dead Adventurer","floor":13,"gold_loss":0},{"cards_removed":["Clockwork:SnapKeep"],"damage_healed":0,"gold_gain":0,"player_choice":"Elegance","damage_taken":0,"max_hp_gain":0,"max_hp_loss":0,"event_name":"Back to Basics","floor":19,"gold_loss":0},{"damage_healed":0,"gold_gain":0,"player_choice":"","damage_taken":6,"max_hp_gain":0,"max_hp_loss":0,"event_name":"Knowing Skull","floor":20,"potions_obtained":[],"gold_loss":0,"cards_obtained":[]},{"damage_healed":0,"gold_gain":0,"player_choice":"Ignored","damage_taken":0,"max_hp_gain":0,"max_hp_loss":0,"event_name":"Transmorgrifier","floor":31,"gold_loss":0},{"damage_healed":0,"gold_gain":0,"player_choice":"Embrace Madness","damage_taken":11,"max_hp_gain":0,"max_hp_loss":0,"event_name":"Winding Halls","floor":36,"gold_loss":0,"cards_obtained":["Madness","Madness"]},{"damage_healed":0,"gold_gain":0,"player_choice":"Memory 1","damage_taken":0,"max_hp_gain":0,"max_hp_loss":0,"event_name":"SensoryStone","floor":38,"gold_loss":0},{"damage_healed":0,"gold_gain":0,"player_choice":"Ignored","damage_taken":0,"max_hp_gain":0,"max_hp_loss":0,"event_name":"Tomb of Lord Red Mask","floor":42,"gold_loss":0}],"is_beta":false,"boss_relics":[{"not_picked":["Runic Dome","Astrolabe"],"picked":"Black Star"},{"not_picked":["Velvet Choker","expansioncontent:StudyCardRelic"],"picked":"Runic Pyramid"}],"items_purged_floors":[],"is_endless":false,"potions_floor_spawned":[2,4,5,13,18,28,29,37,46,47],"ascension_level":2}}