{"host":"kg61lsvem4dxoat8","time":1610599008,"event":{"mods":["BaseMod","Colored Powertips","Minty Spire (QoL Compilation)","Quick Restart","Rare Cards Sparkle","Relic Stats","slay the spire mod where everything is the same but ironclad has a cowboy hat"],"gold_per_floor":[110,122,133,208,208,208,223,223,223,223,236,251,266,266,266],"floor_reached":14,"language":"ENG","playtime":270,"items_purged":[],"score":84,"play_id":"1a20b12d-dfb1-4e03-ab31-0ab742f935cd","local_time":"20210114123648","is_ascension_mode":false,"campfire_choices":[{"data":"Eruption","floor":6,"key":"SMITH"},{"data":"Crescendo","floor":8,"key":"SMITH"},{"data":"FlyingSleeves","floor":10,"key":"SMITH"}],"circlet_count":0,"master_deck":["Strike_P","Strike_P","Strike_P","Defend_P","Defend_P","Defend_P","Defend_P","Eruption+1","Vigilance","FlyingSleeves+1","Crescendo+1","Halt","InnerPeace","BowlingBash"],"relics":["PureWater","NeowsBlessing","TungstenRod"],"acts_visited":["Exordium"],"potions_floor_usage":[14],"damage_taken":[{"damage":0,"enemies":"Small Slimes","floor":1,"turns":1},{"damage":0,"enemies":"2 Louse","floor":2,"turns":1},{"damage":0,"enemies":"Jaw Worm","floor":3,"turns":1},{"damage":7,"enemies":"Exordium Thugs","floor":7,"turns":5},{"damage":0,"enemies":"3 Louse","floor":11,"turns":3},{"damage":5,"enemies":"Exordium Wildlife","floor":12,"turns":4},{"damage":0,"enemies":"Blue Slaver","floor":13,"turns":1},{"damage":27,"enemies":"Lagavulin","floor":14,"turns":6}],"seed_played":"-2923778936789764425","potions_obtained":[{"floor":1,"key":"Energy Potion"},{"floor":7,"key":"ColorlessPotion"}],"is_trial":false,"path_per_floor":["M","M","M","?","?","R","M","R","T","R","M","M","M","E"],"character_chosen":"WATCHER","items_purchased":[],"campfire_rested":0,"item_purchase_floors":[],"current_hp_per_floor":[72,72,72,61,61,61,54,54,54,54,54,49,49,22,22],"gold":266,"neow_bonus":"THREE_ENEMY_KILL","is_daily":false,"chose_seed":false,"campfire_upgraded":3,"win_rate":0.0,"timestamp":1610599008,"path_taken":["M","M","M","?","?","R","M","R","T","R","M","M","M","E"],"items_purchased_type":[],"build_version":"2020-12-22","purchased_purges":0,"victory":false,"max_hp_per_floor":[72,72,72,72,72,72,72,72,72,72,72,72,72,72,72],"relic_stats":{"counters":[8,22],"obtain_stats":[{"NeowsBlessing":0,"PureWater":0,"TungstenRod":9},{"NeowsBlessing":0,"PureWater":0,"TungstenRod":4},{"NeowsBlessing":0,"PureWater":0,"TungstenRod":8}],"TungstenRod":4},"card_choices":[{"not_picked":["ReachHeaven","Meditate"],"picked":"FlyingSleeves","floor":1},{"not_picked":["Prostrate","FlyingSleeves"],"picked":"Crescendo","floor":2},{"not_picked":["FlyingSleeves","Consecrate"],"picked":"Halt","floor":3},{"not_picked":["Prostrate","FlyingSleeves","CutThroughFate"],"picked":"SKIP","floor":7},{"not_picked":["CrushJoints","EmptyBody"],"picked":"InnerPeace","floor":11},{"not_picked":["Weave","Meditate"],"picked":"BowlingBash","floor":12},{"not_picked":["Prostrate","WreathOfFlame","JustLucky"],"picked":"SKIP","floor":13}],"player_experience":1339718,"relics_obtained":[{"floor":9,"key":"TungstenRod"}],"event_choices":[{"damage_healed":0,"gold_gain":75,"player_choice":"Gather Gold","damage_taken":11,"max_hp_gain":0,"max_hp_loss":0,"event_name":"World of Goop","floor":4,"gold_loss":0},{"cards_removed":["Strike_P"],"damage_healed":0,"gold_gain":0,"player_choice":"Forget","damage_taken":0,"max_hp_gain":0,"max_hp_loss":0,"event_name":"Living Wall","floor":5,"gold_loss":0}],"is_beta":false,"boss_relics":[],"items_purged_floors":[],"is_endless":false,"potions_floor_spawned":[1,7],"killed_by":"Lagavulin","ascension_level":0}}