{"host":"d9m9v0h6vo0edadb","time":1610641527,"event":{"mods":["BaseMod","Hermit","Keyboard Shortcuts","Minty Spire (QoL Compilation)","StSLib","SuperFastMode","The Cursed"],"gold_per_floor":[17,31,31,49,72,72,147,297,320,78,58,31,31,71,71,176,176,209,233,42,42,67,67,67],"floor_reached":23,"language":"KOR","playtime":328,"items_purged":["Doubt","Strike_G"],"score":428,"play_id":"0025c125-35a3-4845-939f-f85c9aaa362d","local_time":"20210115012527","is_ascension_mode":true,"campfire_choices":[{"data":"Acrobatics","floor":6.0,"key":"SMITH"},{"data":"Bouncing Flask","floor":13.0,"key":"SMITH"},{"data":"Prepared","floor":15.0,"key":"SMITH"}],"circlet_count":0,"master_deck":["AscendersBane","Strike_G","Strike_G","Defend_G","Defend_G","Defend_G","Defend_G","Defend_G","Survivor","Neutralize","Dagger Throw","Backflip","Calculated Gamble","Acrobatics+1","Bouncing Flask+1","Poisoned Stab","Prepared+1","Corpse Explosion","Crippling Poison","Tactician","Well Laid Plans"],"relics":["Ring of the Snake","FossilizedHelix","Golden Idol","Happy Flower","Membership Card","CeramicFish","Singing Bowl","Nloth\u0027s Gift"],"acts_visited":["Exordium","TheCity"],"potions_floor_usage":[],"damage_taken":[{"damage":0.0,"enemies":"2 Louse","floor":1.0,"turns":5.0},{"damage":0.0,"enemies":"Jaw Worm","floor":2.0,"turns":5.0},{"damage":0.0,"enemies":"Cultist","floor":4.0,"turns":3.0},{"damage":2.0,"enemies":"Exordium Wildlife","floor":5.0,"turns":6.0},{"damage":0.0,"enemies":"Lagavulin","floor":14.0,"turns":6.0},{"damage":6.0,"enemies":"The Guardian","floor":16.0,"turns":9.0},{"damage":0.0,"enemies":"Spheric Guardian","floor":18.0,"turns":3.0},{"damage":19.0,"enemies":"2 Thieves","floor":19.0,"turns":3.0},{"damage":0.0,"enemies":"3 Cultists","floor":22.0,"turns":3.0},{"damage":10,"enemies":"Slavers","floor":23,"turns":2}],"seed_played":"-3835537296325602845","potions_obtained":[{"floor":2.0,"key":"GamblersBrew"},{"floor":4.0,"key":"PowerPotion"},{"floor":18.0,"key":"ColorlessPotion"},{"floor":19.0,"key":"ColorlessPotion"}],"is_trial":false,"path_per_floor":["M","M","?","M","M","R","?","?","T","$","?","$","R","E","R","B",null,"M","M","$","?","M","E"],"character_chosen":"THE_SILENT","items_purchased":["Membership Card","Bouncing Flask","Poisoned Stab","Singing Bowl"],"campfire_rested":0,"item_purchase_floors":[10,10,12,20],"current_hp_per_floor":[59,59,59,59,57,57,46,46,46,46,46,46,46,46,46,40,55,55,36,36,36,36,26,26],"gold":67,"neow_bonus":"ONE_RARE_RELIC","is_daily":false,"chose_seed":false,"campfire_upgraded":3,"win_rate":0.0,"timestamp":1610641527,"path_taken":["M","M","?","M","M","R","?","?","T","$","?","$","R","E","R","BOSS","M","?","$","?","M","E"],"items_purchased_type":["Relic","Card","Card","Relic"],"build_version":"2020-12-22","purchased_purges":2,"victory":false,"max_hp_per_floor":[66,66,60,60,60,60,60,60,60,60,60,60,60,60,60,60,60,60,60,60,60,60,60,60],"card_choices":[{"not_picked":["Sucker Punch","Eviscerate"],"picked":"Dagger Throw","floor":1.0},{"not_picked":["Predator","Expertise"],"picked":"Backflip","floor":2.0},{"not_picked":["Outmaneuver","Blur"],"picked":"Calculated Gamble","floor":4.0},{"not_picked":["Choke","Poisoned Stab"],"picked":"Acrobatics","floor":5.0},{"not_picked":["Accuracy","Distraction"],"picked":"Prepared","floor":14.0},{"not_picked":["Malaise","Phantasmal Killer"],"picked":"Corpse Explosion","floor":16.0},{"not_picked":["Finisher","Dagger Throw"],"picked":"Crippling Poison","floor":18.0},{"not_picked":["Sucker Punch","Cloak And Dagger"],"picked":"Tactician","floor":19.0},{"not_picked":["Heel Hook+1","Poisoned Stab"],"picked":"Well Laid Plans","floor":22.0}],"player_experience":970465,"relics_obtained":[{"floor":9.0,"key":"Happy Flower"},{"floor":14.0,"key":"CeramicFish"}],"event_choices":[{"damage_healed":0.0,"max_hp_gain":0.0,"max_hp_loss":6.0,"gold_gain":0.0,"event_name":"Golden Idol","player_choice":"Lose Max HP","floor":3.0,"gold_loss":0.0,"damage_taken":0.0,"relics_obtained":["Golden Idol"]},{"damage_healed":0.0,"max_hp_gain":0.0,"max_hp_loss":0.0,"gold_gain":75.0,"event_name":"World of Goop","player_choice":"Gather Gold","floor":7.0,"gold_loss":0.0,"damage_taken":11.0},{"damage_healed":0.0,"max_hp_gain":0.0,"max_hp_loss":0.0,"gold_gain":150.0,"event_name":"Liars Game","player_choice":"AGREE","floor":8.0,"gold_loss":0.0,"damage_taken":0.0,"cards_obtained":["Doubt"]},{"damage_healed":0.0,"max_hp_gain":0.0,"max_hp_loss":0.0,"gold_gain":0.0,"event_name":"The Woman in Blue","player_choice":"Bought 1 Potion","floor":11.0,"gold_loss":0.0,"damage_taken":0.0},{"damage_healed":0.0,"max_hp_gain":0.0,"max_hp_loss":0.0,"gold_gain":0.0,"event_name":"N\u0027loth","player_choice":"Traded Relic","floor":21.0,"relics_lost":["Empty Cage"],"gold_loss":0.0,"damage_taken":0.0,"relics_obtained":["Nloth\u0027s Gift"]}],"is_beta":false,"boss_relics":[{"not_picked":["Runic Dome","Pandora\u0027s Box"],"picked":"Empty Cage"}],"items_purged_floors":[10,20],"is_endless":false,"potions_floor_spawned":[2,4,5,18,19],"killed_by":"Slavers","ascension_level":20}}