{"host":"i0avyit1s6jb1siw","time":1610663449,"event":{"mods":["BaseMod","DeckTracker","Dota2Spire","Highlight Path","Minty Spire (QoL Compilation)","Quick Restart","StSLib","SuperFastMode"],"gold_per_floor":[110,110,110,35,54,54,80,105,129,129,129,157,157,199,199,282,332,347,397,255,130,158,158,183,183,183,43,52,100,168,214,214,214,214],"floor_reached":33,"language":"ENG","playtime":600,"items_purged":["Strike_G","Strike_G","Strike_G"],"score":626,"play_id":"b6dcc2f4-80c6-4bc6-b46c-1191067423c4","local_time":"20210114233049","is_ascension_mode":true,"campfire_choices":[{"data":"Unload","floor":6.0,"key":"SMITH"},{"data":"Neutralize","floor":11.0,"key":"SMITH"},{"data":"Deadly Poison","floor":15,"key":"SMITH"},{"data":"Heel Hook","floor":23,"key":"SMITH"},{"data":"Deflect","floor":25,"key":"SMITH"},{"data":"Footwork","floor":32,"key":"SMITH"}],"circlet_count":0,"master_deck":["AscendersBane","Defend_G","Defend_G","Defend_G+1","Defend_G","Survivor","Neutralize+1","Unload+1","Deflect+1","Poisoned Stab","Well Laid Plans+1","Heel Hook+1","Dagger Spray","Deadly Poison+1","Night Terror+1","Malaise+1","Blade Dance+1","Terror+1","Backflip+1","Cloak And Dagger+1","After Image","Bouncing Flask+1","Footwork+1"],"relics":["Ring of the Snake","CeramicFish","Bronze Scales","Toxic Egg 2","Tiny House","Dota2Spire:HandOfMidas","Dota2Spire:EyeOfSkadi","Orrery","Orichalcum"],"acts_visited":["Exordium","TheCity"],"potions_floor_usage":[14,16,33],"damage_taken":[{"damage":1.0,"enemies":"Small Slimes","floor":1.0,"turns":4.0},{"damage":0.0,"enemies":"2 Louse","floor":5.0,"turns":3.0},{"damage":0.0,"enemies":"Cultist","floor":7.0,"turns":3.0},{"damage":3.0,"enemies":"2 Fungi Beasts","floor":8.0,"turns":4.0},{"damage":3.0,"enemies":"Large Slime","floor":12.0,"turns":5.0},{"damage":6,"enemies":"Gremlin Nob","floor":14,"turns":3},{"damage":0,"enemies":"Hexaghost","floor":16,"turns":7},{"damage":3,"enemies":"Chosen","floor":18,"turns":5},{"damage":5,"enemies":"Spheric Guardian","floor":22,"turns":5},{"damage":3,"enemies":"Snake Plant","floor":29,"turns":4},{"damage":11,"enemies":"Gremlin Leader","floor":30,"turns":6},{"damage":1,"enemies":"Centurion and Healer","floor":31,"turns":5},{"damage":39,"enemies":"Collector","floor":33,"turns":8}],"seed_played":"6183416240887582405","potions_obtained":[{"floor":5.0,"key":"FearPotion"},{"floor":7.0,"key":"SmokeBomb"},{"floor":14,"key":"EssenceOfSteel"},{"floor":16,"key":"Energy Potion"},{"floor":17,"key":"PowerPotion"}],"is_trial":false,"path_per_floor":["M","?","?","$","M","R","M","M","T","?","R","M","?","E","R","B",null,"M","?","$","$","M","R","T","R","T","$","?","M","E","M","R","B"],"character_chosen":"THE_SILENT","items_purchased":["Blade Dance+1","Orrery"],"campfire_rested":0,"item_purchase_floors":[20,27],"current_hp_per_floor":[58,32,29,29,29,29,29,26,26,26,26,23,23,17,17,17,54,51,51,51,51,46,46,46,46,51,51,51,48,37,36,36,0,0],"gold":214,"neow_bonus":"TRANSFORM_TWO_CARDS","is_daily":false,"chose_seed":false,"campfire_upgraded":6,"win_rate":0.0,"timestamp":1610663449,"path_taken":["M","?","?","$","?","R","M","M","T","?","R","M","?","E","R","BOSS","M","?","?","$","M","R","?","R","T","$","?","M","E","M","R","BOSS"],"items_purchased_type":["Card","Relic"],"build_version":"2020-12-22","purchased_purges":3,"victory":false,"max_hp_per_floor":[60,60,60,60,60,60,60,60,60,60,60,60,60,60,60,60,65,65,65,65,65,65,65,65,65,70,70,70,70,70,70,70,70,70],"card_choices":[{"not_picked":["Prepared","Outmaneuver"],"picked":"Poisoned Stab","floor":1.0},{"not_picked":["Deflect","Prepared"],"picked":"Well Laid Plans","floor":5.0},{"not_picked":["PiercingWail","Acrobatics"],"picked":"Heel Hook","floor":7.0},{"not_picked":["Distraction","Dagger Throw"],"picked":"Dagger Spray","floor":8.0},{"not_picked":["Expertise","Deflect"],"picked":"Deadly Poison","floor":12.0},{"not_picked":["Prepared+1","Deadly Poison+1"],"picked":"Night Terror+1","floor":14},{"not_picked":["Grand Finale","Doppelganger+1"],"picked":"Malaise+1","floor":16},{"not_picked":["Flying Knee","Eviscerate","Endless Agony"],"picked":"SKIP","floor":18},{"not_picked":["Blur+1","Slice+1"],"picked":"Terror+1","floor":22},{"not_picked":["Distraction+1","Sucker Punch"],"picked":"Backflip+1","floor":27},{"not_picked":["Sucker Punch","Tools of the Trade"],"picked":"Cloak And Dagger+1","floor":27},{"not_picked":["Dash","Outmaneuver+1"],"picked":"After Image","floor":27},{"not_picked":["Eviscerate","Endless Agony","Prepared+1"],"picked":"SKIP","floor":29},{"not_picked":["Riddle With Holes","Flying Knee"],"picked":"Footwork","floor":30},{"not_picked":["Distraction+1","Dagger Spray","Bane"],"picked":"SKIP","floor":31}],"player_experience":2236364,"relics_obtained":[{"floor":9.0,"key":"Bronze Scales"},{"floor":14,"key":"Toxic Egg 2"},{"floor":24,"key":"Dota2Spire:HandOfMidas"},{"floor":26,"key":"Dota2Spire:EyeOfSkadi"},{"floor":30,"key":"Orichalcum"}],"event_choices":[{"damage_healed":0.0,"max_hp_gain":0.0,"max_hp_loss":0.0,"gold_gain":0.0,"event_name":"Scrap Ooze","player_choice":"Success","floor":2.0,"gold_loss":0.0,"damage_taken":26.0,"relics_obtained":["CeramicFish"]},{"damage_healed":0.0,"max_hp_gain":0.0,"max_hp_loss":0.0,"gold_gain":0.0,"event_name":"The Woman in Blue","player_choice":"Bought 0 Potions","floor":3.0,"gold_loss":0.0,"damage_taken":0.0},{"damage_healed":0.0,"max_hp_gain":0.0,"max_hp_loss":0.0,"gold_gain":0.0,"event_name":"Liars Game","player_choice":"Ignored","floor":10.0,"gold_loss":0.0,"damage_taken":0.0},{"damage_healed":0.0,"max_hp_gain":0.0,"max_hp_loss":0.0,"gold_gain":0.0,"event_name":"Living Wall","player_choice":"Grow","floor":13.0,"gold_loss":0.0,"damage_taken":0.0,"cards_upgraded":["Well Laid Plans"]},{"damage_healed":0,"gold_gain":50,"player_choice":"Pray","damage_taken":0,"max_hp_gain":0,"max_hp_loss":0,"event_name":"Golden Shrine","floor":19,"gold_loss":0},{"damage_healed":0,"gold_gain":0,"cards_transformed":["Strike_G"],"player_choice":"Transformed","damage_taken":0,"max_hp_gain":0,"max_hp_loss":0,"event_name":"Transmorgrifier","floor":28,"gold_loss":0,"cards_obtained":["Bouncing Flask"]}],"is_beta":false,"boss_relics":[{"not_picked":["Ring of the Serpent","Black Star"],"picked":"Tiny House"}],"items_purged_floors":[4,20,21],"is_endless":false,"potions_floor_spawned":[5,7,14,16,29,30],"killed_by":"Collector","ascension_level":20}}