{"host":"e8ifhv72wwl3hwcg","time":1610634272,"event":{"mods":["BaseMod","Colored Map","Marisa£¨Ùöéë¡¡Øª×âÞÞ£©","Minty Spire (QoL Compilation)","Replay The Spire","StSLib","The Cursed"],"gold_per_floor":[116,130,130,130,130,140,140,140,154,154,178,230,87,116,81,113,113,246,318,340,340,249,274,306,353,353,396,421,421,421],"floor_reached":29,"language":"KOR","playtime":2076,"items_purged":[],"score":263,"play_id":"e8987182-78b5-4c19-907c-68931846a176","local_time":"20210114232432","is_ascension_mode":false,"campfire_choices":[{"floor":8,"key":"RECALL"},{"data":"TheCursedMod:Torture","floor":10,"key":"SMITH"},{"data":"TheCursedMod:SurpriseAttack","floor":17,"key":"SMITH"},{"floor":26,"key":"REST"}],"circlet_count":0,"master_deck":["TheCursedMod:Strike_TheCursed+1","TheCursedMod:Strike_TheCursed+1","TheCursedMod:Strike_TheCursed+1","TheCursedMod:Strike_TheCursed+1","TheCursedMod:Defend_TheCursed+1","TheCursedMod:Defend_TheCursed+1","TheCursedMod:Defend_TheCursed+1","TheCursedMod:CursedWand","TheCursedMod:CleanUpWorkshop","TheCursedMod:Dregs","TheCursedMod:CursedStaff","TheCursedMod:AbyssShockwave","TheCursedMod:CursedBlade","TheCursedMod:BlessingInDisguise","Injury","TheCursedMod:Torture+1","TheCursedMod:CursedBoomerang","TheCursedMod:SurpriseAttack+1","TheCursedMod:VitalStrike","TheCursedMod:VoidForm","TheCursedMod:SoulCrush","TheCursedMod:SpitefulPray","Languid","TheCursedMod:LuckyCharm","TheCursedMod:CircleOfFlame","TheCursedMod:CircleOfCorruption","TheCursedMod:CursedSpellbook","TheCursedMod:Obscuration","TheCursedMod:Hemoplague+1"],"relics":["TheCursedMod:BlackMagic101","Golden Idol","CeramicFish","Orichalcum","Replay:Baseball","Tiny House","ReplayTheSpireMod:CursedCoin","Happy Flower","Letter Opener","Anchor","ReplayTheSpireMod:TigerMarble"],"acts_visited":["Exordium","TheCity"],"potions_floor_usage":[9,12,14,23,25,25,27],"damage_taken":[{"damage":0,"enemies":"Cultist","floor":1,"turns":3},{"damage":6,"enemies":"Jaw Worm","floor":2,"turns":2},{"damage":6,"enemies":"2 Louse","floor":6,"turns":2},{"damage":9,"enemies":"Large Slime","floor":9,"turns":4},{"damage":14,"enemies":"Gremlin Nob","floor":12,"turns":4},{"damage":0,"enemies":"Exordium Wildlife","floor":14,"turns":1},{"damage":0,"enemies":"2 Fungi Beasts","floor":16,"turns":2},{"damage":23,"enemies":"Fading Forest","floor":18,"turns":11},{"damage":17,"enemies":"Spheric Guardian","floor":20,"turns":4},{"damage":10,"enemies":"3 Byrds","floor":23,"turns":4},{"damage":10,"enemies":"3 Cultists","floor":24,"turns":5},{"damage":33,"enemies":"Slavers","floor":25,"turns":4},{"damage":20,"enemies":"Book of Stabbing","floor":27,"turns":3},{"damage":28,"enemies":"Gremlin Leader","floor":29,"turns":2}],"seed_played":"1417374241036374092","potions_obtained":[{"floor":2,"key":"TheCursedMod:DregsPotion"},{"floor":6,"key":"Explosive Potion"},{"floor":12,"key":"AttackPotion"},{"floor":18,"key":"Explosive Potion"},{"floor":19,"key":"FearPotion"},{"floor":23,"key":"LiquidBronze"},{"floor":24,"key":"SkillPotion"}],"is_trial":false,"path_per_floor":["M","M","PTL","PTL","?","M","?","R","M","R","T","E","$","M","?","M","R","B",null,"M","?","$","M","M","E","R","E","T","E"],"character_chosen":"THE_CURSED","items_purchased":["Replay:Baseball","ReplayTheSpireMod:CursedCoin","TheCursedMod:LuckyCharm","TheCursedMod:CircleOfFlame","Happy Flower"],"campfire_rested":1,"item_purchase_floors":[13,22,22,22,22],"current_hp_per_floor":[82,76,76,76,76,70,70,70,61,61,61,47,47,47,67,67,67,54,87,70,70,70,60,50,17,43,23,23,0,0],"gold":421,"neow_bonus":"TEN_PERCENT_HP_BONUS","is_daily":false,"chose_seed":false,"campfire_upgraded":2,"win_rate":0.0,"timestamp":1610634272,"path_taken":["M","?","PTL","PTL","?","M","?","R","M","R","T","E","$","M","?","M","R","BOSS","M","?","$","M","M","E","R","E","T","E"],"items_purchased_type":["Relic","Relic","Card","Card","Relic"],"build_version":"2020-12-22","purchased_purges":0,"victory":false,"max_hp_per_floor":[82,82,82,82,82,82,82,82,82,82,82,82,82,82,82,82,82,82,87,87,87,87,87,87,87,87,87,87,87,87],"card_choices":[{"not_picked":["TheCursedMod:SmokeScreen","TheCursedMod:CircleOfFlame"],"picked":"TheCursedMod:CursedStaff","floor":1},{"not_picked":["TheCursedMod:BlessingInDisguise","TheCursedMod:AshesToAshes"],"picked":"TheCursedMod:AbyssShockwave","floor":2},{"not_picked":["TheCursedMod:AbyssShockwave","TheCursedMod:VitalStrike"],"picked":"TheCursedMod:BlessingInDisguise","floor":6},{"not_picked":["TheCursedMod:SpitefulStrike","TheCursedMod:RapidMovement"],"picked":"TheCursedMod:Torture","floor":9},{"not_picked":["TheCursedMod:SpitefulStrike","TheCursedMod:CursedAmulet"],"picked":"TheCursedMod:CursedBoomerang","floor":12},{"not_picked":["TheCursedMod:VitalStrike","TheCursedMod:Obscuration"],"picked":"TheCursedMod:SurpriseAttack","floor":14},{"not_picked":["TheCursedMod:Stretching","TheCursedMod:Obscuration"],"picked":"TheCursedMod:VitalStrike","floor":16},{"not_picked":["TheCursedMod:NeowsMight","TheCursedMod:ParallelWorld"],"picked":"TheCursedMod:VoidForm","floor":18},{"not_picked":["TheCursedMod:CursedShiv","TheCursedMod:Wield"],"picked":"TheCursedMod:SoulCrush","floor":19},{"not_picked":["TheCursedMod:CursedAmulet","TheCursedMod:SpitefulPlan"],"picked":"TheCursedMod:SpitefulPray","floor":20},{"not_picked":["TheCursedMod:Wield","TheCursedMod:RavingStaff"],"picked":"TheCursedMod:CircleOfCorruption","floor":23},{"not_picked":["TheCursedMod:CursedBlade","TheCursedMod:CursedMace"],"picked":"TheCursedMod:CursedSpellbook","floor":24},{"not_picked":["TheCursedMod:LuckyCharm","TheCursedMod:ParallelWorld"],"picked":"TheCursedMod:Obscuration","floor":25},{"not_picked":["TheCursedMod:CursedRelics","TheCursedMod:SpitefulStrike"],"picked":"TheCursedMod:Hemoplague+1","floor":27}],"player_experience":284929,"relics_obtained":[{"floor":11,"key":"CeramicFish"},{"floor":12,"key":"Orichalcum"},{"floor":25,"key":"Letter Opener"},{"floor":27,"key":"Anchor"},{"floor":28,"key":"ReplayTheSpireMod:TigerMarble"}],"event_choices":[{"damage_healed":0,"gold_gain":0,"cards_transformed":["TheCursedMod:Defend_TheCursed"],"player_choice":"Change","damage_taken":0,"max_hp_gain":0,"max_hp_loss":0,"event_name":"Living Wall","floor":5,"gold_loss":0,"cards_obtained":["TheCursedMod:CursedBlade"]},{"damage_healed":0,"gold_gain":0,"player_choice":"Take Wound","damage_taken":0,"relics_obtained":["Golden Idol"],"max_hp_gain":0,"max_hp_loss":0,"event_name":"Golden Idol","floor":7,"gold_loss":0,"cards_obtained":["Injury"]},{"damage_healed":20,"gold_gain":0,"player_choice":"Healed","damage_taken":0,"max_hp_gain":0,"max_hp_loss":0,"event_name":"The Cleric","floor":15,"gold_loss":35},{"damage_healed":0,"gold_gain":0,"player_choice":"Simplicity","damage_taken":0,"max_hp_gain":0,"max_hp_loss":0,"event_name":"Back to Basics","floor":21,"gold_loss":0,"cards_upgraded":["TheCursedMod:Strike_TheCursed","TheCursedMod:Strike_TheCursed","TheCursedMod:Strike_TheCursed","TheCursedMod:Defend_TheCursed","TheCursedMod:Defend_TheCursed","TheCursedMod:Defend_TheCursed"]}],"is_beta":false,"boss_relics":[{"not_picked":["Cursed Key","Ectoplasm"],"picked":"Tiny House"}],"items_purged_floors":[],"is_endless":false,"potions_floor_spawned":[2,6,12,18,23,24],"killed_by":"Gremlin Leader","ascension_level":0}}