{"host":"2fgwwnzqc97k7iys","time":1610652790,"event":{"mods":["BaseMod","Colored Map","Minty Spire (QoL Compilation)","Quick Restart","Relic Stats"],"gold_per_floor":[109,119,138,153,153,153,27,27,27,57,27,43,43,73,73,73,73],"floor_reached":16,"language":"ENG","playtime":9512,"items_purged":["Strike_R"],"score":160,"play_id":"f9b98df6-6f76-45f3-87b2-853500daf7d4","local_time":"20210114133310","is_ascension_mode":true,"campfire_choices":[{"data":"Cleave","floor":6,"key":"SMITH"},{"data":"Bash","floor":8,"key":"SMITH"},{"floor":13,"key":"REST"},{"data":"Dropkick","floor":15,"key":"SMITH"}],"circlet_count":0,"master_deck":["Strike_R","Strike_R","Strike_R","Defend_R+1","Defend_R","Defend_R","Defend_R","Bash+1","Headbutt+1","Dropkick+1","Cleave+1"],"relics":["Burning Blood","Bottled Flame","Akabeko","Happy Flower"],"acts_visited":["Exordium"],"potions_floor_usage":[10,10,10],"damage_taken":[{"damage":14,"enemies":"Jaw Worm","floor":1,"turns":5},{"damage":7,"enemies":"Small Slimes","floor":2,"turns":3},{"damage":12,"enemies":"2 Louse","floor":3,"turns":3},{"damage":38,"enemies":"Exordium Thugs","floor":4,"turns":5},{"damage":2,"enemies":"Lagavulin","floor":10,"turns":3},{"damage":8,"enemies":"Blue Slaver","floor":12,"turns":2},{"damage":16,"enemies":"Gremlin Nob","floor":14,"turns":3},{"damage":26,"enemies":"Hexaghost","floor":16,"turns":7}],"seed_played":"-5719807581516518686","potions_obtained":[{"floor":1,"key":"Energy Potion"},{"floor":4,"key":"Energy Potion"},{"floor":14,"key":"Energy Potion"}],"is_trial":false,"path_per_floor":["M","M","M","M","?","R","$","R","T","E","?","M","R","E","R","B"],"character_chosen":"IRONCLAD","items_purchased":["Fire Potion"],"campfire_rested":1,"item_purchase_floors":[7],"current_hp_per_floor":[64,63,57,25,9,9,9,9,9,13,13,11,35,25,25,0,0],"gold":73,"neow_bonus":"REMOVE_CARD","is_daily":false,"chose_seed":false,"campfire_upgraded":3,"win_rate":0.0,"timestamp":1610652790,"path_taken":["M","M","M","M","?","R","$","R","T","E","?","M","R","E","R","BOSS"],"items_purchased_type":["Potion"],"build_version":"2020-12-22","purchased_purges":1,"victory":false,"max_hp_per_floor":[80,80,80,80,80,80,80,80,80,80,80,80,80,80,80,80,80],"relic_stats":{"Happy Flower":[2],"counters":[8,31],"obtain_stats":[{"Bottled Flame":9,"Happy Flower":14,"Burning Blood":0,"Akabeko":10},{"Bottled Flame":4,"Happy Flower":7,"Burning Blood":0,"Akabeko":5},{"Bottled Flame":16,"Happy Flower":24,"Burning Blood":0,"Akabeko":19}],"Burning Blood":42},"card_choices":[{"not_picked":["Rupture","Body Slam"],"picked":"Headbutt","floor":1},{"not_picked":["Iron Wave","Clothesline"],"picked":"Dropkick","floor":2},{"not_picked":["Havoc","Thunderclap"],"picked":"Cleave","floor":3},{"not_picked":["Warcry","Heavy Blade","Clash"],"picked":"SKIP","floor":4},{"not_picked":["Blood for Blood","Combust","Clothesline"],"picked":"SKIP","floor":10},{"not_picked":["Clash","Berserk","Twin Strike"],"picked":"SKIP","floor":12},{"not_picked":["Wild Strike","Rupture","Pummel"],"picked":"SKIP","floor":14}],"player_experience":468621,"relics_obtained":[{"floor":9,"key":"Bottled Flame"},{"floor":10,"key":"Akabeko"},{"floor":14,"key":"Happy Flower"}],"event_choices":[{"damage_healed":0,"gold_gain":0,"player_choice":"Entered Light","damage_taken":16,"max_hp_gain":0,"max_hp_loss":0,"event_name":"Shining Light","floor":5,"gold_loss":0,"cards_upgraded":["Defend_R","Headbutt"]},{"damage_healed":0,"gold_gain":0,"player_choice":"Left Gold","damage_taken":0,"max_hp_gain":0,"max_hp_loss":0,"event_name":"World of Goop","floor":11,"gold_loss":30}],"is_beta":false,"boss_relics":[],"items_purged_floors":[7],"is_endless":false,"potions_floor_spawned":[1,4,14],"killed_by":"Hexaghost","ascension_level":9}}