{"host":"56d873i5r3uhle0q","time":1610605252,"event":{"mods":["100% Spire Juice","Act Like it!","BaseMod","Block Reminder","Conspire","Gensokyo","Hermit","Marisa????????","Minty Spire (QoL Compilation)","Replay The Spire","StSLib","The Animator","The Bug Knight","The Cursed","The Jungle","The Marked","The Servant 0.9.4","everything is the same but u backflip on backflip"],"gold_per_floor":[109,124,124,54,54,83,83,83,162,162,162,176,176,94,94,197,197,216,429,442,442,442],"floor_reached":21,"language":"ENG","playtime":1341,"items_purged":[],"score":202,"play_id":"54bf247e-90f3-4fd5-98fd-ba9902f44334","local_time":"20210113232052","is_ascension_mode":false,"campfire_choices":[{"data":"hermit:TakeAim","floor":8.0,"key":"SMITH"},{"data":"hermit:ShadowCloak","floor":11,"key":"SMITH"},{"data":"hermit:Snapshot","floor":13,"key":"SMITH"},{"floor":15,"key":"DIG"}],"circlet_count":0,"master_deck":["hermit:Strike_Hermit","hermit:Strike_Hermit","hermit:Strike_Hermit","hermit:Strike_Hermit","hermit:Defend_Hermit","hermit:Defend_Hermit","hermit:Defend_Hermit","hermit:Defend_Hermit","hermit:Snapshot+1","hermit:Covet","hermit:TakeAim+1","hermit:ShadowCloak+1","hermit:RoundhouseKick","hermit:FatalDesire","hermit:Deadeye","hermit:ShadowCloak","hermit:FromBeyond"],"relics":["hermit:Momento","NeowsBlessing","hermit:RedScarf","Mango","conspire:DeflatedDodgeball","HollowMod:PaleOreRelic","Dead Branch"],"acts_visited":["Gensokyo:Gensokyo","Gensokyo:Gensokyoer"],"potions_floor_usage":[21],"damage_taken":[{"damage":0.0,"enemies":"Gensokyo:Gryphon","floor":1.0,"turns":1.0},{"damage":0.0,"enemies":"Gensokyo:Python","floor":2.0,"turns":1.0},{"damage":0.0,"enemies":"Gensokyo:Cirno","floor":6.0,"turns":2.0},{"damage":7,"enemies":"Gensokyo:3_Fairies","floor":12,"turns":4},{"damage":55,"enemies":"Gensokyo:Yukari","floor":16,"turns":15},{"damage":29,"enemies":"Gensokyo:CosmicMonolith","floor":18,"turns":8},{"damage":29,"enemies":"Gensokyo:2_Gloops","floor":19,"turns":7},{"damage":26,"enemies":"Gensokyo:Wraith","floor":20,"turns":6},{"damage":11,"enemies":"Gensokyo:Chomper_and_Gloop","floor":21,"turns":3}],"seed_played":"3883413021832634736","potions_obtained":[{"floor":1.0,"key":"SmokeBomb"},{"floor":12,"key":"PowerPotion"},{"floor":20,"key":"BlessingOfTheForge"}],"is_trial":false,"path_per_floor":["M","M","?","$","?","E","?","R","T","?","R","M","R","COS","R","B",null,"M","M","M","M"],"character_chosen":"HERMIT","items_purchased":["hermit:ShadowCloak"],"campfire_rested":0,"item_purchase_floors":[4],"current_hp_per_floor":[75,75,75,75,75,75,68,68,68,89,89,82,82,82,82,27,89,60,31,5,0,0],"gold":442,"neow_bonus":"THREE_ENEMY_KILL","is_daily":false,"chose_seed":false,"campfire_upgraded":3,"win_rate":0.0,"timestamp":1610605252,"path_taken":["M","M","?","$","?","E","?","R","T","?","R","?","R","COS","R","BOSS","M","M","M","M"],"items_purchased_type":["Card"],"build_version":"2020-12-22","purchased_purges":0,"victory":false,"max_hp_per_floor":[75,75,75,75,75,75,89,89,89,89,89,89,89,89,89,89,89,89,89,89,89,89],"card_choices":[{"not_picked":["hermit:Coalescence","hermit:Glare"],"picked":"hermit:TakeAim","floor":1.0},{"not_picked":["hermit:ItchyTrigger","hermit:TrackingShot","hermit:Showdown"],"picked":"SKIP","floor":2.0},{"not_picked":["hermit:Headshot","hermit:FullyLoaded"],"picked":"hermit:RoundhouseKick","floor":6.0},{"not_picked":["hermit:NoHoldsBarred","hermit:Ricochet","hermit:Vantage"],"picked":"SKIP","floor":12},{"not_picked":["hermit:FromBeyond","hermit:Magnum"],"picked":"hermit:FatalDesire","floor":16},{"not_picked":["hermit:LowProfile","hermit:Glare"],"picked":"hermit:Deadeye","floor":18},{"not_picked":["hermit:Desperado","hermit:HighCaliber"],"picked":"hermit:ShadowCloak","floor":19},{"not_picked":["hermit:LoneWolf","hermit:GhostlyPresence"],"picked":"hermit:FromBeyond","floor":20}],"player_experience":521373,"relics_obtained":[{"floor":6.0,"key":"hermit:RedScarf"},{"floor":9.0,"key":"conspire:DeflatedDodgeball"},{"floor":15,"key":"HollowMod:PaleOreRelic"}],"event_choices":[],"is_beta":false,"boss_relics":[{"not_picked":["Ectoplasm","Snecko Eye","conspire:SlowCooker"]}],"items_purged_floors":[],"is_endless":false,"potions_floor_spawned":[1,12,20],"killed_by":"Gensokyo:Chomper_and_Gloop","ascension_level":0}}