{"host":"ibonnlq6s1c814xj","time":1610605822,"event":{"mods":["BaseMod","BetterRewards","Good Game Mod","Minty Spire (QoL Compilation)","Shop Mod","【功能Mod】聪明的最终Boss"],"gold_per_floor":[10,10,37,53,228,228,261,261,261,273,293,258,288,139,139,235,235,225,150,150,169,69,94,94,114,139,150,150,150],"floor_reached":28,"language":"ZHS","playtime":1259,"items_purged":["Strike_G","Defend_G"],"score":258,"play_id":"552bcbf0-7d6b-457d-8b30-e101d15256dc","local_time":"20210114143022","is_ascension_mode":true,"campfire_choices":[{"data":"Doubt","floor":6,"key":"PURGE"},{"data":"Strike_G","floor":8,"key":"PURGE"},{"floor":15,"key":"REST"}],"circlet_count":0,"master_deck":["Defend_G","Defend_G","Survivor","Neutralize","Machine Learning","Flying Knee","Blade Dance","Well Laid Plans","Deflect","Cloak And Dagger","Infinite Blades","Adrenaline","Finisher","Blade Dance"],"relics":["Ring of the Snake","REME:ComplimentaryCards","Peace Pipe","Happy Flower","Boot","Tough Bandages","Girya","Empty Cage","Incense Burner","Nunchaku"],"acts_visited":["Exordium","TheCity"],"potions_floor_usage":[13,16],"damage_taken":[{"damage":1,"enemies":"2 Louse","floor":1,"turns":4},{"damage":0,"enemies":"Jaw Worm","floor":4,"turns":4},{"damage":34,"enemies":"3 Sentries","floor":7,"turns":8},{"damage":12,"enemies":"Small Slimes","floor":10,"turns":3},{"damage":8,"enemies":"3 Louse","floor":11,"turns":4},{"damage":7,"enemies":"Lagavulin","floor":13,"turns":6},{"damage":15,"enemies":"Hexaghost","floor":16,"turns":13},{"damage":6,"enemies":"2 Thieves","floor":18,"turns":4},{"damage":13,"enemies":"3 Byrds","floor":21,"turns":4},{"damage":27,"enemies":"Book of Stabbing","floor":23,"turns":7},{"damage":5,"enemies":"Snake Plant","floor":25,"turns":5},{"damage":5,"enemies":"Sentry and Sphere","floor":27,"turns":4},{"damage":19,"enemies":"Centurion and Healer","floor":28,"turns":2}],"seed_played":"570794854198819136","potions_obtained":[{"floor":1,"key":"Dexterity Potion"},{"floor":10,"key":"GhostInAJar"},{"floor":11,"key":"AttackPotion"},{"floor":16,"key":"Dexterity Potion"},{"floor":18,"key":"BlessingOfTheForge"}],"is_trial":false,"path_per_floor":["M","?","T","M","?","R","E","R","T","M","M","?","E","$","R","B",null,"M","?","?","M","$","E","?","M","T","M","M"],"character_chosen":"THE_SILENT","items_purchased":["Infinite Blades"],"campfire_rested":1,"item_purchase_floors":[14],"current_hp_per_floor":[69,69,69,69,69,69,35,35,35,23,15,32,25,25,46,31,70,64,64,64,51,51,24,24,19,19,14,0,0],"gold":150,"neow_bonus":"ONE_RARE_RELIC","is_daily":false,"chose_seed":false,"campfire_upgraded":0,"win_rate":0.0,"timestamp":1610605822,"path_taken":["M","?","?","M","?","R","E","R","T","M","M","?","E","$","R","BOSS","M","?","?","?","$","E","?","M","T","M","M"],"items_purchased_type":["Card"],"build_version":"2020-12-22","purchased_purges":2,"victory":false,"max_hp_per_floor":[70,70,70,70,70,70,70,70,70,70,70,70,70,70,70,70,70,70,70,70,70,70,70,70,70,70,70,70,70],"card_choices":[{"not_picked":["Outmaneuver","Dagger Throw","Flying Knee"],"picked":"SKIP","floor":1},{"not_picked":["Unload","Choke"],"picked":"Blade Dance","floor":4},{"not_picked":["Underhanded Strike","Terror"],"picked":"Well Laid Plans","floor":7},{"not_picked":["Dagger Spray","Quick Slash"],"picked":"Deflect","floor":10},{"not_picked":["Quick Slash","PiercingWail"],"picked":"Cloak And Dagger","floor":11},{"not_picked":["Dodge and Roll","Heel Hook","Dagger Spray"],"picked":"SKIP","floor":13},{"not_picked":["Tools of the Trade","Malaise"],"picked":"Adrenaline","floor":16},{"not_picked":["PiercingWail","Backflip","Flying Knee"],"picked":"SKIP","floor":18},{"not_picked":["Backflip+1","Cloak And Dagger+1"],"picked":"Finisher","floor":21},{"not_picked":["Wraith Form v2","Slice+1","Dodge and Roll"],"picked":"SKIP","floor":23},{"not_picked":["Prepared","Dagger Spray"],"picked":"Blade Dance","floor":25},{"not_picked":["Choke","Outmaneuver+1","Blade Dance"],"picked":"SKIP","floor":27}],"player_experience":195790,"relics_obtained":[{"floor":3,"key":"Happy Flower"},{"floor":7,"key":"Boot"},{"floor":9,"key":"Tough Bandages"},{"floor":13,"key":"Girya"},{"floor":23,"key":"Incense Burner"},{"floor":26,"key":"Nunchaku"}],"event_choices":[{"damage_healed":0,"gold_gain":0,"cards_transformed":["Strike_G"],"player_choice":"Change","damage_taken":0,"max_hp_gain":0,"max_hp_loss":0,"event_name":"Living Wall","floor":2,"gold_loss":0,"cards_obtained":["Flying Knee"]},{"damage_healed":0,"gold_gain":175,"player_choice":"AGREE","damage_taken":0,"max_hp_gain":0,"max_hp_loss":0,"event_name":"Liars Game","floor":5,"gold_loss":0,"cards_obtained":["Doubt"]},{"damage_healed":17,"gold_gain":0,"player_choice":"Healed","damage_taken":0,"max_hp_gain":0,"max_hp_loss":0,"event_name":"The Cleric","floor":12,"gold_loss":35},{"cards_removed":["Defend_G"],"damage_healed":0,"gold_gain":0,"player_choice":"Gave Gold","damage_taken":0,"max_hp_gain":0,"max_hp_loss":0,"event_name":"Beggar","floor":19,"gold_loss":75},{"cards_removed":["Defend_G"],"damage_healed":0,"gold_gain":0,"player_choice":"Purged","damage_taken":0,"max_hp_gain":0,"max_hp_loss":0,"event_name":"Purifier","floor":20,"gold_loss":0},{"damage_healed":0,"gold_gain":0,"player_choice":"Ignored","damage_taken":0,"max_hp_gain":0,"max_hp_loss":0,"event_name":"Vampires","floor":24,"gold_loss":0}],"is_beta":false,"boss_relics":[{"not_picked":["HoveringKite","Snecko Eye"],"picked":"Empty Cage"}],"items_purged_floors":[14,22],"is_endless":false,"potions_floor_spawned":[1,10,11,16,18],"killed_by":"Centurion and Healer","ascension_level":1}}