{"host":"umc2kcp6syiz6ck1","time":1610598007,"event":{"mods":["Act Like it!","BaseMod","Colored Map","Colored Powertips","Friendly Minions","Gensokyo","Hallownest","Koishi","Marisa????????","Minty Spire (QoL Compilation)","Prisma Mod","Quick Restart","StSLib","Td1madao Mod","The Administrix","The Bug Knight"],"gold_per_floor":[109,109,121,121,139,172,172,172,199,214,227,12,27,27,27,129,129,146,146,146,146,146],"floor_reached":21,"language":"ENG","playtime":1417,"items_purged":[],"score":204,"play_id":"ed5093b0-0af2-4ef1-a7b0-d85d4ce52561","local_time":"20210113222007","is_ascension_mode":false,"campfire_choices":[{"data":"Koishi:HauntingSlash","floor":8,"key":"SMITH"},{"floor":15,"key":"REST"}],"circlet_count":0,"master_deck":["Koishi:BasicStrike","Koishi:BasicStrike","Koishi:BasicStrike","Koishi:BasicDefend","Koishi:BasicDefend","Koishi:BasicDefend","Koishi:BasicDefend","Koishi:Provoke","Koishi:HauntingSlash+1","Koishi:UnconsciousUrges","Koishi:ParalyzingFear","Koishi:ParalyzingFear","Koishi:GeneticsOfTheUnconscious","Koishi:ParalyzingFear","Koishi:DanmakuParanoia","Koishi:HeartStoppingHorror","Koishi:Catatonia","Koishi:PredatoryInstincts","Koishi:TerrifyingSpectre","Koishi:DreadfulBlow"],"relics":["Koishi:ImaginaryFriend","NeowsBlessing","Pen Nib","Mango","SacredBark","Toxic Egg 2"],"acts_visited":["Exordium","Gensokyo:Gensokyo"],"potions_floor_usage":[6,16,16],"damage_taken":[{"damage":0,"enemies":"Gensokyo:Python","floor":1,"turns":1},{"damage":0,"enemies":"Gensokyo:2_Kodama","floor":3,"turns":1},{"damage":0,"enemies":"Gensokyo:Gryphon","floor":5,"turns":1},{"damage":18,"enemies":"Gensokyo:Aya","floor":6,"turns":7},{"damage":11,"enemies":"Gensokyo:CorruptedTreant","floor":10,"turns":5},{"damage":0,"enemies":"Gensokyo:VengefulSpirit","floor":11,"turns":4},{"damage":11,"enemies":"Gensokyo:Python_and_Kodama","floor":13,"turns":5},{"damage":50,"enemies":"Gensokyo:Yukari","floor":16,"turns":9},{"damage":34,"enemies":"Gensokyo:AngelMirror","floor":18,"turns":7},{"damage":46,"enemies":"Gensokyo:3_Dogs","floor":21,"turns":3}],"seed_played":"-4791661747976495388","potions_obtained":[{"floor":3,"key":"Strength Potion"},{"floor":5,"key":"PowerPotion"},{"floor":6,"key":"FearPotion"},{"floor":11,"key":"SpeedPotion"},{"floor":18,"key":"SteroidPotion"}],"is_trial":false,"path_per_floor":["M","?","M","?","M","E","?","R","T","M","M","$","M","?","R","B",null,"M","?","T","M"],"character_chosen":"KOISHI","items_purchased":["Koishi:HeartStoppingHorror","Koishi:Catatonia"],"campfire_rested":1,"item_purchase_floors":[12,12],"current_hp_per_floor":[60,60,60,60,60,44,50,50,50,43,45,45,36,29,53,13,80,46,46,46,0,0],"gold":146,"neow_bonus":"THREE_ENEMY_KILL","is_daily":false,"chose_seed":false,"campfire_upgraded":1,"win_rate":0.0,"timestamp":1610598007,"path_taken":["M","?","?","?","M","E","?","R","T","?","M","$","M","?","R","BOSS","M","?","?","M"],"items_purchased_type":["Card","Card"],"build_version":"2020-12-22","purchased_purges":0,"victory":false,"max_hp_per_floor":[60,60,60,60,60,60,66,66,66,66,66,66,66,80,80,80,80,80,80,80,80,80],"card_choices":[{"not_picked":["Koishi:FleetingPhantom","Koishi:EmbryosDream"],"picked":"Koishi:UnconsciousUrges","floor":1},{"not_picked":["Koishi:Catatonia","Koishi:BloodcurdlingScream"],"picked":"Koishi:ParalyzingFear","floor":3},{"not_picked":["Koishi:ConfinedInnocent","Koishi:ReflexRadar"],"picked":"Koishi:ParalyzingFear","floor":5},{"not_picked":["Koishi:PhilosophyOfTheDespised","Koishi:SpiritedAway"],"picked":"Koishi:GeneticsOfTheUnconscious","floor":6},{"not_picked":["Koishi:Jaunt","Koishi:GhostParty"],"picked":"Koishi:ParalyzingFear","floor":10},{"not_picked":["Koishi:SpiritedAway","Koishi:GhostParty"],"picked":"Koishi:DanmakuParanoia","floor":11},{"not_picked":["Koishi:ReflexRadar","Koishi:TremblingHands"],"picked":"Koishi:PredatoryInstincts","floor":13},{"not_picked":["Koishi:RoseHell","Koishi:GrowingPain"],"picked":"Koishi:TerrifyingSpectre","floor":16},{"not_picked":["Koishi:UnconsciousUprising+1","Koishi:StingingMind+1"],"picked":"Koishi:DreadfulBlow","floor":18}],"player_experience":58582,"relics_obtained":[{"floor":6,"key":"Pen Nib"},{"floor":20,"key":"Toxic Egg 2"}],"event_choices":[],"is_beta":false,"boss_relics":[{"not_picked":["Snecko Eye","Fusion Hammer"],"picked":"SacredBark"}],"items_purged_floors":[],"is_endless":false,"potions_floor_spawned":[3,5,6,11,18],"killed_by":"Gensokyo:3_Dogs","ascension_level":0}}