{"host":"fq1bpa5mgr3rtgnr","time":1610601188,"event":{"mods":["AchievementEnabler","BaseMod","Colored Map","Colored Powertips","Highlight Path","Minty Spire (QoL Compilation)","Relic Stats","StSLib","The Bug Knight"],"gold_per_floor":[413,413,363,363,379,379,73,73,152,152,214,230,230,248,248,348,348,368,368,402,402,414,414,429,429,456,228,228,238,238,269,269,370,370,389,389,401,417,429,429,445,445,445,355,372,399,327,338,338,338,338,338,37,63,63,63],"floor_reached":55,"language":"ENG","playtime":5085,"items_purged":["HollowMod:QuickDashStart"],"score":730,"play_id":"94e25f8d-5d4f-4ee6-813f-9ccb419d52ee","local_time":"20210114001308","is_ascension_mode":false,"campfire_choices":[{"data":"HollowMod:MantisMark","floor":6.0,"key":"SMITH"},{"data":"HollowMod:PogoStrike","floor":8.0,"key":"SMITH"},{"data":"HollowMod:CrystalDash","floor":10.0,"key":"SMITH"},{"data":"HollowMod:CornifersMapStart","floor":15.0,"key":"SMITH"},{"data":"HollowMod:MawleksShell","floor":23.0,"key":"SMITH"},{"data":"HollowMod:GreatSlash","floor":28.0,"key":"SMITH"},{"data":"HollowMod:GrimmsGift","floor":30,"key":"SMITH"},{"data":"HollowMod:CloakDash","floor":32,"key":"SMITH"},{"data":"HollowMod:Weaversong","floor":40,"key":"SMITH"},{"data":"HollowMod:RecoilStrike","floor":42,"key":"SMITH"},{"floor":49,"key":"RECALL"},{"data":"HollowMod:Weaversong","floor":52,"key":"SMITH"}],"circlet_count":0,"master_deck":["HollowMod:NailStrikeStart+1","HollowMod:NailStrikeStart+1","HollowMod:NailStrikeStart+1","HollowMod:QuickDashStart+1","HollowMod:QuickDashStart+1","HollowMod:FocusHealStart+1","HollowMod:PogoStrike+1","HollowMod:CrystalDash+1","HollowMod:MantisMark+1","HollowMod:ZotesMagnificence+1","HollowMod:CornifersMapStart+1","HollowMod:CornifersMapStart+1","HollowMod:CloakDash+1","HollowMod:Weaversong+1","HollowMod:MonarchWings+1","HollowMod:GreatSlash+1","HollowMod:MawleksShell+1","HollowMod:MonarchWings","HollowMod:GrimmsGift+1","HollowMod:Weaversong+1","HollowMod:RecoilStrike+1","HollowMod:DoubleDash+1","HollowMod:Weaversong","HollowMod:CrystalDash","HollowMod:MantisMark","HollowMod:HornetsHelp+1","HollowMod:HuntersJournal+1"],"relics":["HollowMod:VesselMask","Old Coin","Pen Nib","Shuriken","MealTicket","Coffee Dripper","Red Mask","MutagenicStrength","Smiling Mask","Strange Spoon","Bottled Lightning","Philosopher\u0027s Stone","Omamori","HornCleat","Membership Card","Strawberry","Whetstone"],"acts_visited":["Exordium","TheCity","TheBeyond","TheEnding"],"potions_floor_usage":[38,54,55,55,55],"damage_taken":[{"damage":0.0,"enemies":"Small Slimes","floor":1.0,"turns":4.0},{"damage":0.0,"enemies":"Jaw Worm","floor":5.0,"turns":4.0},{"damage":3.0,"enemies":"Gremlin Nob","floor":11.0,"turns":3.0},{"damage":0.0,"enemies":"2 Louse","floor":12.0,"turns":2.0},{"damage":11.0,"enemies":"Large Slime","floor":14.0,"turns":3.0},{"damage":11.0,"enemies":"HollowMod:FalseKnight","floor":16.0,"turns":9.0},{"damage":0.0,"enemies":"Chosen","floor":18.0,"turns":3.0},{"damage":18.0,"enemies":"Masked Bandits","floor":20.0,"turns":4.0},{"damage":5.0,"enemies":"2 Thieves","floor":22.0,"turns":3.0},{"damage":0.0,"enemies":"3 Cultists","floor":24.0,"turns":4.0},{"damage":6,"enemies":"Cultist and Chosen","floor":29,"turns":3},{"damage":11,"enemies":"HollowMod:Nosk","floor":31,"turns":6},{"damage":26,"enemies":"Automaton","floor":33,"turns":9},{"damage":0,"enemies":"3 Darklings","floor":35,"turns":2},{"damage":0,"enemies":"Orb Walker","floor":37,"turns":2},{"damage":14,"enemies":"Maw","floor":38,"turns":6},{"damage":5,"enemies":"3 Darklings","floor":39,"turns":4},{"damage":12,"enemies":"Transient","floor":41,"turns":5},{"damage":5,"enemies":"Sphere and 2 Shapes","floor":45,"turns":3},{"damage":28,"enemies":"Nemesis","floor":46,"turns":5},{"damage":10,"enemies":"Writhing Mass","floor":48,"turns":4},{"damage":27,"enemies":"Time Eater","floor":50,"turns":9},{"damage":35,"enemies":"Shield and Spear","floor":54,"turns":6},{"damage":90,"enemies":"The Heart","floor":55,"turns":6}],"seed_played":"-7422950684454680976","potions_obtained":[{"floor":1.0,"key":"GamblersBrew"},{"floor":5.0,"key":"Regen Potion"},{"floor":14.0,"key":"Strength Potion"},{"floor":22.0,"key":"FairyPotion"},{"floor":24.0,"key":"PowerPotion"},{"floor":37,"key":"Fruit Juice"},{"floor":38,"key":"Swift Potion"},{"floor":54,"key":"GamblersBrew"}],"is_trial":false,"path_per_floor":["M","?","?","?","M","R","$","R","T","R","?","M","?","M","R","B",null,"M","?","?","?","M","R","M","T","T","$","R","M","R","E","R","B",null,"M","?","M","M","M","R","M","R","T","?","M","E","$","M","R","B",null,"R","$","E","B"],"character_chosen":"THE_BUGKNIGHT","items_purchased":["Pen Nib","HollowMod:ZotesMagnificence","Strange Spoon","HollowMod:MonarchWings","HollowMod:CrystalDash","Membership Card","HollowMod:HornetsHelp","Strawberry"],"campfire_rested":0,"item_purchase_floors":[7,7,27,27,47,53,53,53],"current_hp_per_floor":[60,65,65,65,71,71,71,71,71,71,68,68,68,63,63,58,80,80,80,68,68,73,73,79,79,79,80,80,74,74,73,73,53,80,80,80,80,77,78,78,72,72,72,72,77,55,70,66,66,45,85,85,92,67,0,0],"gold":63,"neow_bonus":"ONE_RARE_RELIC","is_daily":false,"chose_seed":false,"campfire_upgraded":11,"win_rate":0.0,"timestamp":1610601188,"path_taken":["M","?","?","?","M","R","$","R","T","R","?","M","?","?","R","BOSS","M","?","?","?","M","R","M","?","T","$","R","M","R","E","R","BOSS","M","?","?","M","M","R","M","R","T","?","?","E","$","M","R","BOSS","R","$","E","BOSS"],"items_purchased_type":["Relic","Card","Relic","Card","Card","Relic","Card","Relic"],"build_version":"2020-12-22","purchased_purges":1,"victory":false,"max_hp_per_floor":[75,80,80,80,80,80,80,80,80,80,80,80,80,80,80,80,80,80,80,80,80,80,80,80,80,80,80,80,80,80,80,80,80,80,80,80,80,85,85,85,85,85,85,85,85,85,85,85,85,85,85,85,92,92,92,92],"relic_stats":{"Strange Spoon":[39],"counters":[24,109],"Shuriken":[27],"MealTicket":16,"Pen Nib":[18],"Whetstone":["HollowMod:ZotesMagnificence","HollowMod:HornetsHelp"],"Smiling Mask":0,"obtain_stats":[{"HollowMod:VesselMask":0,"Pen Nib":7,"Omamori":43,"Whetstone":54,"Smiling Mask":26,"Old Coin":0,"Strange Spoon":27,"HornCleat":46,"Shuriken":9,"MutagenicStrength":21,"Strawberry":53,"MealTicket":11,"Philosopher\u0027s Stone":34,"Coffee Dripper":17,"Red Mask":20,"Bottled Lightning":31,"Membership Card":53},{"HollowMod:VesselMask":0,"Pen Nib":2,"Omamori":18,"Whetstone":23,"Smiling Mask":10,"Old Coin":0,"Strange Spoon":10,"HornCleat":20,"Shuriken":2,"MutagenicStrength":8,"Strawberry":22,"MealTicket":3,"Philosopher\u0027s Stone":13,"Coffee Dripper":6,"Red Mask":8,"Bottled Lightning":12,"Membership Card":22},{"HollowMod:VesselMask":0,"Pen Nib":8,"Omamori":76,"Whetstone":103,"Smiling Mask":39,"Old Coin":0,"Strange Spoon":39,"HornCleat":84,"Shuriken":8,"MutagenicStrength":32,"Strawberry":97,"MealTicket":11,"Philosopher\u0027s Stone":57,"Coffee Dripper":25,"Red Mask":32,"Bottled Lightning":48,"Membership Card":97}]},"card_choices":[{"not_picked":["HollowMod:SoulStrike","HollowMod:HeavyBlow"],"picked":"HollowMod:CrystalDash","floor":1.0},{"not_picked":["HollowMod:SoulEater","HollowMod:LifebloodCocoon"],"picked":"HollowMod:MantisMark","floor":5.0},{"not_picked":["HollowMod:SoulStrike","HollowMod:WraithStrike"],"picked":"HollowMod:CornifersMapStart","floor":11.0},{"not_picked":["HollowMod:CloakDash","HollowMod:ShadowDash"],"picked":"HollowMod:CornifersMapStart","floor":12.0},{"not_picked":["HollowMod:BlackTendrils","HollowMod:InfectedCysts"],"picked":"HollowMod:CloakDash","floor":14.0},{"not_picked":["HollowMod:LordofShades","HollowMod:ElderbugsWisdom"],"picked":"HollowMod:Weaversong","floor":16.0},{"not_picked":["HollowMod:VengefulVoid","HollowMod:FallenFury"],"picked":"HollowMod:MonarchWings","floor":18.0},{"not_picked":["HollowMod:HowlingWraiths","HollowMod:MonarchWings"],"picked":"HollowMod:GreatSlash","floor":20.0},{"not_picked":["HollowMod:DesolateDive","HollowMod:SoulSplash"],"picked":"HollowMod:MawleksShell","floor":22.0},{"not_picked":["HollowMod:ShadowDash+1","HollowMod:MawleksShell","HollowMod:InfectedCysts+1"],"picked":"SKIP","floor":24.0},{"not_picked":["HollowMod:LifebloodCocoon","HollowMod:NewJinnsSoul"],"picked":"HollowMod:GrimmsGift","floor":29},{"not_picked":["HollowMod:HowlingWraiths","HollowMod:NewGlowingWomb","HollowMod:DescendingDark"],"picked":"SKIP","floor":31},{"not_picked":["HollowMod:MidwifesHunger","HollowMod:PureVessel"],"picked":"HollowMod:Weaversong","floor":33},{"not_picked":["HollowMod:LifebloodCocoon","HollowMod:SoulStrike","HollowMod:MawleksShell"],"picked":"SKIP","floor":35},{"not_picked":["HollowMod:GoodIntentions+1","HollowMod:ChannelNail","HollowMod:SoulVessel"],"picked":"SKIP","floor":37},{"not_picked":["HollowMod:DungDefenderAura","HollowMod:CycloneSlash+1","HollowMod:DashSlash"],"picked":"SKIP","floor":38},{"not_picked":["HollowMod:SoulEater","HollowMod:NewLittleFool"],"picked":"HollowMod:RecoilStrike","floor":39},{"not_picked":["HollowMod:CornifersMapStart","HollowMod:SiblingsSouls"],"picked":"HollowMod:DoubleDash+1","floor":41},{"not_picked":["HollowMod:ShadowDash+1","HollowMod:BlackTendrils+1","HollowMod:InfectionAssault"],"picked":"SKIP","floor":45},{"not_picked":["HollowMod:DashSlash","HollowMod:WraithStrike"],"picked":"HollowMod:Weaversong","floor":46},{"not_picked":["HollowMod:DescendingDark+1","HollowMod:TaintedHusks+1"],"picked":"HollowMod:MantisMark","floor":48},{"not_picked":["HollowMod:InfectedAttack","HollowMod:ShadowDash+1"],"picked":"HollowMod:HuntersJournal+1","floor":54}],"player_experience":398402,"relics_obtained":[{"floor":9.0,"key":"Shuriken"},{"floor":11.0,"key":"MealTicket"},{"floor":20.0,"key":"Red Mask"},{"floor":26.0,"key":"Smiling Mask"},{"floor":31,"key":"Bottled Lightning"},{"floor":43,"key":"Omamori"},{"floor":46,"key":"HornCleat"},{"floor":54,"key":"Whetstone"}],"event_choices":[{"damage_healed":0.0,"max_hp_gain":5.0,"max_hp_loss":0.0,"gold_gain":0.0,"event_name":"Big Fish","player_choice":"Donut","floor":2.0,"gold_loss":0.0,"damage_taken":0.0},{"cards_removed":["HollowMod:NailStrikeStart"],"damage_healed":0.0,"max_hp_gain":0.0,"max_hp_loss":0.0,"gold_gain":0.0,"event_name":"The Cleric","player_choice":"Card Removal","floor":3.0,"gold_loss":50.0,"damage_taken":0.0},{"damage_healed":0.0,"max_hp_gain":0.0,"max_hp_loss":0.0,"gold_gain":30.0,"event_name":"Dead Adventurer","player_choice":"Searched \u00273\u0027 times","floor":11.0,"gold_loss":0.0,"damage_taken":0.0},{"damage_healed":0.0,"max_hp_gain":0.0,"max_hp_loss":0.0,"gold_gain":0.0,"event_name":"Living Wall","player_choice":"Grow","floor":13.0,"gold_loss":0.0,"damage_taken":0.0,"cards_upgraded":["HollowMod:FocusHealStart"]},{"damage_healed":0.0,"max_hp_gain":0.0,"max_hp_loss":0.0,"gold_gain":0.0,"event_name":"Back to Basics","player_choice":"Simplicity","floor":19.0,"gold_loss":0.0,"damage_taken":0.0,"cards_upgraded":["HollowMod:NailStrikeStart","HollowMod:NailStrikeStart","HollowMod:NailStrikeStart","HollowMod:QuickDashStart","HollowMod:QuickDashStart","HollowMod:QuickDashStart"]},{"damage_healed":0.0,"max_hp_gain":0.0,"max_hp_loss":0.0,"gold_gain":0.0,"event_name":"Masked Bandits","player_choice":"Fought Bandits","floor":20.0,"gold_loss":0.0,"damage_taken":0.0},{"damage_healed":0.0,"max_hp_gain":0.0,"max_hp_loss":0.0,"gold_gain":0.0,"event_name":"Drug Dealer","player_choice":"Inject Mutagens","floor":21.0,"gold_loss":0.0,"damage_taken":0.0,"relics_obtained":["MutagenicStrength"]},{"damage_healed":0,"gold_gain":0,"player_choice":"Forge","damage_taken":0,"max_hp_gain":0,"max_hp_loss":0,"event_name":"Accursed Blacksmith","floor":36,"gold_loss":0,"cards_upgraded":["HollowMod:CornifersMapStart"]},{"cards_removed":["HollowMod:QuickDashStart"],"damage_healed":0,"gold_gain":0,"player_choice":"Upgrade and Remove","damage_taken":0,"max_hp_gain":0,"max_hp_loss":0,"event_name":"Designer","floor":44,"gold_loss":90,"cards_upgraded":["HollowMod:MonarchWings"]}],"is_beta":false,"boss_relics":[{"not_picked":["Snecko Eye","Empty Cage"],"picked":"Coffee Dripper"},{"not_picked":["Black Star","Fusion Hammer"],"picked":"Philosopher\u0027s Stone"}],"items_purged_floors":[7],"is_endless":false,"potions_floor_spawned":[1,5,14,22,24,29,37,38,46,48,54],"killed_by":"The Heart","ascension_level":0}}