{"host":"fm9e0lfunjlbhzxv","time":1610599251,"event":{"mods":["AchievementEnabler","BaseMod","Bestiary","Colored Map","Colored Powertips","Key Reminder","Minty Spire (QoL Compilation)","Permanent Neow","Rare Cards Sparkle","Relic Stats","StSLib","The IronCluck","slay the spire mod where everything is the same but ironclad has a cowboy hat"],"gold_per_floor":[113,126,126,126,145,174,189,189,271,271,271,302,317,97,97,197,197,213,229,229,244,262,262,262],"floor_reached":23,"language":"ENG","playtime":1319,"items_purged":["Strike_B"],"score":259,"play_id":"8eb9a355-36dc-447a-9128-c2f7cdeb5e3c","local_time":"20210113204051","is_ascension_mode":true,"campfire_choices":[{"floor":8,"key":"REST"},{"floor":11,"key":"REST"},{"data":"Glacier","floor":15,"key":"SMITH"}],"circlet_count":0,"master_deck":["Strike_B","Strike_B","Strike_B","Defend_B","Defend_B","Defend_B","Defend_B","Zap","Dualcast","Coolheaded","Darkness","FTL","Glacier+1","Self Repair","Coolheaded","Echo Form","Doom and Gloom","Compile Driver+1","Blizzard+1","Hologram"],"relics":["Cracked Core","StoneCalendar","keyreminder:keyreminder","Tiny Chest","Omamori","Calling Bell","Nunchaku","Ornamental Fan","Turnip"],"acts_visited":["Exordium","TheCity"],"potions_floor_usage":[10,13,18,22,23],"damage_taken":[{"damage":6,"enemies":"2 Louse","floor":1,"turns":2},{"damage":10,"enemies":"Small Slimes","floor":2,"turns":4},{"damage":1,"enemies":"Cultist","floor":5,"turns":3},{"damage":26,"enemies":"3 Sentries","floor":6,"turns":10},{"damage":6,"enemies":"Looter","floor":7,"turns":4},{"damage":2,"enemies":"Gremlin Nob","floor":10,"turns":3},{"damage":11,"enemies":"Lagavulin","floor":12,"turns":7},{"damage":8,"enemies":"Exordium Wildlife","floor":13,"turns":5},{"damage":20,"enemies":"The Guardian","floor":16,"turns":11},{"damage":34,"enemies":"3 Byrds","floor":18,"turns":7},{"damage":19,"enemies":"Chosen","floor":19,"turns":6},{"damage":24,"enemies":"Snake Plant","floor":21,"turns":6},{"damage":38,"enemies":"Shelled Parasite and Fungi","floor":22,"turns":6},{"damage":14,"enemies":"Slavers","floor":23,"turns":1}],"seed_played":"598254868078598058","potions_obtained":[{"floor":1,"key":"SmokeBomb"},{"floor":2,"key":"SpeedPotion"},{"floor":5,"key":"Explosive Potion"},{"floor":12,"key":"Fruit Juice"},{"floor":13,"key":"Energy Potion"},{"floor":18,"key":"Explosive Potion"}],"is_trial":false,"path_per_floor":["M","M","?","?","M","E","M","R","T","E","R","E","M","$","R","B",null,"M","M","?","M","M","E"],"character_chosen":"DEFECT","items_purchased":["Omamori"],"campfire_rested":2,"item_purchase_floors":[14],"current_hp_per_floor":[62,52,57,57,56,30,24,52,52,50,78,67,71,71,71,58,99,72,60,60,43,12,0,0],"gold":262,"neow_bonus":"TWENTY_PERCENT_HP_BONUS","is_daily":false,"chose_seed":false,"campfire_upgraded":1,"win_rate":0.0,"timestamp":1610599251,"path_taken":["M","M","?","?","M","E","M","R","T","E","R","E","M","$","R","BOSS","M","M","?","M","M","E"],"items_purchased_type":["Relic"],"build_version":"2020-12-22","purchased_purges":1,"victory":false,"max_hp_per_floor":[89,89,94,94,94,94,94,94,94,94,94,94,99,99,99,99,99,99,99,99,99,99,99,99],"relic_stats":{"Nunchaku":[2],"counters":[14,75],"Ornamental Fan":[8],"StoneCalendar":[52],"Tiny Chest":0,"Turnip":[6],"obtain_stats":[{"keyreminder:keyreminder":9,"Calling Bell":17,"Nunchaku":17,"Ornamental Fan":17,"StoneCalendar":6,"Tiny Chest":12,"Turnip":17,"Omamori":14,"Cracked Core":0},{"keyreminder:keyreminder":5,"Calling Bell":9,"Nunchaku":9,"Ornamental Fan":9,"StoneCalendar":4,"Tiny Chest":7,"Turnip":9,"Omamori":8,"Cracked Core":0},{"keyreminder:keyreminder":23,"Calling Bell":49,"Nunchaku":49,"Ornamental Fan":49,"StoneCalendar":19,"Tiny Chest":33,"Turnip":49,"Omamori":38,"Cracked Core":0}]},"card_choices":[{"not_picked":["Sweeping Beam","Stack","Steam Power"],"picked":"SKIP","floor":1},{"not_picked":["Stack","Streamline"],"picked":"Coolheaded","floor":2},{"not_picked":["Go for the Eyes","Turbo"],"picked":"Darkness","floor":5},{"not_picked":["Gash","Coolheaded"],"picked":"FTL","floor":6},{"not_picked":["Static Discharge","Amplify"],"picked":"Glacier","floor":7},{"not_picked":["Barrage","BootSequence"],"picked":"Self Repair","floor":12},{"not_picked":["Ball Lightning","Gash"],"picked":"Coolheaded","floor":13},{"not_picked":["Meteor Strike","Buffer"],"picked":"Echo Form","floor":16},{"not_picked":["Ball Lightning","Redo"],"picked":"Doom and Gloom","floor":18},{"not_picked":["Consume","Leap"],"picked":"Compile Driver+1","floor":19},{"not_picked":["Compile Driver","Glacier"],"picked":"Blizzard+1","floor":21},{"not_picked":["Rebound","Coolheaded+1"],"picked":"Hologram","floor":22}],"player_experience":411984,"relics_obtained":[{"floor":6,"key":"StoneCalendar"},{"floor":12,"key":"Tiny Chest"},{"floor":17,"key":"Nunchaku"},{"floor":17,"key":"Ornamental Fan"},{"floor":17,"key":"Turnip"}],"event_choices":[{"damage_healed":0,"gold_gain":0,"player_choice":"Donut","damage_taken":0,"max_hp_gain":5,"max_hp_loss":0,"event_name":"Big Fish","floor":3,"gold_loss":0},{"damage_healed":0,"gold_gain":0,"player_choice":"Ignored","damage_taken":0,"max_hp_gain":0,"max_hp_loss":0,"event_name":"Liars Game","floor":4,"gold_loss":0},{"damage_healed":0,"gold_gain":0,"player_choice":"0 cards matched","damage_taken":0,"max_hp_gain":0,"max_hp_loss":0,"event_name":"Match and Keep!","floor":20,"gold_loss":0,"cards_obtained":[]}],"is_beta":false,"boss_relics":[{"not_picked":["Philosopher\u0027s Stone","Coffee Dripper"],"picked":"Calling Bell"}],"items_purged_floors":[14],"is_endless":false,"potions_floor_spawned":[1,2,5,12,13,18,21],"killed_by":"Slavers","ascension_level":2}}