{"host":"jscggscbx0p7706o","time":1610612257,"event":{"mods":["AchievementEnabler","BaseMod","Block Reminder","Colored Powertips","Minty Spire (QoL Compilation)","Permanent Neow","Quick Restart","StSLib"],"gold_per_floor":[366,380,397,397,413,413,442,442,516,529,529,426,437,466,466,568,568,580,595,397,2,20,0,10,10,10,27,27,60,60,88,88,189,189,204,204,257,268,280,280,311,311,336,369,109,109,134,151,151,151],"floor_reached":51,"language":"ENG","playtime":2289,"items_purged":["Normality"],"score":1081,"play_id":"0ce17723-3894-4d06-9545-6e8f06e98eb3","local_time":"20210114161737","is_ascension_mode":true,"campfire_choices":[{"floor":6.0,"key":"REST"},{"floor":8.0,"key":"REST"},{"floor":15.0,"key":"REST"},{"data":"Whirlwind","floor":25.0,"key":"SMITH"},{"data":"Inflame","floor":30.0,"key":"SMITH"},{"data":"Spot Weakness","floor":32.0,"key":"SMITH"},{"data":"Uppercut","floor":40.0,"key":"SMITH"},{"data":"Corruption","floor":42.0,"key":"SMITH"},{"data":"Flex","floor":46,"key":"SMITH"},{"data":"Inflame","floor":49,"key":"SMITH"}],"circlet_count":0,"master_deck":["Strike_R","Strike_R","Strike_R","Defend_R","Defend_R","Defend_R","Defend_R","Bash","Sword Boomerang","Whirlwind+1","Pommel Strike","Spot Weakness+1","Thunderclap","Inflame+1","Flex+1","Evolve","Reaper","Uppercut+1","Sword Boomerang+1","Shrug It Off","Iron Wave+1","Clothesline+1","Parasite","Necronomicurse","Battle Trance","Spot Weakness+1","Fiend Fire+1","Flex+1","Good Instincts","Writhe","Warcry+1","Corruption+1","Sentinel+1","Sever Soul+1","Inflame+1"],"relics":["Burning Blood","Gambling Chip","Letter Opener","Regal Pillow","Blood Vial","Cursed Key","Lantern","Molten Egg 2","Juzu Bracelet","HornCleat","Necronomicon","MealTicket","Dead Branch","Philosopher\u0027s Stone","Bronze Scales","Champion Belt","PreservedInsect","Vajra","Sling","FossilizedHelix"],"acts_visited":["Exordium","TheCity","TheBeyond"],"potions_floor_usage":[50],"damage_taken":[{"damage":1.0,"enemies":"2 Louse","floor":1.0,"turns":4.0},{"damage":1.0,"enemies":"Cultist","floor":2.0,"turns":3.0},{"damage":12.0,"enemies":"Jaw Worm","floor":3.0,"turns":3.0},{"damage":34.0,"enemies":"Large Slime","floor":5.0,"turns":7.0},{"damage":40.0,"enemies":"Lagavulin","floor":7.0,"turns":5.0},{"damage":7.0,"enemies":"Lots of Slimes","floor":10.0,"turns":2.0},{"damage":11.0,"enemies":"3 Louse","floor":13.0,"turns":2.0},{"damage":15.0,"enemies":"3 Sentries","floor":14.0,"turns":4.0},{"damage":62.0,"enemies":"The Guardian","floor":16.0,"turns":9.0},{"damage":29.0,"enemies":"2 Thieves","floor":18.0,"turns":4.0},{"damage":37.0,"enemies":"Shell Parasite","floor":19.0,"turns":4.0},{"damage":15.0,"enemies":"Snecko","floor":22.0,"turns":5.0},{"damage":15.0,"enemies":"Centurion and Healer","floor":24.0,"turns":3.0},{"damage":15.0,"enemies":"Chosen and Byrds","floor":27.0,"turns":6.0},{"damage":6.0,"enemies":"Book of Stabbing","floor":29.0,"turns":3.0},{"damage":10.0,"enemies":"Slavers","floor":31.0,"turns":2.0},{"damage":33.0,"enemies":"Champ","floor":33.0,"turns":6.0},{"damage":17.0,"enemies":"3 Shapes","floor":35.0,"turns":2.0},{"damage":12.0,"enemies":"Orb Walker","floor":38.0,"turns":2.0},{"damage":0.0,"enemies":"Sphere and 2 Shapes","floor":39.0,"turns":3.0},{"damage":0.0,"enemies":"Giant Head","floor":41.0,"turns":5.0},{"damage":12,"enemies":"Reptomancer","floor":44,"turns":2},{"damage":0,"enemies":"Nemesis","floor":47,"turns":3},{"damage":0,"enemies":"Jaw Worm Horde","floor":48,"turns":3},{"damage":6,"enemies":"Awakened One","floor":50,"turns":4}],"seed_played":"-601545569792725870","potions_obtained":[{"floor":2.0,"key":"ColorlessPotion"},{"floor":5.0,"key":"PowerPotion"},{"floor":13.0,"key":"CultistPotion"},{"floor":22.0,"key":"BloodPotion"},{"floor":29.0,"key":"SteroidPotion"},{"floor":41.0,"key":"HeartOfIron"},{"floor":48,"key":"SteroidPotion"}],"is_trial":false,"path_per_floor":["M","M","M","?","M","R","E","R","T","M","?","?","M","E","R","B",null,"M","M","$","$","M","?","M","R","T","M","?","E","R","E","R","B",null,"M","?","T","M","M","R","E","R","T","E","$","R","E","M","R","B",null],"character_chosen":"IRONCLAD","items_purchased":["Lantern","Shrug It Off","Molten Egg 2","Juzu Bracelet","Sever Soul+1","Sling"],"campfire_rested":3,"item_purchase_floors":[20,20,21,21,45,45],"current_hp_per_floor":[61,66,60,60,32,56,22,46,46,45,38,38,33,24,63,9,62,53,37,37,37,36,36,49,49,49,51,35,53,53,51,51,58,75,76,76,76,72,80,80,80,80,80,74,80,80,80,80,80,80],"gold":151,"neow_bonus":"TWO_FIFTY_GOLD","is_daily":false,"chose_seed":false,"campfire_upgraded":7,"win_rate":0.0,"timestamp":1610612257,"path_taken":["M","M","M","?","M","R","E","R","T","?","?","?","M","E","R","BOSS","M","M","?","$","M","?","M","R","T","M","?","E","R","E","R","BOSS","M","?","?","M","M","R","E","R","T","E","$","R","E","M","R","BOSS"],"items_purchased_type":["Relic","Card","Relic","Relic","Card","Relic"],"build_version":"2020-12-22","purchased_purges":1,"victory":true,"max_hp_per_floor":[80,80,80,80,80,80,80,80,80,80,80,80,80,80,80,80,80,80,80,80,80,80,80,80,80,80,80,80,80,80,80,80,80,80,80,80,80,80,80,80,80,80,80,80,80,80,80,80,80,80],"card_choices":[{"not_picked":["Anger","Body Slam"],"picked":"Sword Boomerang","floor":1.0},{"not_picked":["Armaments","Impervious"],"picked":"Whirlwind","floor":2.0},{"not_picked":["Sword Boomerang","Metallicize"],"picked":"Pommel Strike","floor":3.0},{"not_picked":["Perfected Strike","Pommel Strike"],"picked":"Spot Weakness","floor":5.0},{"not_picked":["Wild Strike","Pommel Strike"],"picked":"Thunderclap","floor":7.0},{"not_picked":["Anger","Headbutt"],"picked":"Inflame","floor":10.0},{"not_picked":["Heavy Blade","Berserk"],"picked":"Flex","floor":13.0},{"not_picked":["Perfected Strike","Anger"],"picked":"Evolve","floor":14.0},{"not_picked":["Fiend Fire","Berserk"],"picked":"Reaper","floor":16.0},{"not_picked":["Power Through+1","Thunderclap+1"],"picked":"Uppercut","floor":18.0},{"not_picked":["Combust","Seeing Red+1"],"picked":"Sword Boomerang+1","floor":19.0},{"not_picked":["Sword Boomerang+1","True Grit"],"picked":"Iron Wave+1","floor":22.0},{"not_picked":["Intimidate","Burning Pact"],"picked":"Clothesline+1","floor":24.0},{"not_picked":["Infernal Blade+1","Bloodletting","Flame Barrier"],"picked":"SKIP","floor":27.0},{"not_picked":["Feel No Pain","Intimidate"],"picked":"Battle Trance","floor":29.0},{"not_picked":["Havoc","Combust+1"],"picked":"Spot Weakness+1","floor":31.0},{"not_picked":["Double Tap","Juggernaut"],"picked":"Fiend Fire+1","floor":33.0},{"not_picked":["Body Slam+1","Combust+1"],"picked":"Flex+1","floor":35.0},{"not_picked":["Discovery","Magnetism"],"picked":"Good Instincts","floor":36.0},{"not_picked":["Heavy Blade+1","Combust+1"],"picked":"Warcry+1","floor":38.0},{"not_picked":["Flex","Pummel+1","Wild Strike+1"],"picked":"SKIP","floor":39.0},{"not_picked":["Headbutt+1","Shockwave"],"picked":"Corruption","floor":41.0},{"not_picked":["Pommel Strike+1","Seeing Red+1"],"picked":"Sentinel+1","floor":44},{"not_picked":["Clothesline+1","Flex+1"],"picked":"Inflame","floor":47},{"not_picked":["Disarm","Second Wind+1","Sword Boomerang+1"],"picked":"SKIP","floor":48}],"player_experience":247535,"relics_obtained":[{"floor":7.0,"key":"Gambling Chip"},{"floor":9.0,"key":"Letter Opener"},{"floor":14.0,"key":"Blood Vial"},{"floor":26.0,"key":"HornCleat"},{"floor":28.0,"key":"Necronomicon"},{"floor":29.0,"key":"MealTicket"},{"floor":31.0,"key":"Dead Branch"},{"floor":37.0,"key":"Bronze Scales"},{"floor":41.0,"key":"Champion Belt"},{"floor":43.0,"key":"PreservedInsect"},{"floor":44,"key":"Vajra"},{"floor":47,"key":"FossilizedHelix"}],"event_choices":[{"cards_removed":["Strike_R"],"damage_healed":0.0,"max_hp_gain":0.0,"max_hp_loss":0.0,"gold_gain":0.0,"event_name":"Bonfire Elementals","player_choice":"Offered Basic","floor":4.0,"gold_loss":0.0,"damage_taken":0.0},{"cards_removed":["Strike_R"],"damage_healed":0.0,"max_hp_gain":0.0,"max_hp_loss":0.0,"gold_gain":0.0,"event_name":"Golden Wing","player_choice":"Card Removal","floor":11.0,"gold_loss":0.0,"damage_taken":7.0},{"damage_healed":0.0,"max_hp_gain":0.0,"max_hp_loss":0.0,"gold_gain":0.0,"event_name":"WeMeetAgain","player_choice":"Paid Gold","floor":12.0,"gold_loss":103.0,"damage_taken":0.0,"relics_obtained":["Regal Pillow"]},{"damage_healed":0.0,"max_hp_gain":0.0,"max_hp_loss":0.0,"gold_gain":0.0,"event_name":"Masked Bandits","player_choice":"Paid Fearfully","floor":23.0,"gold_loss":20.0,"damage_taken":0.0},{"damage_healed":0.0,"max_hp_gain":0.0,"max_hp_loss":0.0,"gold_gain":0.0,"event_name":"Cursed Tome","player_choice":"Obtained Book","floor":28.0,"gold_loss":0.0,"damage_taken":16.0},{"damage_healed":0.0,"max_hp_gain":0.0,"max_hp_loss":0.0,"gold_gain":0.0,"event_name":"SensoryStone","player_choice":"Memory 1","floor":36.0,"gold_loss":0.0,"damage_taken":0.0}],"is_beta":false,"boss_relics":[{"not_picked":["Snecko Eye","Runic Dome"],"picked":"Cursed Key"},{"not_picked":["Mark of Pain","SlaversCollar"],"picked":"Philosopher\u0027s Stone"}],"items_purged_floors":[45],"is_endless":false,"potions_floor_spawned":[2,5,13,14,16,19,22,29,41,47,48],"ascension_level":5}}