{"host":"uq4ng344qg9ygyoi","time":1610635815,"event":{"mods":["BaseMod","Minty Spire (QoL Compilation)","Quick Restart","Shop Mod","StSLib"],"gold_per_floor":[114,4,23,37,37,37,63,81,104,104,124,150,162,172,172,270,270,288,53,66,81,81,81,95,95,148,248,248,50,84,84,84,84,84],"floor_reached":33,"language":"ZHS","playtime":2206,"items_purged":["Strike_R","Strike_R"],"score":316,"play_id":"3de5a9b4-66cd-4ddc-b4af-26f88a9eee06","local_time":"20210114225015","is_ascension_mode":true,"campfire_choices":[{"data":"Armaments","floor":6.0,"key":"SMITH"},{"data":"Ghostly Armor","floor":10.0,"key":"SMITH"},{"floor":15.0,"key":"REST"},{"data":"Offering","floor":23.0,"key":"SMITH"},{"floor":28.0,"key":"REST"},{"floor":32,"key":"REST"}],"circlet_count":0,"master_deck":["Strike_R+1","Strike_R","Strike_R+1","Defend_R","Defend_R","Defend_R","Defend_R","Bash","Armaments+1","Metallicize","Bloodletting","Searing Blow","Ghostly Armor+1","Headbutt","Battle Trance","Metallicize","Shrug It Off","Offering+1","Cleave","Battle Trance+1","Warcry+1","Flex+1","Bandage Up","Juggernaut","Seeing Red"],"relics":["Burning Blood","PreservedInsect","Dream Catcher","Sozu","MerchantsRug","FossilizedHelix","Molten Egg 2","Membership Card","Strawberry","Question Card","Nilry\u0027s Codex"],"acts_visited":["Exordium","TheCity"],"potions_floor_usage":[],"damage_taken":[{"damage":10.0,"enemies":"Jaw Worm","floor":1.0,"turns":4.0},{"damage":3.0,"enemies":"2 Louse","floor":3.0,"turns":3.0},{"damage":0.0,"enemies":"Small Slimes","floor":4.0,"turns":4.0},{"damage":23.0,"enemies":"3 Sentries","floor":7.0,"turns":14.0},{"damage":16.0,"enemies":"Exordium Thugs","floor":8.0,"turns":6.0},{"damage":15.0,"enemies":"Gremlin Gang","floor":11.0,"turns":6.0},{"damage":5.0,"enemies":"Lagavulin","floor":12.0,"turns":7.0},{"damage":13.0,"enemies":"Large Slime","floor":13.0,"turns":7.0},{"damage":3.0,"enemies":"Red Slaver","floor":14.0,"turns":3.0},{"damage":26.0,"enemies":"The Guardian","floor":16.0,"turns":12.0},{"damage":6.0,"enemies":"3 Byrds","floor":18.0,"turns":10.0},{"damage":11.0,"enemies":"Chosen","floor":20.0,"turns":4.0},{"damage":14.0,"enemies":"Shelled Parasite and Fungi","floor":21.0,"turns":5.0},{"damage":12.0,"enemies":"Snecko","floor":24.0,"turns":4.0},{"damage":20.0,"enemies":"Colosseum Slavers","floor":27.0,"turns":4.0},{"damage":33.0,"enemies":"Colosseum Nobs","floor":27.0,"turns":6.0},{"damage":6,"enemies":"Book of Stabbing","floor":30,"turns":5},{"damage":66,"enemies":"Automaton","floor":33,"turns":10}],"seed_played":"4988728673087524874","potions_obtained":[{"floor":1.0,"key":"Dexterity Potion"},{"floor":7.0,"key":"HeartOfIron"},{"floor":8.0,"key":"DistilledChaos"},{"floor":13.0,"key":"Fire Potion"},{"floor":14.0,"key":"LiquidMemories"},{"floor":16.0,"key":"Swift Potion"}],"is_trial":false,"path_per_floor":["M","$","M","M","?","R","E","M","T","R","M","E","M","M","R","B",null,"M","$","M","M","$","R","M","?","T","?","R","$","E","?","R","B"],"character_chosen":"IRONCLAD","items_purchased":["Metallicize","MerchantsRug","Membership Card","Bandage Up","Strawberry"],"campfire_rested":3,"item_purchase_floors":[2,19,29,29,29],"current_hp_per_floor":[84,84,87,88,88,88,71,61,61,61,52,53,46,49,75,55,88,88,88,83,75,75,75,69,52,52,11,38,45,45,29,59,0,0],"gold":84,"neow_bonus":"TEN_PERCENT_HP_BONUS","is_daily":false,"chose_seed":false,"campfire_upgraded":3,"win_rate":0.0,"timestamp":1610635815,"path_taken":["M","$","M","M","?","R","E","M","T","R","M","E","M","M","R","BOSS","M","$","M","M","$","R","M","?","T","?","R","$","E","?","R","BOSS"],"items_purchased_type":["Card","Relic","Relic","Card","Relic"],"build_version":"2020-12-22","purchased_purges":2,"victory":false,"max_hp_per_floor":[88,88,88,88,88,88,88,88,88,88,88,88,88,88,88,88,88,88,88,88,88,88,88,88,93,93,93,93,100,100,100,100,100,100],"card_choices":[{"not_picked":["Dual Wield","Bloodletting"],"picked":"Armaments","floor":1.0},{"not_picked":["Sentinel","Perfected Strike","Sword Boomerang"],"picked":"SKIP","floor":3.0},{"not_picked":["Rupture","Clash"],"picked":"Bloodletting","floor":4.0},{"not_picked":["Armaments","Anger"],"picked":"Searing Blow","floor":7.0},{"not_picked":["Clash","Combust"],"picked":"Ghostly Armor","floor":8.0},{"not_picked":["Dropkick","Clash","Anger"],"picked":"SKIP","floor":11.0},{"not_picked":["Carnage","Warcry"],"picked":"Headbutt","floor":12.0},{"not_picked":["Clothesline","Clash"],"picked":"Battle Trance","floor":13.0},{"not_picked":["Iron Wave","Rage"],"picked":"Metallicize","floor":14.0},{"not_picked":["Shockwave","Dual Wield"],"picked":"Shrug It Off","floor":15.0},{"not_picked":["Impervious","Feed"],"picked":"Offering","floor":16.0},{"not_picked":["Havoc+1","Perfected Strike+1"],"picked":"Cleave","floor":18.0},{"not_picked":["Power Through","Shrug It Off+1"],"picked":"Battle Trance+1","floor":20.0},{"not_picked":["Cleave+1","Rage","Reaper"],"picked":"SKIP","floor":21.0},{"not_picked":["Armaments","Headbutt+1"],"picked":"Warcry+1","floor":24.0},{"not_picked":["Perfected Strike+1","Wild Strike+1"],"picked":"Flex+1","floor":27.0},{"not_picked":["Rupture","Sword Boomerang+1"],"picked":"Juggernaut","floor":30},{"not_picked":["Thunderclap+1","Bloodletting","Armaments"],"picked":"Seeing Red","floor":32}],"player_experience":400379,"relics_obtained":[{"floor":7.0,"key":"PreservedInsect"},{"floor":9.0,"key":"Whetstone"},{"floor":12.0,"key":"Dream Catcher"},{"floor":26.0,"key":"Toy Ornithopter"},{"floor":27.0,"key":"FossilizedHelix"},{"floor":27.0,"key":"Molten Egg 2"},{"floor":30,"key":"Question Card"},{"floor":31,"key":"Nilry\u0027s Codex"}],"event_choices":[{"damage_healed":0.0,"max_hp_gain":0.0,"max_hp_loss":0.0,"gold_gain":0.0,"event_name":"The Cleric","player_choice":"Leave","floor":5.0,"gold_loss":0.0,"damage_taken":0.0},{"damage_healed":0.0,"max_hp_gain":5.0,"max_hp_loss":0.0,"gold_gain":0.0,"event_name":"Forgotten Altar","player_choice":"Shed Blood","floor":25.0,"gold_loss":0.0,"damage_taken":22.0},{"damage_healed":0.0,"max_hp_gain":0.0,"max_hp_loss":0.0,"gold_gain":0.0,"event_name":"Colosseum","player_choice":"Fight","floor":27.0,"gold_loss":0.0,"damage_taken":0.0},{"damage_healed":0.0,"max_hp_gain":0.0,"max_hp_loss":0.0,"gold_gain":0.0,"event_name":"Colosseum","player_choice":"Fought Nobs","floor":27.0,"gold_loss":0.0,"damage_taken":0.0},{"damage_healed":0,"gold_gain":0,"player_choice":"Obtained Book","damage_taken":16,"max_hp_gain":0,"max_hp_loss":0,"event_name":"Cursed Tome","floor":31,"gold_loss":0}],"is_beta":false,"boss_relics":[{"not_picked":["Velvet Choker","Black Star"],"picked":"Sozu"}],"items_purged_floors":[2,19],"is_endless":false,"potions_floor_spawned":[1,7,8,13,14,16,21,27,27,30],"killed_by":"Automaton","ascension_level":1}}