{"host":"oehe2dxjvdgux73m","time":1610600848,"event":{"mods":["AchievementEnabler","BaseMod","Colored Map","Colored Powertips","DeckTracker","Keyboard Shortcuts","Minty Spire (QoL Compilation)","Permanent Neow","Quick Restart","StSLib","SuperFastMode"],"gold_per_floor":[113,130,80,80,98,130,130,5,5,5,5,40,57,57,57,57,57],"floor_reached":16,"language":"KOR","playtime":487,"items_purged":["Strike_G"],"score":178,"play_id":"a92df3c8-2ac2-4342-b99f-2f861b4a1525","local_time":"20210114140728","is_ascension_mode":true,"campfire_choices":[{"data":"Neutralize","floor":7.0,"key":"SMITH"},{"floor":10.0,"key":"REST"},{"data":"Dagger Spray","floor":15.0,"key":"SMITH"}],"circlet_count":0,"master_deck":["AscendersBane","Strike_G","Strike_G","Defend_G","Defend_G","Defend_G","Defend_G","Defend_G","Survivor","Neutralize+1","Predator","Dagger Spray+1","Dagger Throw","Underhanded Strike","Tactician","Prepared","Dodge and Roll"],"relics":["Ring of the Snake","Paper Crane","Gremlin Horn","Snake Skull","Toxic Egg 2"],"acts_visited":["Exordium"],"potions_floor_usage":[16],"damage_taken":[{"damage":0.0,"enemies":"Jaw Worm","floor":1.0,"turns":3.0},{"damage":7.0,"enemies":"Small Slimes","floor":2.0,"turns":3.0},{"damage":2.0,"enemies":"2 Louse","floor":5.0,"turns":2.0},{"damage":12.0,"enemies":"Gremlin Nob","floor":6.0,"turns":4.0},{"damage":17.0,"enemies":"3 Sentries","floor":12.0,"turns":8.0},{"damage":5.0,"enemies":"Exordium Wildlife","floor":13.0,"turns":3.0},{"damage":36,"enemies":"Slime Boss","floor":16,"turns":8}],"seed_played":"2620326793897902765","potions_obtained":[{"floor":2.0,"key":"BlessingOfTheForge"}],"is_trial":false,"path_per_floor":["M","M","?","?","M","E","R","$","T","R","?","E","M","T","R","B"],"character_chosen":"THE_SILENT","items_purchased":["Fire Potion"],"campfire_rested":1,"item_purchase_floors":[8],"current_hp_per_floor":[63,56,56,49,47,35,35,35,35,56,56,39,34,34,34,0,0],"gold":57,"neow_bonus":"THREE_CARDS","is_daily":false,"chose_seed":false,"campfire_upgraded":2,"win_rate":0.0,"timestamp":1610600848,"path_taken":["M","M","?","?","?","E","R","$","T","R","?","E","M","?","R","BOSS"],"items_purchased_type":["Potion"],"build_version":"2020-12-22","purchased_purges":1,"victory":false,"max_hp_per_floor":[70,70,70,70,70,70,70,70,70,70,70,70,70,70,70,70,70],"card_choices":[{"not_picked":["Underhanded Strike","Flying Knee"],"picked":"Predator","floor":0.0},{"not_picked":["Cloak And Dagger","Dagger Throw"],"picked":"Dagger Spray","floor":1.0},{"not_picked":["Underhanded Strike","Poisoned Stab"],"picked":"Dagger Throw","floor":2.0},{"not_picked":["Flying Knee","Caltrops"],"picked":"Underhanded Strike","floor":5.0},{"not_picked":["Dodge and Roll","Concentrate"],"picked":"Tactician","floor":6.0},{"not_picked":["Setup","Caltrops"],"picked":"Prepared","floor":12.0},{"not_picked":["Setup","Infinite Blades"],"picked":"Dodge and Roll","floor":13.0}],"player_experience":176419,"relics_obtained":[{"floor":6.0,"key":"Paper Crane"},{"floor":9.0,"key":"Gremlin Horn"},{"floor":12.0,"key":"Snake Skull"},{"floor":14.0,"key":"Toxic Egg 2"}],"event_choices":[{"cards_removed":["Strike_G"],"damage_healed":0.0,"max_hp_gain":0.0,"max_hp_loss":0.0,"gold_gain":0.0,"event_name":"The Cleric","player_choice":"Card Removal","floor":3.0,"gold_loss":50.0,"damage_taken":0.0},{"cards_removed":["Strike_G"],"damage_healed":0.0,"max_hp_gain":0.0,"max_hp_loss":0.0,"gold_gain":0.0,"event_name":"Golden Wing","player_choice":"Card Removal","floor":4.0,"gold_loss":0.0,"damage_taken":7.0},{"damage_healed":0.0,"max_hp_gain":0.0,"max_hp_loss":0.0,"gold_gain":0.0,"event_name":"Liars Game","player_choice":"Ignored","floor":11.0,"gold_loss":0.0,"damage_taken":0.0}],"is_beta":false,"boss_relics":[],"items_purged_floors":[8],"is_endless":false,"potions_floor_spawned":[2],"killed_by":"Slime Boss","ascension_level":13}}