{"host":"omsykib0woddca32","time":1610586017,"event":{"mods":["BaseMod","Colored Powertips","Lobotomy","Minty Spire (QoL Compilation)","Random Character Button","Shop Mod","StSLib"],"gold_per_floor":[115,135,147,157,157,157,185,198,198,208,226,226,239,164,164,259,259,273,290,290,13,29,56,68,68,93,93,93,112,129,129,129,230,230,240,258,258,34,51,81,81,98,123,123,123,142,63,83,83,83,83],"floor_reached":50,"language":"ZHS","playtime":3074,"items_purged":["BigBird","Strike_P","Defend_P"],"score":575,"play_id":"779eb476-2075-48c2-a857-4bd37d7e1748","local_time":"20210114090017","is_ascension_mode":false,"campfire_choices":[{"data":"Eruption","floor":6.0,"key":"SMITH"},{"data":"Adaptation","floor":12.0,"key":"SMITH"},{"floor":15.0,"key":"REST"},{"data":"Wallop","floor":25.0,"key":"SMITH"},{"data":"MasterReality","floor":27.0,"key":"SMITH"},{"floor":32.0,"key":"REST"},{"data":"ClearTheMind","floor":41.0,"key":"SMITH"},{"data":"BattleHymn","floor":44.0,"key":"SMITH"},{"data":"EmptyMind","floor":49.0,"key":"SMITH"}],"circlet_count":0,"master_deck":["Strike_P","Strike_P","Defend_P","Defend_P","Eruption+1","Vigilance","CrumblingArmor","ReachHeaven","ClearTheMind+1","GreedKing","Adaptation+1","BattleHymn+1","MasterReality+1","Wallop+1","Crescendo+1","EmptyMind+1","CarveReality"],"relics":["PureWater","CogitoBucket","Peace Pipe","FossilizedHelix","AspirationHeart","Letter Opener","Velvet Choker","Membership Card","Centennial Puzzle","HornCleat","VioletLotus","Shuriken","Bag of Preparation","Oddly Smooth Stone","Bronze Scales"],"acts_visited":["Exordium","TheCity","TheBeyond"],"potions_floor_usage":[],"damage_taken":[{"damage":0.0,"enemies":"Cultist","floor":1.0,"turns":2.0},{"damage":0.0,"enemies":"2 Louse","floor":2.0,"turns":2.0},{"damage":0.0,"enemies":"Small Slimes","floor":3.0,"turns":4.0},{"damage":10.0,"enemies":"Exordium Wildlife","floor":4.0,"turns":5.0},{"damage":11.0,"enemies":"Lagavulin","floor":7.0,"turns":5.0},{"damage":12.0,"enemies":"Exordium Thugs","floor":8.0,"turns":6.0},{"damage":0.0,"enemies":"Large Slime","floor":10.0,"turns":2.0},{"damage":5.0,"enemies":"Gremlin Gang","floor":11.0,"turns":5.0},{"damage":7.0,"enemies":"3 Louse","floor":13.0,"turns":3.0},{"damage":0.0,"enemies":"Slime Boss","floor":16.0,"turns":4.0},{"damage":0.0,"enemies":"Shell Parasite","floor":18.0,"turns":4.0},{"damage":0.0,"enemies":"Spheric Guardian","floor":19.0,"turns":4.0},{"damage":0.0,"enemies":"Snecko","floor":22.0,"turns":4.0},{"damage":38.0,"enemies":"Gremlin Leader","floor":23.0,"turns":4.0},{"damage":13.0,"enemies":"Centurion and Healer","floor":24.0,"turns":4.0},{"damage":0.0,"enemies":"Cultist and Chosen","floor":29.0,"turns":4.0},{"damage":5.0,"enemies":"Shelled Parasite and Fungi","floor":30.0,"turns":4.0},{"damage":18.0,"enemies":"Champ","floor":33.0,"turns":6.0},{"damage":6.0,"enemies":"3 Darklings","floor":35.0,"turns":5.0},{"damage":0.0,"enemies":"3 Shapes","floor":36.0,"turns":4.0},{"damage":9.0,"enemies":"Writhing Mass","floor":39.0,"turns":4.0},{"damage":30.0,"enemies":"Reptomancer","floor":40.0,"turns":4.0},{"damage":10.0,"enemies":"Sphere and 2 Shapes","floor":42.0,"turns":4.0},{"damage":0.0,"enemies":"Transient","floor":46.0,"turns":5.0},{"damage":5.0,"enemies":"4 Shapes","floor":48.0,"turns":3.0},{"damage":70,"enemies":"Time Eater","floor":50,"turns":4}],"seed_played":"-7594195153622742312","potions_obtained":[{"floor":2.0,"key":"GamblersBrew"},{"floor":8.0,"key":"Strength Potion"},{"floor":11.0,"key":"Ancient Potion"},{"floor":16.0,"key":"EssenceOfSteel"},{"floor":20.0,"key":"LiquidMemories"},{"floor":30.0,"key":"GamblersBrew"},{"floor":35.0,"key":"DistilledChaos"},{"floor":40.0,"key":"SpeedPotion"},{"floor":46.0,"key":"Swift Potion"}],"is_trial":false,"path_per_floor":["M","M","M","M","?","R","E","M","T","M","M","R","M","$","R","B",null,"M","M","?","$","M","E","M","R","T","R","?","M","M","?","R","B",null,"M","M","?","$","M","E","R","M","T","R","?","M","$","M","R","B"],"character_chosen":"WATCHER","items_purchased":["Membership Card","Centennial Puzzle","CarveReality","Shuriken","Bronze Scales"],"campfire_rested":2,"item_purchase_floors":[21,21,38,38,47],"current_hp_per_floor":[72,72,72,62,44,44,33,31,31,32,28,28,21,21,45,45,82,82,82,82,82,82,44,31,31,31,31,31,31,26,26,50,32,82,76,76,76,76,67,37,37,27,27,27,72,72,72,67,67,0,0],"gold":83,"neow_bonus":"","is_daily":false,"chose_seed":false,"campfire_upgraded":7,"win_rate":0.0,"timestamp":1610586017,"path_taken":["M","M","M","?","?","R","E","M","T","M","M","R","M","$","R","BOSS","M","M","?","?","M","E","M","R","T","R","?","?","M","?","R","BOSS","M","M","?","$","M","E","R","M","T","R","?","M","$","M","R","BOSS"],"items_purchased_type":["Relic","Relic","Card","Relic","Relic"],"build_version":"2020-12-22","purchased_purges":3,"victory":false,"max_hp_per_floor":[72,72,72,72,72,72,72,82,82,82,82,82,82,82,82,82,82,82,82,82,82,82,82,82,82,82,82,82,82,82,82,82,82,82,82,82,82,82,82,82,82,82,82,82,72,72,72,72,72,72,72],"card_choices":[{"not_picked":["FlurryOfBlows","ThirdEye","SashWhip"],"picked":"SKIP","floor":1.0},{"not_picked":["BigBadWolf","MHz"],"picked":"BigBird","floor":2.0},{"not_picked":["Protect","Wallop","FlurryOfBlows"],"picked":"SKIP","floor":2.0},{"not_picked":["SpiderBud","CherryBlossoms"],"picked":"CrumblingArmor","floor":3.0},{"not_picked":["ThirdEye","Halt"],"picked":"ReachHeaven","floor":3.0},{"not_picked":["Collect","Crescendo","EmptyBody"],"picked":"SKIP","floor":4.0},{"not_picked":["FollowUp","Protect","PathToVictory"],"picked":"SKIP","floor":7.0},{"not_picked":["BlackSwan","Murderer"],"picked":"Funeral","floor":8.0},{"not_picked":["Crescendo","Worship"],"picked":"ClearTheMind","floor":8.0},{"not_picked":["Wellcheers","OldLady"],"picked":"GreedKing","floor":10.0},{"not_picked":["Crescendo","Vault","Protect"],"picked":"SKIP","floor":10.0},{"not_picked":["PathToVictory","BattleHymn"],"picked":"Adaptation","floor":11.0},{"not_picked":["FlurryOfBlows","Consecrate"],"picked":"BattleHymn","floor":13.0},{"not_picked":["DeusExMachina","ConjureBlade"],"picked":"MasterReality","floor":16.0},{"not_picked":["Worship","FollowUp","WreathOfFlame"],"picked":"SKIP","floor":18.0},{"not_picked":["ClearTheMind","FollowUp"],"picked":"Wallop","floor":19.0},{"not_picked":["Ragnarok","EmptyFist","Halt"],"picked":"SKIP","floor":22.0},{"not_picked":["BowlingBash","ClearTheMind+1","Sanctity"],"picked":"SKIP","floor":23.0},{"not_picked":["BowlingBash","ClearTheMind+1","Sanctity"],"picked":"SKIP","floor":23.0},{"not_picked":["FearNoEvil","ConjureBlade","Wallop"],"picked":"SKIP","floor":24.0},{"not_picked":["ClearTheMind","Consecrate+1","CrushJoints"],"picked":"SKIP","floor":29.0},{"not_picked":["SashWhip+1","EmptyFist+1"],"picked":"Crescendo+1","floor":30.0},{"not_picked":["Sanctity+1","JustLucky","Fasting2+1"],"picked":"SKIP","floor":35.0},{"not_picked":["FollowUp+1","ClearTheMind","Indignation+1"],"picked":"SKIP","floor":36.0},{"not_picked":["CrushJoints","EmptyMind","WaveOfTheHand"],"picked":"SKIP","floor":39.0},{"not_picked":["Halt+1","EmptyBody+1","Sanctity+1"],"picked":"SKIP","floor":40.0},{"not_picked":["BowlingBash","CutThroughFate+1","FlyingSleeves"],"picked":"SKIP","floor":42.0},{"not_picked":["Halt","Protect+1","FlurryOfBlows"],"picked":"SKIP","floor":46.0},{"not_picked":["Adaptation","EmptyBody+1","BowlingBash"],"picked":"SKIP","floor":48.0}],"player_experience":77261,"relics_obtained":[{"floor":7.0,"key":"FossilizedHelix"},{"floor":9.0,"key":"Letter Opener"},{"floor":23.0,"key":"HornCleat"},{"floor":40.0,"key":"Bag of Preparation"},{"floor":43.0,"key":"Oddly Smooth Stone"}],"event_choices":[{"damage_healed":0.0,"max_hp_gain":0.0,"max_hp_loss":0.0,"gold_gain":0.0,"event_name":"Scrap Ooze","player_choice":"Success","floor":5.0,"gold_loss":0.0,"damage_taken":18.0,"relics_obtained":["Peace Pipe"]},{"damage_healed":0.0,"max_hp_gain":0.0,"max_hp_loss":0.0,"gold_gain":0.0,"event_name":"Lab","player_choice":"Got Potions","floor":20.0,"gold_loss":0.0,"damage_taken":0.0},{"cards_removed":["Defend_P"],"damage_healed":0.0,"max_hp_gain":0.0,"max_hp_loss":0.0,"gold_gain":0.0,"event_name":"Purifier","player_choice":"Purged","floor":28.0,"gold_loss":0.0,"damage_taken":0.0},{"damage_healed":0.0,"max_hp_gain":0.0,"max_hp_loss":0.0,"gold_gain":0.0,"event_name":"The Library","player_choice":"Read","floor":31.0,"gold_loss":0.0,"damage_taken":0.0,"cards_obtained":["EmptyMind"]},{"damage_healed":0.0,"max_hp_gain":0.0,"max_hp_loss":0.0,"gold_gain":0.0,"event_name":"Tomb of Lord Red Mask","player_choice":"Ignored","floor":37.0,"gold_loss":0.0,"damage_taken":0.0},{"damage_healed":72.0,"max_hp_gain":0.0,"max_hp_loss":10.0,"gold_gain":0.0,"event_name":"The Moai Head","player_choice":"Heal","floor":45.0,"gold_loss":0.0,"damage_taken":0.0}],"is_beta":false,"boss_relics":[{"not_picked":["Ectoplasm","HolyWater"],"picked":"Velvet Choker"},{"not_picked":["Calling Bell","Pandora\u0027s Box"],"picked":"VioletLotus"}],"items_purged_floors":[14,21,38],"is_endless":false,"potions_floor_spawned":[2,8,11,16,18,22,30,33,35,40,46],"killed_by":"Time Eater","ascension_level":0}}