{"host":"1pwde2j81wdvsae3","time":1610595651,"event":{"mods":["BaseMod","Minty Spire (QoL Compilation)","Replay The Spire","Shop Mod","StSLib"],"gold_per_floor":[110,285,18,18,18,18,36,70,70,45,19,19,19,29,29,131,131,151,166,166,166],"floor_reached":20,"language":"ZHS","playtime":570,"items_purged":["Doubt"],"score":280,"play_id":"de21465c-7187-4cda-9e28-b7926a58894b","local_time":"20210114114051","is_ascension_mode":true,"campfire_choices":[{"data":"Bash","floor":6.0,"key":"SMITH"},{"floor":12.0,"key":"REST"},{"data":"Barricade","floor":15.0,"key":"SMITH"}],"circlet_count":1,"master_deck":["AscendersBane","Strike_R","Strike_R","Strike_R","Strike_R","Defend_R","Defend_R","Defend_R","Defend_R","Bash+1","Strike_P","Defend_B","Pummel","Dropkick","Armaments","Barricade+1","Warcry","Demon Form+1","Carnage","Feed","Heavy Blade","Headbutt"],"relics":["Burning Blood","Calipers","Sling","Onion Ring","Circlet","Mark of Pain"],"acts_visited":["Exordium","TheCity"],"potions_floor_usage":[20],"damage_taken":[{"damage":11.0,"enemies":"Jaw Worm","floor":1.0,"turns":7.0},{"damage":15.0,"enemies":"Small Slimes","floor":7.0,"turns":4.0},{"damage":32.0,"enemies":"3 Sentries","floor":8.0,"turns":11.0},{"damage":2.0,"enemies":"2 Louse","floor":14.0,"turns":2.0},{"damage":33.0,"enemies":"Slime Boss","floor":16.0,"turns":6.0},{"damage":56.0,"enemies":"Chosen","floor":18.0,"turns":7.0},{"damage":28.0,"enemies":"2 Thieves","floor":19.0,"turns":4.0},{"damage":20,"enemies":"Centurion and Healer","floor":20,"turns":2}],"seed_played":"-5862522641485979375","potions_obtained":[{"floor":8.0,"key":"Elixir"},{"floor":14.0,"key":"Fire Potion"},{"floor":19.0,"key":"ColorlessPotion"}],"is_trial":false,"path_per_floor":["M","?","$","?","?","R","M","E","T","$","$","R","?","M","R","B",null,"M","M","M"],"character_chosen":"IRONCLAD","items_purchased":["Sling","Dropkick","Heavy Blade","Warcry"],"campfire_rested":1,"item_purchase_floors":[3,3,10,11],"current_hp_per_floor":[67,67,67,60,65,65,56,30,30,30,30,55,55,64,64,52,77,31,12,0,0],"gold":166,"neow_bonus":"ONE_RARE_RELIC","is_daily":false,"chose_seed":false,"campfire_upgraded":2,"win_rate":0.0,"timestamp":1610595651,"path_taken":["M","?","$","?","?","R","M","E","T","?","$","R","?","M","R","BOSS","M","M","M"],"items_purchased_type":["Relic","Card","Card","Card"],"build_version":"2020-12-22","purchased_purges":1,"victory":false,"max_hp_per_floor":[80,80,80,80,85,85,85,85,85,85,85,85,85,85,85,85,85,89,92,95,95],"card_choices":[{"not_picked":["Iron Wave","Flex"],"picked":"Pummel","floor":1.0},{"not_picked":["Anger","Rupture"],"picked":"Armaments","floor":7.0},{"not_picked":["Perfected Strike","Evolve"],"picked":"Barricade","floor":8.0},{"not_picked":["Cleave","Clash"],"picked":"Carnage","floor":14.0},{"not_picked":["Double Tap","Exhume"],"picked":"Feed","floor":16.0},{"not_picked":["Searing Blow","Metallicize"],"picked":"Heavy Blade","floor":18.0},{"not_picked":["Shockwave","Clash+1"],"picked":"Headbutt","floor":19.0}],"player_experience":196224,"relics_obtained":[{"floor":8.0,"key":"Onion Ring"},{"floor":9.0,"key":"Dead Branch"}],"event_choices":[{"damage_healed":0.0,"max_hp_gain":0.0,"max_hp_loss":0.0,"gold_gain":175.0,"event_name":"Liars Game","player_choice":"AGREE","floor":2.0,"gold_loss":0.0,"damage_taken":0.0,"cards_obtained":["Doubt"]},{"cards_removed":["Strike_R"],"damage_healed":0.0,"max_hp_gain":0.0,"max_hp_loss":0.0,"gold_gain":0.0,"event_name":"Golden Wing","player_choice":"Card Removal","floor":4.0,"gold_loss":0.0,"damage_taken":7.0},{"damage_healed":0.0,"max_hp_gain":5.0,"max_hp_loss":0.0,"gold_gain":0.0,"event_name":"Big Fish","player_choice":"Donut","floor":5.0,"gold_loss":0.0,"damage_taken":0.0}],"is_beta":false,"boss_relics":[{"not_picked":["Runic Pyramid","Replay:Wanted Poster"],"picked":"Mark of Pain"}],"items_purged_floors":[3],"is_endless":false,"potions_floor_spawned":[8,14,19],"killed_by":"Centurion and Healer","ascension_level":10}}