{"host":"t4bl6qmmsws2mq4o","time":1610587080,"event":{"mods":["AchievementEnabler","Act Like it!","BaseMod","Better Note","Downfall","GifTheSpireLib","Hermit","Minty Spire (QoL Compilation)","Replay The Spire","StSLib","The Alterego","The Jungle","The Marked"],"gold_per_floor":[99,113,127,141,154,199,199,199,199,217,234,62,62,62,72,177,177,177,193,193,193,213,213,263,289,214,225,54,108,33,33,53,148,148,73,93,103,140,155,188,188,258,258,273,273,284,302,48,65,65],"floor_reached":51,"language":"ENG","playtime":4904,"items_purged":["Regret"],"score":716,"play_id":"04d15c5f-8976-4d19-85a7-e8b1d2d43778","local_time":"20210113171800","is_ascension_mode":false,"campfire_choices":[{"floor":1,"key":"DIG"},{"data":"champ:Taunt","floor":9,"key":"SMITH"},{"data":"champ:StanceDance","floor":18,"key":"SMITH"},{"floor":26,"key":"RECALL"},{"data":"champ:CalledShot","floor":30,"key":"SMITH"}],"circlet_count":0,"master_deck":["champ:Strike","champ:Strike","champ:Strike+1","champ:Defend+1","champ:Defend","champ:Defend","champ:Execute","champ:Taunt+1","champ:StanceDance+1","champ:FlashCut","champ:HoldFirm+1","champ:TornadoPunch","champ:PerfectedStrike+1","champ:Haymaker","champ:BringItOn+1","champ:AdrenalArmor","champ:Balance+1","champ:CalledShot+1","champ:CalledShot+1","champ:SteelEdge","champ:HeavySlash+1","champ:Backstep+1","champ:Devastate+1","champ:SwordSigil+1","champ:TornadoPunch+1","champ:IronFortress+1","champ:GladiatorStyle+1","champ:SkillfulDodge+1","champ:PerfectedStrike+1","champ:FocusedDefense+1"],"relics":["champ:ChampionCrown","Boot","Dream Catcher","Tiny Chest","White Beast Statue","Lantern","Oddly Smooth Stone","Philosopher\u0027s Stone","champ:GladiatorsBookOfMartialProwess","Blood Vial","Omamori","downfall:HeartBlessingGreen","downfall:HeartBlessingRed","Replay:Grab Bag","Coffee Dripper","Runic Dome","Astrolabe","downfall:HeartBlessingBlue","Replay:Multitool","Golden Egg","Replay:WaspNest","BranchBurnRelic","Bottled Tornado"],"acts_visited":["Exordium","TheCity","TheBeyond"],"potions_floor_usage":[10,12,16,19,25,28,40,50],"damage_taken":[{"damage":15,"enemies":"Cultist","floor":2,"turns":4},{"damage":5,"enemies":"Small Slimes","floor":3,"turns":3},{"damage":5,"enemies":"2 Louse","floor":4,"turns":2},{"damage":5,"enemies":"2 Fungi Beasts","floor":5,"turns":4},{"damage":6,"enemies":"Gremlin Gang","floor":10,"turns":6},{"damage":6,"enemies":"Large Slime","floor":11,"turns":5},{"damage":5,"enemies":"downfall:FleeingMerchant","floor":12,"turns":4},{"damage":3,"enemies":"2 Fungi Beasts","floor":15,"turns":3},{"damage":66,"enemies":"downfall:Silent","floor":16,"turns":13},{"damage":6,"enemies":"Spheric Guardian","floor":19,"turns":3},{"damage":10,"enemies":"Shell Parasite","floor":22,"turns":4},{"damage":14,"enemies":"Gremlin Leader","floor":25,"turns":6},{"damage":7,"enemies":"Snecko","floor":27,"turns":5},{"damage":14,"enemies":"downfall:FleeingMerchant","floor":28,"turns":4},{"damage":16,"enemies":"Centurion and Healer","floor":32,"turns":6},{"damage":43,"enemies":"downfall:Defect","floor":33,"turns":8},{"damage":2,"enemies":"3 Shapes","floor":36,"turns":2},{"damage":2,"enemies":"Orb Walker","floor":37,"turns":2},{"damage":13,"enemies":"Transient","floor":39,"turns":5},{"damage":25,"enemies":"Reptomancer","floor":40,"turns":7},{"damage":5,"enemies":"Sphere and 2 Shapes","floor":44,"turns":4},{"damage":5,"enemies":"Spire Growth","floor":46,"turns":4},{"damage":0,"enemies":"Jaw Worm Horde","floor":47,"turns":3},{"damage":13,"enemies":"downfall:FleeingMerchant","floor":48,"turns":4},{"damage":5,"enemies":"Maw","floor":49,"turns":5},{"damage":0,"enemies":"downfall:Watcher","floor":50,"turns":8}],"seed_played":"-6660631416441939205","potions_obtained":[{"floor":2,"key":"Venom Potion"},{"floor":3,"key":"Reflective Coating"},{"floor":4,"key":"Adrenaline Potion"},{"floor":8,"key":"ColorlessPotion"},{"floor":10,"key":"Energy Potion"},{"floor":12,"key":"Toxic Potion"},{"floor":16,"key":"Adrenaline Potion"},{"floor":19,"key":"AttackPotion"},{"floor":25,"key":"Reflective Coating"},{"floor":27,"key":"ColorlessPotion"},{"floor":28,"key":"DuplicationPotion"},{"floor":32,"key":"DistilledChaos"},{"floor":40,"key":"Venom Potion"},{"floor":44,"key":"LifebloodPotion"},{"floor":46,"key":"AttackPotion"}],"is_trial":false,"path_per_floor":["R","M","M","M","M","T","T","?","R","M","M","$","?","T","M","B",null,"R","M","?","?","M","?","T","E","R","M","$","T","R","?","M","B",null,"R","M","M","?","M","E","T","T","?","M","R","M","M","$","M","B",null],"character_chosen":"THE_CHAMP","items_purchased":["Lantern","champ:CalledShot","Bottled Tornado"],"campfire_rested":0,"item_purchase_floors":[12,28,48],"current_hp_per_floor":[90,85,85,85,85,85,85,85,85,85,84,84,84,84,81,38,90,90,89,89,89,86,86,86,83,83,82,77,77,77,77,73,55,90,92,94,96,96,92,76,76,76,76,78,100,100,100,87,89,96],"gold":65,"neow_bonus":"RANDOM_COMMON_RELIC","is_daily":false,"chose_seed":false,"campfire_upgraded":3,"win_rate":0.0,"timestamp":1610587080,"path_taken":["R","M","M","M","M","?","T","?","R","M","?","$","?","?","M","BOSS","R","M","?","?","M","?","T","E","R","M","$","?","R","?","M","BOSS","R","M","?","?","M","E","T","?","?","M","R","M","M","?","M","BOSS"],"items_purchased_type":["Relic","Card","Relic"],"build_version":"2020-12-22","purchased_purges":1,"victory":true,"max_hp_per_floor":[90,90,90,90,90,90,90,90,90,90,90,90,90,90,90,90,90,90,90,90,90,90,90,90,90,90,90,90,90,90,90,90,90,90,100,100,100,100,100,100,100,100,100,100,100,100,100,100,100,100],"card_choices":[{"not_picked":["champ:Circumvent","champ:ShieldWall"],"picked":"champ:StanceDance","floor":2},{"not_picked":["champ:DefensiveShout","champ:CrookedStrike"],"picked":"champ:FlashCut","floor":3},{"not_picked":["champ:ArenaPreparation","champ:CalledShot"],"picked":"champ:HoldFirm","floor":4},{"not_picked":["champ:ViciousMockery","champ:HeartStrike"],"picked":"champ:TornadoPunch","floor":5},{"not_picked":["champ:EnGarde","champ:Control"],"picked":"champ:PerfectedStrike","floor":10},{"not_picked":["champ:BladeFlurry","champ:ShieldSigil"],"picked":"champ:Haymaker","floor":11},{"not_picked":["champ:EnGarde","champ:BladeFlurry"],"picked":"champ:BringItOn","floor":12},{"not_picked":["champ:GutPunch","champ:EnchantSword"],"picked":"champ:AdrenalArmor","floor":15},{"not_picked":["champ:BringItOn","champ:FlashCut","champ:StanceDance"],"picked":"SKIP","floor":19},{"not_picked":["champ:ShieldSigil","champ:AdrenalArmor"],"picked":"champ:GutPunch","floor":22},{"not_picked":["champ:ShieldSigil","champ:DancingMaster","champ:IgnorePain"],"picked":"SKIP","floor":25},{"not_picked":["champ:BerserkersShout+1","champ:Aggression"],"picked":"champ:Balance+1","floor":27},{"not_picked":["champ:BladeFlurry+1","champ:GutPunch","champ:Lariat"],"picked":"SKIP","floor":28},{"not_picked":["champ:RecklessLeap+1","champ:GutPunch","champ:Circumvent"],"picked":"SKIP","floor":32},{"not_picked":["champ:HoldFirm","champ:CheapShot"],"picked":"champ:SteelEdge","floor":33},{"not_picked":["champ:FanOfKnives+1","champ:RapidStrikes"],"picked":"champ:SwordSigil+1","floor":36},{"not_picked":["champ:BerserkersShout","champ:RageSigil+1"],"picked":"champ:TornadoPunch+1","floor":37},{"not_picked":["champ:DeathBlow","champ:CalledShot+1"],"picked":"champ:IronFortress+1","floor":38},{"not_picked":["champ:EnGarde+1","champ:GutPunch"],"picked":"champ:GladiatorStyle+1","floor":39},{"not_picked":["champ:StanceDance","champ:BerserkersShout","champ:LastStand"],"picked":"SKIP","floor":40},{"not_picked":["champ:ShieldWall","champ:BladeFlurry"],"picked":"champ:SkillfulDodge+1","floor":44},{"not_picked":["champ:Backstep","champ:CrookedStrike"],"picked":"champ:PerfectedStrike+1","floor":45},{"not_picked":["champ:StanceDance+1","champ:FanOfKnives","champ:PreciseThrust+1"],"picked":"SKIP","floor":46},{"not_picked":["champ:FlashCut","champ:SteelEdge","champ:EnragedBash"],"picked":"SKIP","floor":47},{"not_picked":["champ:FightOn","champ:Circumvent+1","champ:CrookedStrike"],"picked":"SKIP","floor":48},{"not_picked":["champ:Backstep+1","champ:TornadoPunch"],"picked":"champ:FocusedDefense+1","floor":49}],"player_experience":477823,"relics_obtained":[{"floor":1,"key":"Dream Catcher"},{"floor":6,"key":"Tiny Chest"},{"floor":7,"key":"White Beast Statue"},{"floor":14,"key":"Oddly Smooth Stone"},{"floor":24,"key":"Blood Vial"},{"floor":25,"key":"Omamori"},{"floor":38,"key":"Replay:Multitool"},{"floor":40,"key":"Dead Branch"},{"floor":41,"key":"Golden Egg"},{"floor":42,"key":"Replay:WaspNest"}],"event_choices":[{"damage_healed":0,"gold_gain":0,"player_choice":"Got Potions","damage_taken":0,"max_hp_gain":0,"max_hp_loss":0,"event_name":"Lab","floor":8,"gold_loss":0},{"damage_healed":0,"gold_gain":0,"player_choice":"Ignored","damage_taken":0,"max_hp_gain":0,"max_hp_loss":0,"event_name":"betterNote:BetterNote","floor":20,"gold_loss":0,"cards_obtained":["champ:ShieldSlam"]},{"damage_healed":0,"gold_gain":0,"player_choice":"Copied","damage_taken":0,"max_hp_gain":0,"max_hp_loss":0,"event_name":"Duplicator","floor":31,"gold_loss":0,"cards_obtained":["champ:CalledShot"]}],"is_beta":false,"boss_relics":[{"not_picked":["Replay:Wanted Poster","ReplayTheSpireMod:DimensionalGlitch"],"picked":"Philosopher\u0027s Stone"},{"not_picked":["ChewingGum","Honey Jar"],"picked":"Replay:Grab Bag"},{"not_picked":["Sozu","Cursed Key"],"picked":"Coffee Dripper"},{"not_picked":["ReplayTheSpireMod:Onyx Gauntlets","Fusion Hammer"],"picked":"Runic Dome"},{"not_picked":["Kintsugi","Pandora\u0027s Box"],"picked":"Astrolabe"}],"items_purged_floors":[28],"is_endless":false,"potions_floor_spawned":[2,3,4,10,11,12,15,16,19,22,25,27,28,32,33,36,37,39,40,44,46,47,48,49],"ascension_level":0}}