{"host":"dqv8oo4v229c1o2l","time":1610586053,"event":{"mods":["AchievementEnabler","BaseMod","Colored Map","Colored Powertips","Minty Spire (QoL Compilation)","Quick Restart","Rare Cards Sparkle","StSLib","Synergy Search"],"gold_per_floor":[110,124,134,149,149,179,179,196,196,196,212,212,229,243,243,339,339,326,344,364,140,140,140,170,170,170],"floor_reached":25,"language":"ENG","playtime":3019,"items_purged":["Grand Finale"],"score":250,"play_id":"535e7345-1c71-4f20-8158-0eb8c53ef0b7","local_time":"20210113170053","is_ascension_mode":true,"campfire_choices":[{"floor":7,"key":"REST"},{"floor":12,"key":"REST"},{"floor":15,"key":"REST"},{"data":"Bouncing Flask","floor":23,"key":"SMITH"}],"circlet_count":0,"master_deck":["Strike_G","Strike_G","Strike_G","Strike_G","Strike_G","Defend_G","Defend_G","Defend_G","Defend_G","Defend_G","Survivor","Neutralize","Dagger Throw","Footwork+1","Malaise","Acrobatics","Prepared","Prepared","Poisoned Stab","Bane","Noxious Fumes","Crippling Poison+1","Bouncing Flask+1"],"relics":["Ring of the Snake","Matryoshka","Ancient Tea Set","Snake Skull","Black Star","Lee\u0027s Waffle","Gremlin Horn","CeramicFish"],"acts_visited":["Exordium","TheCity"],"potions_floor_usage":[6,6,14,19,20,25,25],"damage_taken":[{"damage":1,"enemies":"2 Louse","floor":1,"turns":3},{"damage":10,"enemies":"Cultist","floor":2,"turns":4},{"damage":10,"enemies":"Small Slimes","floor":3,"turns":5},{"damage":34,"enemies":"Exordium Wildlife","floor":4,"turns":8},{"damage":2,"enemies":"Lagavulin","floor":6,"turns":11},{"damage":23,"enemies":"Exordium Thugs","floor":8,"turns":9},{"damage":5,"enemies":"2 Fungi Beasts","floor":11,"turns":5},{"damage":3,"enemies":"Red Slaver","floor":13,"turns":5},{"damage":1,"enemies":"Gremlin Gang","floor":14,"turns":6},{"damage":28,"enemies":"The Guardian","floor":16,"turns":11},{"damage":14,"enemies":"2 Thieves","floor":18,"turns":5},{"damage":3,"enemies":"Spheric Guardian","floor":19,"turns":3},{"damage":39,"enemies":"Cultist and Chosen","floor":20,"turns":7},{"damage":55,"enemies":"Gremlin Leader","floor":24,"turns":6},{"damage":9,"enemies":"Shelled Parasite and Fungi","floor":25,"turns":2}],"seed_played":"-4748037688818286121","potions_obtained":[{"floor":2,"key":"SneckoOil"},{"floor":3,"key":"BlessingOfTheForge"},{"floor":4,"key":"SteroidPotion"},{"floor":16,"key":"SkillPotion"},{"floor":19,"key":"EntropicBrew"},{"floor":24,"key":"DistilledChaos"}],"is_trial":false,"path_per_floor":["M","M","M","M","?","E","R","M","T","$","M","R","M","M","R","B",null,"M","M","M","$","?","R","E","M"],"character_chosen":"THE_SILENT","items_purchased":["Lee\u0027s Waffle"],"campfire_rested":3,"item_purchase_floors":[21],"current_hp_per_floor":[69,59,49,15,15,13,34,11,11,11,6,27,24,23,44,16,70,56,53,14,77,63,63,8,0,0],"gold":170,"neow_bonus":"THREE_CARDS","is_daily":false,"chose_seed":false,"campfire_upgraded":1,"win_rate":0.0,"timestamp":1610586053,"path_taken":["M","M","M","M","?","E","R","M","T","$","?","R","M","M","R","BOSS","M","M","M","$","?","R","E","M"],"items_purchased_type":["Relic"],"build_version":"2020-12-22","purchased_purges":1,"victory":false,"max_hp_per_floor":[70,70,70,70,70,70,70,70,70,70,70,70,70,70,70,70,70,70,70,70,77,82,82,82,82,82],"card_choices":[{"not_picked":["Leg Sweep","Well Laid Plans"],"picked":"Dagger Throw","floor":0.0},{"not_picked":["Backflip","Cloak And Dagger"],"picked":"Footwork","floor":1},{"not_picked":["Deflect","Outmaneuver"],"picked":"Malaise","floor":2},{"not_picked":["Flying Knee","Poisoned Stab"],"picked":"Acrobatics","floor":3},{"not_picked":["Slice","PiercingWail","Quick Slash"],"picked":"SKIP","floor":4},{"not_picked":["Tactician","Blade Dance"],"picked":"Prepared","floor":6},{"not_picked":["Dagger Spray","Quick Slash"],"picked":"Prepared","floor":8},{"not_picked":["Deflect","Riddle With Holes"],"picked":"Poisoned Stab","floor":11},{"not_picked":["Outmaneuver","Dagger Throw"],"picked":"Bane","floor":13},{"not_picked":["Setup","Heel Hook"],"picked":"Noxious Fumes","floor":14},{"not_picked":["Malaise","Wraith Form v2"],"picked":"Grand Finale","floor":16},{"not_picked":["Reflex+1","Sucker Punch","Skewer"],"picked":"SKIP","floor":18},{"not_picked":["Backstab","Prepared"],"picked":"Crippling Poison+1","floor":19},{"not_picked":["Dodge and Roll+1","Sucker Punch"],"picked":"Bouncing Flask","floor":20},{"not_picked":["Riddle With Holes","Acrobatics","Prepared"],"picked":"SKIP","floor":24}],"player_experience":272969,"relics_obtained":[{"floor":6,"key":"Matryoshka"},{"floor":9,"key":"Ancient Tea Set"},{"floor":9,"key":"Snake Skull"},{"floor":24,"key":"Gremlin Horn"},{"floor":24,"key":"CeramicFish"}],"event_choices":[{"damage_healed":0,"gold_gain":0,"player_choice":"Forge","damage_taken":0,"max_hp_gain":0,"max_hp_loss":0,"event_name":"Accursed Blacksmith","floor":5,"gold_loss":0,"cards_upgraded":["Footwork"]},{"damage_healed":0,"gold_gain":0,"player_choice":"Shed Blood","damage_taken":19,"max_hp_gain":5,"max_hp_loss":0,"event_name":"Forgotten Altar","floor":22,"gold_loss":0}],"is_beta":false,"boss_relics":[{"not_picked":["Velvet Choker","Sozu"],"picked":"Black Star"}],"items_purged_floors":[21],"is_endless":false,"potions_floor_spawned":[2,3,4,16,19,24],"killed_by":"Shelled Parasite and Fungi","ascension_level":2}}