{"host":"h0xw20cia6ppa69g","time":1610600289,"event":{"mods":["AchievementEnabler","BaseMod","Colored Map","Filter the Spire","Googly Eyes","Minty Spire (QoL Compilation)","Relic Stats","StSLib","The Awakened One except there are too many feathers","everything is the same but u backflip on backflip"],"gold_per_floor":[109,124,124,124,124,151,151,178,178,203,216,216,230,230,230,329,329,346,35,35,45,45,77,94,119,194,228,241,241,261,261,261,357,357,371,389,389,389,389,417,417,443,443,214,230,303,330,375,375,375,375,375,55,82,82],"floor_reached":56,"language":"ENG","playtime":3018,"items_purged":[],"score":1802,"play_id":"db646f3a-6bb6-4c0d-b1f4-6122d318815c","local_time":"20210113225809","is_ascension_mode":true,"campfire_choices":[{"data":"Consume","floor":7.0,"key":"SMITH"},{"data":"Fission","floor":12.0,"key":"SMITH"},{"data":"Rainbow","floor":15.0,"key":"SMITH"},{"data":"Glacier","floor":32.0,"key":"SMITH"},{"floor":41.0,"key":"RECALL"},{"floor":49,"key":"DIG"},{"floor":52,"key":"DIG"}],"circlet_count":0,"master_deck":["Compile Driver","Rainbow+1","Double Energy+1","Barrage+1","Glacier+1","Consume+1","Fission+1","Sweeping Beam","Genetic Algorithm","Ball Lightning","Steam","Auto Shields+1","Turbo+1","Multi-Cast+1","White Noise+1","Coolheaded+1","Seek+1","Leap+1","Core Surge","Lockon+1","Static Discharge+1","Electrodynamics","White Noise+1","Loop+1","Barrage+1","All For One","Fusion+1","Hologram+1","Madness+1","Madness+1","All For One","Glacier+1","Go for the Eyes+1","Hologram+1","Stack+1"],"relics":["Pandora\u0027s Box","Toxic Egg 2","Bag of Preparation","Akabeko","Nuclear Battery","Tiny Chest","Darkstone Periapt","Ginger","Gremlin Horn","Nunchaku","Shuriken","Runic Pyramid","Bottled Flame","Blue Candle","Dream Catcher","Thread and Needle","ClockworkSouvenir","Kunai","Shovel","CaptainsWheel","Calipers","Bottled Tornado","TheAbacus","Happy Flower","Bag of Marbles"],"acts_visited":["Exordium","TheCity","TheBeyond","TheEnding"],"potions_floor_usage":[55,55,55,55,55,55],"damage_taken":[{"damage":10.0,"enemies":"Small Slimes","floor":1.0,"turns":3.0},{"damage":0.0,"enemies":"Jaw Worm","floor":2.0,"turns":4.0},{"damage":0.0,"enemies":"Lagavulin","floor":6.0,"turns":6.0},{"damage":0.0,"enemies":"Gremlin Nob","floor":8.0,"turns":3.0},{"damage":19.0,"enemies":"3 Sentries","floor":10.0,"turns":7.0},{"damage":0.0,"enemies":"2 Louse","floor":11.0,"turns":1.0},{"damage":0.0,"enemies":"Red Slaver","floor":13.0,"turns":5.0},{"damage":11.0,"enemies":"Hexaghost","floor":16.0,"turns":9.0},{"damage":0.0,"enemies":"Chosen","floor":18.0,"turns":3.0},{"damage":0.0,"enemies":"Shell Parasite","floor":21.0,"turns":2.0},{"damage":3.0,"enemies":"Book of Stabbing","floor":23.0,"turns":5.0},{"damage":0.0,"enemies":"Snecko","floor":24.0,"turns":5.0},{"damage":8.0,"enemies":"Slavers","floor":25.0,"turns":5.0},{"damage":0.0,"enemies":"Gremlin Leader","floor":27.0,"turns":4.0},{"damage":0.0,"enemies":"3 Cultists","floor":28.0,"turns":3.0},{"damage":10.0,"enemies":"Chosen and Byrds","floor":30.0,"turns":1.0},{"damage":0.0,"enemies":"Champ","floor":33.0,"turns":9.0},{"damage":0.0,"enemies":"3 Shapes","floor":35.0,"turns":2.0},{"damage":0.0,"enemies":"Orb Walker","floor":36.0,"turns":3.0},{"damage":0.0,"enemies":"Nemesis","floor":40.0,"turns":5.0},{"damage":1.0,"enemies":"Reptomancer","floor":42.0,"turns":5.0},{"damage":0,"enemies":"4 Shapes","floor":45,"turns":2},{"damage":0,"enemies":"Giant Head","floor":47,"turns":5},{"damage":0,"enemies":"2 Orb Walkers","floor":48,"turns":4},{"damage":0,"enemies":"Time Eater","floor":50,"turns":9},{"damage":11,"enemies":"Shield and Spear","floor":54,"turns":3},{"damage":0,"enemies":"The Heart","floor":55,"turns":8}],"seed_played":"3183101523825921230","potions_obtained":[{"floor":2.0,"key":"SkillPotion"},{"floor":10.0,"key":"Dexterity Potion"},{"floor":13.0,"key":"Fire Potion"},{"floor":24.0,"key":"SneckoOil"},{"floor":27.0,"key":"FocusPotion"},{"floor":42,"key":"EntropicBrew"}],"is_trial":false,"path_per_floor":["M","M","?","?","?","E","R","E","T","E","M","R","M","?","R","B",null,"M","$","?","M","?","E","M","E","T","E","M","T","M","?","R","B",null,"M","M","?","?","T","E","R","E","T","$","M","T","E","?","R","B",null,"R","$","E","B",null],"character_chosen":"DEFECT","items_purchased":["Core Surge","Lockon","Tiny Chest","ClockworkSouvenir","Glacier+1","Hologram+1","TheAbacus","Happy Flower"],"campfire_rested":0,"item_purchase_floors":[19,19,19,44,44,53,53,53],"current_hp_per_floor":[65,65,70,70,54,54,54,54,54,35,35,35,35,35,35,24,80,80,80,65,65,65,62,62,54,54,54,54,54,44,44,44,44,85,85,85,85,74,74,74,74,73,73,73,73,73,73,73,73,73,85,85,85,74,74],"gold":82,"neow_bonus":"BOSS_RELIC","is_daily":false,"chose_seed":false,"campfire_upgraded":4,"win_rate":0.0,"timestamp":1610600289,"path_taken":["M","M","?","?","?","E","R","E","T","E","M","R","?","?","R","BOSS","M","?","?","M","?","E","?","E","T","E","M","?","M","?","R","BOSS","M","M","?","?","?","E","R","E","T","$","M","?","E","?","R","BOSS","R","$","E","BOSS"],"items_purchased_type":["Card","Card","Relic","Relic","Card","Card","Relic","Relic"],"build_version":"2020-12-22","purchased_purges":0,"victory":true,"max_hp_per_floor":[75,75,80,80,80,80,80,80,80,80,80,80,80,80,80,80,80,80,80,85,85,85,85,85,85,85,85,85,85,85,85,85,85,85,85,85,85,85,85,85,85,85,85,85,85,85,85,85,85,85,85,85,85,85,85],"relic_stats":{"Darkstone Periapt":0,"Gremlin Horn":[14,14],"Happy Flower":[3],"counters":[27,121],"Blue Candle":[0],"Bag of Preparation":[46],"Ginger":[10],"Nunchaku":[13],"Dream Catcher":0,"Shovel":2,"TheAbacus":[6],"Shuriken":[30],"Pandora\u0027s Box":["Compile Driver","Rainbow","Double Energy","Barrage","Glacier","Consume","Fission","Sweeping Beam"],"Tiny Chest":2,"Kunai":[22],"obtain_stats":[{"Darkstone Periapt":23,"Calipers":49,"Gremlin Horn":26,"Bag of Preparation":8,"Ginger":25,"Bottled Tornado":52,"ClockworkSouvenir":44,"Nunchaku":27,"Dream Catcher":42,"Shovel":47,"TheAbacus":53,"Tiny Chest":19,"Kunai":46,"Toxic Egg 2":6,"Cracked Core":0,"Runic Pyramid":34,"Happy Flower":53,"Blue Candle":40,"Thread and Needle":43,"Akabeko":10,"Nuclear Battery":17,"Bottled Flame":39,"CaptainsWheel":48,"Shuriken":29,"Pandora\u0027s Box":0,"Bag of Marbles":54},{"Darkstone Periapt":11,"Calipers":24,"Gremlin Horn":13,"Bag of Preparation":4,"Ginger":13,"Bottled Tornado":25,"ClockworkSouvenir":21,"Nunchaku":14,"Dream Catcher":21,"Shovel":23,"TheAbacus":25,"Tiny Chest":9,"Kunai":22,"Toxic Egg 2":3,"Cracked Core":0,"Runic Pyramid":17,"Happy Flower":25,"Blue Candle":20,"Thread and Needle":21,"Akabeko":5,"Nuclear Battery":8,"Bottled Flame":19,"CaptainsWheel":24,"Shuriken":15,"Pandora\u0027s Box":0,"Bag of Marbles":26},{"Darkstone Periapt":48,"Calipers":101,"Gremlin Horn":58,"Bag of Preparation":16,"Ginger":58,"Bottled Tornado":110,"ClockworkSouvenir":90,"Nunchaku":62,"Dream Catcher":90,"Shovel":97,"TheAbacus":110,"Tiny Chest":41,"Kunai":92,"Toxic Egg 2":13,"Cracked Core":0,"Runic Pyramid":75,"Happy Flower":110,"Blue Candle":85,"Thread and Needle":90,"Akabeko":23,"Nuclear Battery":38,"Bottled Flame":80,"CaptainsWheel":101,"Shuriken":65,"Pandora\u0027s Box":0,"Bag of Marbles":113}]},"card_choices":[{"not_picked":["Hologram","Redo"],"picked":"Genetic Algorithm","floor":1.0},{"not_picked":["Compile Driver","Hologram"],"picked":"Ball Lightning","floor":2.0},{"not_picked":["Hologram+1","Doom and Gloom"],"picked":"Auto Shields+1","floor":6.0},{"not_picked":["Aggregate+1","Rebound"],"picked":"Turbo+1","floor":8.0},{"not_picked":["Barrage","Steam+1"],"picked":"Multi-Cast+1","floor":10.0},{"not_picked":["Streamline","Rebound"],"picked":"White Noise+1","floor":11.0},{"not_picked":["Cold Snap","Streamline"],"picked":"Coolheaded+1","floor":13.0},{"not_picked":["Amplify+1","Multi-Cast+1"],"picked":"Seek+1","floor":16.0},{"not_picked":["Compile Driver","Sweeping Beam"],"picked":"Leap+1","floor":18.0},{"not_picked":["Beam Cell","Steam+1"],"picked":"Static Discharge+1","floor":21.0},{"not_picked":["Cold Snap","Sweeping Beam","Aggregate+1"],"picked":"SKIP","floor":23.0},{"not_picked":["Sweeping Beam","Double Energy+1","Leap+1"],"picked":"SKIP","floor":24.0},{"not_picked":["Tempest+1","Go for the Eyes"],"picked":"Electrodynamics","floor":25.0},{"not_picked":["Cold Snap","Barrage"],"picked":"White Noise+1","floor":27.0},{"not_picked":["Steam+1","Lockon"],"picked":"Loop+1","floor":28.0},{"not_picked":["Auto Shields+1","Gash"],"picked":"Barrage+1","floor":30.0},{"not_picked":["Rainbow+1","Seek+1"],"picked":"All For One","floor":33.0},{"not_picked":["Blizzard+1","Cold Snap"],"picked":"Fusion+1","floor":35.0},{"not_picked":["Rebound+1","Reprogram+1"],"picked":"Hologram+1","floor":36.0},{"not_picked":["Barrage+1","Sunder+1","Beam Cell+1"],"picked":"SKIP","floor":40.0},{"not_picked":["Chaos+1","Lockon+1"],"picked":"All For One","floor":42},{"not_picked":["Scrape+1","Streamline+1"],"picked":"Go for the Eyes+1","floor":45},{"not_picked":["Cold Snap","Genetic Algorithm+1","Amplify+1"],"picked":"SKIP","floor":47},{"not_picked":["Ball Lightning","Conserve Battery+1"],"picked":"Stack+1","floor":54}],"player_experience":3694522,"relics_obtained":[{"floor":6.0,"key":"Toxic Egg 2"},{"floor":8.0,"key":"Bag of Preparation"},{"floor":10.0,"key":"Akabeko"},{"floor":23.0,"key":"Darkstone Periapt"},{"floor":25.0,"key":"Ginger"},{"floor":26.0,"key":"Gremlin Horn"},{"floor":27.0,"key":"Nunchaku"},{"floor":29.0,"key":"Shuriken"},{"floor":39.0,"key":"Bottled Flame"},{"floor":40.0,"key":"Blue Candle"},{"floor":42,"key":"Dream Catcher"},{"floor":43,"key":"Thread and Needle"},{"floor":46,"key":"Kunai"},{"floor":47,"key":"Shovel"},{"floor":48,"key":"CaptainsWheel"},{"floor":49,"key":"Calipers"},{"floor":52,"key":"Bottled Tornado"},{"floor":54,"key":"Bag of Marbles"}],"event_choices":[{"damage_healed":0.0,"max_hp_gain":5.0,"max_hp_loss":0.0,"gold_gain":0.0,"event_name":"Big Fish","player_choice":"Donut","floor":3.0,"gold_loss":0.0,"damage_taken":0.0},{"damage_healed":0.0,"max_hp_gain":0.0,"max_hp_loss":0.0,"gold_gain":0.0,"cards_transformed":["Zap"],"event_name":"Living Wall","player_choice":"Change","floor":4.0,"gold_loss":0.0,"damage_taken":0.0,"cards_obtained":["Steam"]},{"damage_healed":0.0,"max_hp_gain":0.0,"max_hp_loss":0.0,"gold_gain":0.0,"event_name":"Shining Light","player_choice":"Entered Light","floor":5.0,"gold_loss":0.0,"damage_taken":16.0,"cards_upgraded":["Barrage","Double Energy"]},{"cards_removed":["Dualcast"],"damage_healed":0.0,"max_hp_gain":0.0,"max_hp_loss":0.0,"gold_gain":0.0,"event_name":"Purifier","player_choice":"Purged","floor":14.0,"gold_loss":0.0,"damage_taken":0.0},{"damage_healed":0.0,"max_hp_gain":5.0,"max_hp_loss":0.0,"gold_gain":0.0,"event_name":"Forgotten Altar","player_choice":"Shed Blood","floor":20.0,"gold_loss":0.0,"damage_taken":20.0},{"damage_healed":0.0,"max_hp_gain":0.0,"max_hp_loss":0.0,"gold_gain":0.0,"event_name":"Upgrade Shrine","player_choice":"Upgraded","floor":22.0,"gold_loss":0.0,"damage_taken":0.0,"cards_upgraded":["Lockon"]},{"damage_healed":0.0,"max_hp_gain":0.0,"max_hp_loss":0.0,"gold_gain":0.0,"event_name":"The Mausoleum","player_choice":"Ignored","floor":31.0,"gold_loss":0.0,"damage_taken":0.0},{"damage_healed":0.0,"max_hp_gain":0.0,"max_hp_loss":0.0,"gold_gain":0.0,"event_name":"Tomb of Lord Red Mask","player_choice":"Ignored","floor":37.0,"gold_loss":0.0,"damage_taken":0.0},{"damage_healed":0.0,"max_hp_gain":0.0,"max_hp_loss":0.0,"gold_gain":0.0,"event_name":"Winding Halls","player_choice":"Embrace Madness","floor":38.0,"gold_loss":0.0,"damage_taken":11.0,"cards_obtained":["Madness","Madness"]},{"damage_healed":0,"gold_gain":0,"player_choice":"Fight","damage_taken":0,"max_hp_gain":0,"max_hp_loss":0,"event_name":"Mysterious Sphere","floor":48,"gold_loss":0}],"is_beta":false,"boss_relics":[{"not_picked":["Fusion Hammer","Cursed Key"],"picked":"Nuclear Battery"},{"not_picked":["Velvet Choker","Philosopher\u0027s Stone"],"picked":"Runic Pyramid"}],"items_purged_floors":[],"is_endless":false,"potions_floor_spawned":[2,10,13,24,27,30,33,42,45,47,48],"ascension_level":1}}