{"host":"5padt50u07xd1iby","time":1610615423,"event":{"mods":["AchievementEnabler","Aspiration","BaseMod","Colored Map","Colored Powertips","Conspire","Dark Map","Downfall","Hubris","Minty Spire (QoL Compilation)","Replay The Spire","Retaliation","Shop Mod","StSLib","SuperFastMode","The Blue Laboratory","everything is the same but u backflip on backflip"],"gold_per_floor":[111,125,125,137,137,167,167,167,167,147,147,147,165,180,180,180,180],"floor_reached":16,"language":"ENG","playtime":842,"items_purged":[],"score":125,"play_id":"1df9cb19-e09d-4965-83a8-7e0a49044321","local_time":"20210114101023","is_ascension_mode":false,"campfire_choices":[{"data":"Genetic Algorithm","floor":12,"key":"SMITH"},{"floor":15,"key":"REST"}],"circlet_count":0,"master_deck":["conspire:GhostlyStrike","conspire:GhostlyStrike","conspire:GhostlyStrike","conspire:GhostlyDefend","conspire:GhostlyDefend","conspire:GhostlyDefend","conspire:GhostlyDefend","Zap","Dualcast","Barrage","FTL","Genetic Algorithm+1","Tempest","Genetic Algorithm","BootSequence"],"relics":["Cracked Core","aspiration:Nostalgia","Sizzling Blood","Pen Nib","Juzu Bracelet","Omamori","Shuriken","hubris:Towel"],"acts_visited":["Exordium"],"potions_floor_usage":[6,16],"damage_taken":[{"damage":6,"enemies":"Jaw Worm","floor":1,"turns":4},{"damage":1,"enemies":"Cultist","floor":2,"turns":3},{"damage":0,"enemies":"2 Louse","floor":4,"turns":2},{"damage":34,"enemies":"Gremlin Nob","floor":6,"turns":4},{"damage":19,"enemies":"2 Fungi Beasts","floor":13,"turns":4},{"damage":9,"enemies":"Blue Slaver","floor":14,"turns":3},{"damage":49,"enemies":"The Guardian","floor":16,"turns":6}],"seed_played":"1853965473930477063","potions_obtained":[{"floor":1,"key":"Swift Potion"},{"floor":4,"key":"Toxic Potion"},{"floor":6,"key":"Dexterity Potion"},{"floor":10,"key":"blueLaboratory:BottleOfRum"}],"is_trial":false,"path_per_floor":["M","M","?","M","?","E","?","T","T","?","?","R","M","M","R","B"],"character_chosen":"DEFECT","items_purchased":[],"campfire_rested":1,"item_purchase_floors":[],"current_hp_per_floor":[77,79,79,79,72,42,42,42,42,42,42,42,27,22,45,0,0],"gold":180,"neow_bonus":"NOSTALGIA","is_daily":false,"chose_seed":false,"campfire_upgraded":1,"win_rate":0.0,"timestamp":1610615423,"path_taken":["M","M","?","?","?","E","?","?","T","?","?","R","M","M","R","BOSS"],"items_purchased_type":[],"build_version":"2020-12-22","purchased_purges":0,"victory":false,"max_hp_per_floor":[79,79,79,79,79,79,79,79,79,79,79,79,79,79,79,79,79],"card_choices":[{"not_picked":["BasicCrystalCard","Darkness"],"picked":"Barrage","floor":1},{"not_picked":["hubris:Ukulele","Blizzard"],"picked":"FTL","floor":2},{"not_picked":["Redo","Compile Driver"],"picked":"Genetic Algorithm","floor":4},{"not_picked":["Go for the Eyes","Conserve Battery"],"picked":"Tempest","floor":6},{"not_picked":["conspire:SharedLibrary","Sweeping Beam"],"picked":"Genetic Algorithm","floor":13},{"not_picked":["Barrage","Streamline"],"picked":"BootSequence","floor":14}],"player_experience":94482,"relics_obtained":[{"floor":6,"key":"Juzu Bracelet"},{"floor":8,"key":"Omamori"},{"floor":9,"key":"Shuriken"}],"event_choices":[{"damage_healed":0,"gold_gain":0,"player_choice":"Gave Potion","damage_taken":0,"relics_obtained":["Pen Nib"],"max_hp_gain":0,"max_hp_loss":0,"event_name":"WeMeetAgain","floor":3,"gold_loss":0},{"cards_removed":["Strike_B"],"damage_healed":0,"gold_gain":0,"player_choice":"Card Removal","damage_taken":7,"max_hp_gain":0,"max_hp_loss":0,"event_name":"Golden Wing","floor":5,"gold_loss":0},{"damage_healed":0,"gold_gain":0,"player_choice":"Agree","damage_taken":0,"max_hp_gain":0,"max_hp_loss":0,"event_name":"conspire:LoneGhost","floor":7,"gold_loss":0},{"damage_healed":0,"gold_gain":0,"player_choice":"Bought 1 Potion","damage_taken":0,"max_hp_gain":0,"max_hp_loss":0,"event_name":"The Woman in Blue","floor":10,"gold_loss":0}],"is_beta":false,"boss_relics":[],"items_purged_floors":[],"is_endless":false,"potions_floor_spawned":[1,4,6],"killed_by":"The Guardian","ascension_level":0}}