{"host":"r53pw7z744tg3fxg","time":1610666768,"event":{"mods":["AchievementEnabler","BaseMod","Colored Map","Colored Powertips","Highlight Path","Minty Spire (QoL Compilation)","Quick Restart","Transform Curses"],"gold_per_floor":[111,111,124,124,55,81,81,106,130,156,169,179,32,47,47,122,122,134,134,151,164,174,174,174,174],"floor_reached":24,"language":"ENG","playtime":1090,"items_purged":[],"score":401,"play_id":"f3c5f3f9-8ba3-4abf-a709-2aa63cfad55c","local_time":"20210114162608","is_ascension_mode":true,"campfire_choices":[{"data":"Eruption","floor":7,"key":"SMITH"},{"floor":15,"key":"REST"},{"floor":23,"key":"REST"}],"circlet_count":0,"master_deck":["AscendersBane","Strike_P","Strike_P","Strike_P","Strike_P","Defend_P","Defend_P","Defend_P","Defend_P","Eruption+1","Vigilance","Wallop","Mind Blast","SpiritShield","BowlingBash","CarveReality","Wish","Swivel","PathToVictory","Halt","Consecrate","DevaForm","ForeignInfluence","ConjureBlade","CurseOfTheBell","Evaluate","FearNoEvil+1"],"relics":["PureWater","NeowsBlessing","Blood Vial","Meat on the Bone","Dream Catcher","Peace Pipe","Nunchaku","Calling Bell","Vajra","Mummified Hand","Thread and Needle"],"acts_visited":["Exordium","TheCity"],"potions_floor_usage":[16,16,18,20,20],"damage_taken":[{"damage":0.0,"enemies":"Jaw Worm","floor":1.0,"turns":1.0},{"damage":0,"enemies":"Cultist","floor":3,"turns":1},{"damage":0,"enemies":"Gremlin Nob","floor":6,"turns":1},{"damage":25,"enemies":"3 Sentries","floor":8,"turns":8},{"damage":6,"enemies":"Lagavulin","floor":10,"turns":5},{"damage":0,"enemies":"2 Louse","floor":11,"turns":1},{"damage":16,"enemies":"Gremlin Gang","floor":12,"turns":3},{"damage":2,"enemies":"2 Fungi Beasts","floor":14,"turns":4},{"damage":45,"enemies":"Hexaghost","floor":16,"turns":12},{"damage":4,"enemies":"Chosen","floor":18,"turns":6},{"damage":4,"enemies":"3 Byrds","floor":20,"turns":6},{"damage":34,"enemies":"Snake Plant","floor":21,"turns":7},{"damage":17,"enemies":"Snecko","floor":22,"turns":7},{"damage":63,"enemies":"Slavers","floor":24,"turns":6}],"seed_played":"9018964166830315444","potions_obtained":[{"floor":3,"key":"SpeedPotion"},{"floor":10,"key":"EntropicBrew"},{"floor":11,"key":"StancePotion"},{"floor":18,"key":"PowerPotion"}],"is_trial":false,"path_per_floor":["M","?","M","?","$","E","R","E","T","E","M","M","$","M","R","B",null,"M","?","M","M","M","R","E"],"character_chosen":"WATCHER","items_purchased":["CarveReality","Nunchaku"],"campfire_rested":2,"item_purchase_floors":[5,13],"current_hp_per_floor":[65,65,65,70,70,70,70,47,47,43,45,43,43,43,64,33,62,60,60,58,38,35,56,0,0],"gold":174,"neow_bonus":"THREE_ENEMY_KILL","is_daily":false,"chose_seed":false,"campfire_upgraded":1,"win_rate":0.0,"timestamp":1610666768,"path_taken":["M","?","?","?","$","E","R","E","T","E","M","?","$","M","R","BOSS","M","?","?","M","M","R","E"],"items_purchased_type":["Card","Relic"],"build_version":"2020-12-22","purchased_purges":0,"victory":false,"max_hp_per_floor":[72,72,72,72,72,72,72,72,72,72,72,72,72,72,72,72,72,72,72,72,72,72,72,72,72],"card_choices":[{"not_picked":["BowlingBash","CarveReality"],"picked":"Wallop","floor":1.0},{"not_picked":["SashWhip","PathToVictory"],"picked":"BowlingBash","floor":3},{"not_picked":["SashWhip","Study"],"picked":"Wish","floor":6},{"not_picked":["EmptyFist","Worship"],"picked":"Swivel","floor":8},{"not_picked":["SashWhip","Prostrate"],"picked":"PathToVictory","floor":10},{"not_picked":["ClearTheMind","ThirdEye"],"picked":"Halt","floor":11},{"not_picked":["EmptyMind","SashWhip"],"picked":"Consecrate","floor":12},{"not_picked":["EmptyBody","ClearTheMind"],"picked":"DevaForm","floor":14},{"not_picked":["Evaluate","BowlingBash"],"picked":"ForeignInfluence","floor":15},{"not_picked":["Brilliance","DeusExMachina"],"picked":"ConjureBlade","floor":16},{"not_picked":["Perseverance+1","FlyingSleeves","Protect"],"picked":"SKIP","floor":18},{"not_picked":["BowlingBash","SashWhip","Swivel"],"picked":"SKIP","floor":20},{"not_picked":["Vengeance+1","Wireheading"],"picked":"Evaluate","floor":21},{"not_picked":["Vengeance","FlurryOfBlows","JustLucky"],"picked":"SKIP","floor":22},{"not_picked":["EmptyBody","ForeignInfluence"],"picked":"FearNoEvil+1","floor":23}],"player_experience":1262880,"relics_obtained":[{"floor":6,"key":"Blood Vial"},{"floor":8,"key":"Meat on the Bone"},{"floor":9,"key":"Dream Catcher"},{"floor":10,"key":"Peace Pipe"},{"floor":17,"key":"Vajra"},{"floor":17,"key":"Mummified Hand"},{"floor":17,"key":"Thread and Needle"}],"event_choices":[{"damage_healed":0,"gold_gain":0,"player_choice":"3 cards matched","damage_taken":0,"max_hp_gain":0,"max_hp_loss":0,"event_name":"Match and Keep!","floor":2,"gold_loss":0,"cards_obtained":["Mind Blast","FlurryOfBlows","SpiritShield"]},{"cards_removed":["FlurryOfBlows"],"damage_healed":5,"gold_gain":0,"player_choice":"Offered Common","damage_taken":0,"max_hp_gain":0,"max_hp_loss":0,"event_name":"Bonfire Elementals","floor":4,"gold_loss":0},{"cards_removed":["FlurryOfBlows"],"damage_healed":5,"gold_gain":0,"player_choice":"Offered Special","damage_taken":0,"max_hp_gain":0,"max_hp_loss":0,"event_name":"Bonfire Elementals","floor":4,"gold_loss":0},{"damage_healed":0,"gold_gain":0,"player_choice":"Bought 0 Potions","damage_taken":0,"max_hp_gain":0,"max_hp_loss":0,"event_name":"The Woman in Blue","floor":19,"gold_loss":0}],"is_beta":false,"boss_relics":[{"not_picked":["Astrolabe","HolyWater"],"picked":"Calling Bell"}],"items_purged_floors":[],"is_endless":false,"potions_floor_spawned":[3,10,11,18],"killed_by":"Slavers","ascension_level":13}}