{"host":"tnsigirk6wurdark","time":1610607097,"event":{"mods":["BaseMod","Bestiary","Colored Map","Colored Powertips","Curses Come First","DeckTracker","Highlight Path","Minty Spire (QoL Compilation)","Quick Restart","Relic Sorter","StSLib","Synergy Search"],"gold_per_floor":[113,38,51,68,68,94,94,123,201,215,229,229,257,272,272,344,344,361,378,388,33,50,50,50,50,50],"floor_reached":25,"language":"ENG","playtime":1806,"items_purged":[],"score":405,"play_id":"96c1d37c-14fc-4f02-843a-fb94ee49a627","local_time":"20210114065137","is_ascension_mode":true,"campfire_choices":[{"floor":12,"key":"REST"},{"floor":15,"key":"REST"},{"floor":23,"key":"REST"}],"circlet_count":0,"master_deck":["AscendersBane","Strike_G","Strike_G","Strike_G","Strike_G","Defend_G","Defend_G","Defend_G","Defend_G","Defend_G","Survivor","Neutralize","Calculated Gamble","Bouncing Flask","Backflip","Poisoned Stab","Acrobatics","Venomology","Underhanded Strike","Deadly Poison","Underhanded Strike","Venomology","Catalyst","Reflex","Noxious Fumes","Decay"],"relics":["Ring of the Snake","NeowsBlessing","Tough Bandages","Centennial Puzzle","StrikeDummy","Mummified Hand","Philosopher\u0027s Stone","Eternal Feather"],"acts_visited":["Exordium","TheCity"],"potions_floor_usage":[10,11,13,13,14,14,16,16,18,18,19,19,19,20,20,20,20,22,22,25,25],"damage_taken":[{"damage":0,"enemies":"Cultist","floor":1,"turns":1},{"damage":0,"enemies":"Jaw Worm","floor":3,"turns":1},{"damage":0,"enemies":"2 Louse","floor":4,"turns":1},{"damage":28,"enemies":"Gremlin Nob","floor":6,"turns":4},{"damage":30,"enemies":"Lagavulin","floor":8,"turns":7},{"damage":1,"enemies":"Exordium Wildlife","floor":10,"turns":4},{"damage":1,"enemies":"Blue Slaver","floor":11,"turns":3},{"damage":7,"enemies":"Gremlin Nob","floor":13,"turns":3},{"damage":20,"enemies":"Large Slime","floor":14,"turns":5},{"damage":17,"enemies":"Hexaghost","floor":16,"turns":9},{"damage":13,"enemies":"Shell Parasite","floor":18,"turns":5},{"damage":18,"enemies":"Spheric Guardian","floor":19,"turns":4},{"damage":22,"enemies":"Shelled Parasite and Fungi","floor":20,"turns":5},{"damage":1,"enemies":"Chosen and Byrds","floor":22,"turns":5},{"damage":58,"enemies":"Gremlin Leader","floor":25,"turns":6}],"seed_played":"6591063779208426109","potions_obtained":[{"floor":4,"key":"Fire Potion"},{"floor":10,"key":"ColorlessPotion"},{"floor":13,"key":"SkillPotion"},{"floor":14,"key":"SteroidPotion"},{"floor":16,"key":"GhostInAJar"},{"floor":20,"key":"EssenceOfSteel"}],"is_trial":false,"path_per_floor":["M","$","M","M","?","E","?","E","T","M","M","R","E","M","R","B",null,"M","M","M","$","M","R","?","E"],"character_chosen":"THE_SILENT","items_purchased":["Bouncing Flask","Noxious Fumes","Eternal Feather"],"campfire_rested":3,"item_purchase_floors":[2,21,21],"current_hp_per_floor":[59,59,59,59,64,36,36,6,6,5,4,25,18,13,34,17,58,45,27,5,5,4,40,40,0,0],"gold":50,"neow_bonus":"THREE_ENEMY_KILL","is_daily":false,"chose_seed":false,"campfire_upgraded":0,"win_rate":0.0,"timestamp":1610607097,"path_taken":["M","$","?","M","?","E","?","E","T","M","M","R","E","?","R","BOSS","M","M","M","$","M","R","?","E"],"items_purchased_type":["Card","Card","Relic"],"build_version":"2020-12-22","purchased_purges":0,"victory":false,"max_hp_per_floor":[66,66,66,66,71,71,71,71,71,71,71,71,71,71,71,71,71,71,71,71,71,71,71,71,71,71],"card_choices":[{"not_picked":["Prepared","Sucker Punch"],"picked":"Calculated Gamble","floor":1},{"not_picked":["Quick Slash","Choke"],"picked":"Backflip","floor":3},{"not_picked":["Blade Dance","Accuracy"],"picked":"Poisoned Stab","floor":4},{"not_picked":["Slice","Flechettes"],"picked":"Acrobatics","floor":6},{"not_picked":["Choke","Deflect"],"picked":"Venomology","floor":8},{"not_picked":["PiercingWail","Calculated Gamble"],"picked":"Underhanded Strike","floor":11},{"not_picked":["Blade Dance","Skewer"],"picked":"Deadly Poison","floor":13},{"not_picked":["Blur","Skewer"],"picked":"Underhanded Strike","floor":14},{"not_picked":["Doppelganger","Wraith Form v2"],"picked":"Venomology","floor":16},{"not_picked":["Bane","Sucker Punch","Masterful Stab"],"picked":"SKIP","floor":18},{"not_picked":["Acrobatics","Heel Hook"],"picked":"Catalyst","floor":19},{"not_picked":["Outmaneuver+1","Cloak And Dagger+1"],"picked":"Reflex","floor":20},{"not_picked":["Cloak And Dagger","Heel Hook","Outmaneuver"],"picked":"SKIP","floor":22}],"player_experience":741537,"relics_obtained":[{"floor":6,"key":"Tough Bandages"},{"floor":8,"key":"Centennial Puzzle"},{"floor":9,"key":"StrikeDummy"},{"floor":13,"key":"Mummified Hand"}],"event_choices":[{"damage_healed":0,"gold_gain":0,"player_choice":"Donut","damage_taken":0,"max_hp_gain":5,"max_hp_loss":0,"event_name":"Big Fish","floor":5,"gold_loss":0},{"cards_removed":["Strike_G"],"damage_healed":0,"gold_gain":0,"player_choice":"Card Removal","damage_taken":0,"max_hp_gain":0,"max_hp_loss":0,"event_name":"Wheel of Change","floor":7,"gold_loss":0},{"damage_healed":0,"gold_gain":0,"player_choice":"Smashed Altar","damage_taken":0,"max_hp_gain":0,"max_hp_loss":0,"event_name":"Forgotten Altar","floor":24,"gold_loss":0,"cards_obtained":["Decay"]}],"is_beta":false,"boss_relics":[{"not_picked":["WristBlade","Velvet Choker"],"picked":"Philosopher\u0027s Stone"}],"items_purged_floors":[],"is_endless":false,"potions_floor_spawned":[4,10,13,14,16,20],"killed_by":"Gremlin Leader","ascension_level":16}}