{"host":"08sn1703g14rasc1","time":1610652697,"event":{"mods":["AchievementEnabler","BaseMod","Colored Map","Colored Powertips","Hermit","Minty Spire (QoL Compilation)","StSLib"],"gold_per_floor":[14,14,33,33,33,68,81,81,131,12,12,70,89,49,49,149,149,166,23,23,36,36,70,70,85,85,103,103,103,132,148,148,247,247,261,311,324,599,617,617,635,669,669,669,679,105,105,122,122,122],"floor_reached":51,"language":"ENG","playtime":1561,"items_purged":["Strike_R"],"score":1066,"play_id":"c0fea2c3-381a-4ba0-9764-62f57a436a37","local_time":"20210114113137","is_ascension_mode":true,"campfire_choices":[{"data":"1","floor":8.0,"key":"LIFT"},{"floor":15.0,"key":"REST"},{"data":"2","floor":24.0,"key":"LIFT"},{"data":"3","floor":28.0,"key":"LIFT"},{"floor":32.0,"key":"REST"},{"data":"Reaper","floor":40.0,"key":"SMITH"},{"floor":47,"key":"REST"},{"data":"Limit Break","floor":49,"key":"SMITH"}],"circlet_count":0,"master_deck":["Strike_R","Strike_R","Strike_R","Defend_R","Defend_R","Defend_R","Defend_R","Bash","Infernal Blade","Disarm","Uppercut","Fire Breathing","Sword Boomerang","Fire Breathing","Cleave","Rampage","Ghostly Armor","Cleave","Offering","Metallicize","Limit Break+1","Necronomicurse","Evolve+1","Fire Breathing+1","Panacea","Sword Boomerang+1","Flame Barrier","Immolate","Reaper+1","Burning Pact+1","Flex+1","Regret","Combust+1","Inflame","Spot Weakness+1"],"relics":["Black Blood","Girya","Pen Nib","Pear","Ancient Tea Set","Dream Catcher","Self Forming Clay","Necronomicon","Du-Vu Doll","Paper Frog","Eternal Feather","Runic Cube","TungstenRod","Question Card","Letter Opener","TheAbacus"],"acts_visited":["Exordium","TheCity","TheBeyond"],"potions_floor_usage":[42,50],"damage_taken":[{"damage":4.0,"enemies":"Jaw Worm","floor":1.0,"turns":4.0},{"damage":1.0,"enemies":"Cultist","floor":3.0,"turns":3.0},{"damage":33.0,"enemies":"3 Sentries","floor":6.0,"turns":9.0},{"damage":10.0,"enemies":"Small Slimes","floor":7.0,"turns":2.0},{"damage":6.0,"enemies":"Blue Slaver","floor":13.0,"turns":3.0},{"damage":12.0,"enemies":"Slime Boss","floor":16.0,"turns":6.0},{"damage":34.0,"enemies":"Chosen","floor":18.0,"turns":5.0},{"damage":14.0,"enemies":"Shell Parasite","floor":21.0,"turns":3.0},{"damage":30.0,"enemies":"Gremlin Leader","floor":23.0,"turns":5.0},{"damage":6.0,"enemies":"Snecko","floor":25.0,"turns":3.0},{"damage":15.0,"enemies":"Snake Plant","floor":27.0,"turns":4.0},{"damage":27.0,"enemies":"Slavers","floor":30.0,"turns":4.0},{"damage":12.0,"enemies":"3 Cultists","floor":31.0,"turns":4.0},{"damage":49.0,"enemies":"Automaton","floor":33.0,"turns":8.0},{"damage":55.0,"enemies":"3 Darklings","floor":35.0,"turns":5.0},{"damage":24.0,"enemies":"Mind Bloom Boss Battle","floor":36.0,"turns":4.0},{"damage":29.0,"enemies":"3 Shapes","floor":37.0,"turns":4.0},{"damage":43.0,"enemies":"Maw","floor":39.0,"turns":6.0},{"damage":17,"enemies":"Jaw Worm Horde","floor":41,"turns":3},{"damage":56,"enemies":"Reptomancer","floor":42,"turns":4},{"damage":48,"enemies":"Spire Growth","floor":45,"turns":4},{"damage":16,"enemies":"Writhing Mass","floor":48,"turns":2},{"damage":121,"enemies":"Awakened One","floor":50,"turns":8}],"seed_played":"-1182098342784727519","potions_obtained":[{"floor":1.0,"key":"PowerPotion"},{"floor":6.0,"key":"SteroidPotion"},{"floor":18.0,"key":"Weak Potion"},{"floor":23.0,"key":"Fruit Juice"},{"floor":25.0,"key":"SpeedPotion"},{"floor":31.0,"key":"PowerPotion"},{"floor":35.0,"key":"ElixirPotion"},{"floor":36.0,"key":"Energy Potion"}],"is_trial":false,"path_per_floor":["M","?","M","?","?","E","M","R","T","$","T","?","M","$","R","B",null,"M","$","?","M","$","E","R","M","T","M","R","?","E","M","R","B",null,"M","?","M","?","M","R","M","E","T","?","M","$","R","M","R","B",null],"character_chosen":"IRONCLAD","items_purchased":["Fire Breathing","Cleave","Ghostly Armor","Limit Break","Letter Opener","TheAbacus","BloodPotion","SpeedPotion"],"campfire_rested":3,"item_purchase_floors":[10,10,14,19,46,46,46,46],"current_hp_per_floor":[74,74,79,71,71,44,40,40,40,40,40,40,40,40,67,61,83,61,61,45,43,43,25,30,36,36,33,33,33,18,18,61,24,77,77,95,92,92,95,95,90,52,52,44,36,36,82,78,95,25],"gold":122,"neow_bonus":"ONE_RARE_RELIC","is_daily":false,"chose_seed":false,"campfire_upgraded":2,"win_rate":0.0,"timestamp":1610652697,"path_taken":["M","?","?","?","?","E","M","R","T","$","?","?","M","$","R","BOSS","M","$","?","M","$","E","R","M","T","M","R","?","E","?","R","BOSS","M","?","M","?","?","R","M","E","T","?","?","$","R","M","R","BOSS"],"items_purchased_type":["Card","Card","Card","Card","Relic","Relic","Potion","Potion"],"build_version":"2020-12-22","purchased_purges":1,"victory":true,"max_hp_per_floor":[80,80,80,90,90,90,90,90,90,90,90,90,90,90,90,90,90,90,90,90,90,90,90,95,95,95,95,95,95,95,95,95,95,95,95,95,95,95,95,95,95,95,95,95,95,95,95,95,95,95],"card_choices":[{"not_picked":["Clothesline","Iron Wave"],"picked":"Infernal Blade","floor":1.0},{"not_picked":["Armaments","Warcry"],"picked":"Disarm","floor":3.0},{"not_picked":["Armaments","Clothesline"],"picked":"Fire Breathing","floor":6.0},{"not_picked":["True Grit","Body Slam"],"picked":"Sword Boomerang","floor":7.0},{"not_picked":["Feel No Pain","Perfected Strike"],"picked":"Rampage","floor":13.0},{"not_picked":["Havoc","Body Slam"],"picked":"Cleave","floor":15.0},{"not_picked":["Barricade","Immolate"],"picked":"Offering","floor":16.0},{"not_picked":["Anger","Twin Strike"],"picked":"Metallicize","floor":18.0},{"not_picked":["Headbutt","Armaments","Iron Wave"],"picked":"SKIP","floor":21.0},{"not_picked":["Armaments","Disarm"],"picked":"Evolve+1","floor":23.0},{"not_picked":["Havoc+1","Armaments"],"picked":"Fire Breathing+1","floor":25.0},{"not_picked":["Clothesline","Heavy Blade","Thunderclap"],"picked":"SKIP","floor":27.0},{"not_picked":["Cleave","Body Slam"],"picked":"Sword Boomerang+1","floor":30.0},{"not_picked":["Warcry","Shrug It Off"],"picked":"Flame Barrier","floor":31.0},{"not_picked":["Havoc+1","True Grit"],"picked":"Immolate","floor":32.0},{"not_picked":["Offering","Double Tap"],"picked":"Reaper","floor":33.0},{"not_picked":["Twin Strike","Whirlwind+1"],"picked":"Burning Pact+1","floor":35.0},{"not_picked":["Twin Strike","Wild Strike+1"],"picked":"Flex+1","floor":36.0},{"not_picked":["Uppercut","Clash+1","Evolve"],"picked":"SKIP","floor":37.0},{"not_picked":["Iron Wave","Heavy Blade+1","Twin Strike"],"picked":"SKIP","floor":39.0},{"not_picked":["Clothesline","Sword Boomerang+1","Wild Strike+1"],"picked":"SKIP","floor":41},{"not_picked":["Twin Strike+1","Body Slam+1","Flex"],"picked":"SKIP","floor":42},{"not_picked":["Warcry","True Grit","Heavy Blade"],"picked":"Combust+1","floor":45},{"not_picked":["Iron Wave+1","Pummel","Body Slam"],"picked":"Inflame","floor":47},{"not_picked":["Cleave+1","Iron Wave+1","Clash"],"picked":"Spot Weakness+1","floor":48}],"player_experience":476098,"relics_obtained":[{"floor":6.0,"key":"Ancient Tea Set"},{"floor":9.0,"key":"Dream Catcher"},{"floor":11.0,"key":"Self Forming Clay"},{"floor":20.0,"key":"Necronomicon"},{"floor":23.0,"key":"Du-Vu Doll"},{"floor":26.0,"key":"Paper Frog"},{"floor":30.0,"key":"Eternal Feather"},{"floor":36.0,"key":"TungstenRod"},{"floor":42,"key":"Question Card"}],"event_choices":[{"damage_healed":0.0,"max_hp_gain":0.0,"max_hp_loss":0.0,"gold_gain":0.0,"event_name":"WeMeetAgain","player_choice":"Gave Potion","floor":2.0,"gold_loss":0.0,"damage_taken":0.0,"relics_obtained":["Pen Nib"]},{"damage_healed":0.0,"max_hp_gain":0.0,"max_hp_loss":0.0,"gold_gain":0.0,"event_name":"Scrap Ooze","player_choice":"Success","floor":4.0,"gold_loss":0.0,"damage_taken":18.0,"relics_obtained":["Pear"]},{"damage_healed":0.0,"max_hp_gain":0.0,"max_hp_loss":0.0,"gold_gain":0.0,"cards_transformed":["Strike_R"],"event_name":"Living Wall","player_choice":"Change","floor":5.0,"gold_loss":0.0,"damage_taken":0.0,"cards_obtained":["Uppercut"]},{"damage_healed":0.0,"max_hp_gain":0.0,"max_hp_loss":0.0,"gold_gain":58.0,"event_name":"Golden Wing","player_choice":"Gained Gold","floor":12.0,"gold_loss":0.0,"damage_taken":0.0},{"damage_healed":0.0,"max_hp_gain":0.0,"max_hp_loss":0.0,"gold_gain":0.0,"event_name":"Cursed Tome","player_choice":"Obtained Book","floor":20.0,"gold_loss":0.0,"damage_taken":16.0},{"damage_healed":0.0,"max_hp_gain":0.0,"max_hp_loss":0.0,"gold_gain":0.0,"event_name":"Match and Keep!","player_choice":"1 cards matched","floor":29.0,"gold_loss":0.0,"damage_taken":0.0,"cards_obtained":["Panacea"]},{"damage_healed":0.0,"max_hp_gain":0.0,"max_hp_loss":0.0,"gold_gain":0.0,"event_name":"MindBloom","player_choice":"Fight","floor":36.0,"gold_loss":0.0,"damage_taken":0.0},{"damage_healed":0.0,"max_hp_gain":0.0,"max_hp_loss":0.0,"gold_gain":275.0,"event_name":"Golden Shrine","player_choice":"Desecrate","floor":38.0,"gold_loss":0.0,"damage_taken":0.0,"cards_obtained":["Regret"]},{"damage_healed":0,"gold_gain":0,"player_choice":"Damaged","damage_taken":9,"max_hp_gain":0,"max_hp_loss":0,"event_name":"Wheel of Change","floor":44,"gold_loss":0}],"is_beta":false,"boss_relics":[{"not_picked":["Ectoplasm","Coffee Dripper"],"picked":"Black Blood"},{"not_picked":["Fusion Hammer","Philosopher\u0027s Stone"],"picked":"Runic Cube"}],"items_purged_floors":[46],"is_endless":false,"potions_floor_spawned":[1,6,18,23,25,31,35,36,48],"ascension_level":8}}