{"host":"ywif2ugnepgiw45s","time":1610668408,"event":{"mods":["Act Like it!","BaseMod","Better Skull","Downfall","Elementarium","GifTheSpireLib","Hermit","Marisa????????","Minty Spire (QoL Compilation)","READ ME - Guardian Mod","Replay The Spire","Shade Mod","Shop Mod","StSLib","The Cursed","The Jungle","The Runesmith","The Servant 0.9.4"],"gold_per_floor":[117,117,117,42,92,92,126,126,150,150,178,192,192,27,27,122,122,132,42,56,72,91,116,116,143,143,143,162,162,55,83,83,83,83],"floor_reached":33,"language":"ENG","playtime":2019,"items_purged":["Strike_S","Shame"],"score":593,"play_id":"503f42f0-d1e1-42ca-a2e2-f1eed6d42175","local_time":"20210114185328","is_ascension_mode":true,"campfire_choices":[{"data":"Strike_S","floor":6,"key":"SMITH"},{"floor":8,"key":"DIG"},{"floor":10,"key":"DIG"},{"floor":13,"key":"DIG"},{"data":"Pot Of Greed","floor":15,"key":"SMITH"},{"floor":32,"key":"REST"}],"circlet_count":0,"master_deck":["Strike_S+1","Strike_S+1","Strike_S+1","Defend_S+1","Defend_S+1","Defend_S+1","Defend_S+1","KidneyShot+1","Exchange+1","Barrier+1","Misdirection","Pot Of Greed","BottledTime","Pot Of Greed+1","Mayhem","Solidify","Contraction","TimeTheft+1","Comet","BestPractice","SilverBlades","ReturningBlade","Luminosity","Defy","Defy","Embodiment","Pot Of Greed","SpecialFormula+1"],"relics":["Uniform","NeowsBlessing","ReplayTheSpireMod:CursedCoin","Shovel","Broom","Grinning Jar","Dream Catcher","Anchor","Replay:Baseball","Philosopher\u0027s Stone","theJungle:ParSnip","Prayer Wheel","theJungle:WildMango","Onion Ring","StrikeDummy","theJungle:BirthdayCake","Bottled Lightning"],"acts_visited":["Exordium","Exordium"],"potions_floor_usage":[23,25,25,31,33],"damage_taken":[{"damage":0,"enemies":"2 Louse","floor":1,"turns":1},{"damage":0,"enemies":"Gremlin Nob","floor":7,"turns":1},{"damage":0,"enemies":"3 Sentries","floor":11,"turns":2},{"damage":0,"enemies":"Small Slimes","floor":12,"turns":3},{"damage":0,"enemies":"Hexaghost","floor":16,"turns":16},{"damage":0,"enemies":"Shell Parasite","floor":18,"turns":6},{"damage":0,"enemies":"theJungle:5_Spyders","floor":20,"turns":13},{"damage":0,"enemies":"theJungle:Lyon","floor":21,"turns":5},{"damage":0,"enemies":"theJungle:SlimyTreeVines","floor":22,"turns":14},{"damage":0,"enemies":"theJungle:MamaSnecko","floor":23,"turns":12},{"damage":33,"enemies":"theJungle:2_Phrogs","floor":25,"turns":11},{"damage":2,"enemies":"Snake Plant","floor":28,"turns":5},{"damage":45,"enemies":"theJungle:MamaSnecko","floor":31,"turns":12},{"damage":43,"enemies":"theJungle:TotemBoss","floor":33,"turns":3}],"seed_played":"3847663809197062624","potions_obtained":[{"floor":11,"key":"GamblersBrew"},{"floor":16,"key":"Dexterity Potion"},{"floor":20,"key":"champ:CounterPotion"},{"floor":21,"key":"Adrenaline Potion"},{"floor":23,"key":"PowerPotion"},{"floor":28,"key":"ColorlessPotion"}],"is_trial":false,"path_per_floor":["M","?","?","$","$","R","E","R","T","R","E","M","R","$","R","B",null,"M","?","M","M","M","E","?","E","T","?","M","?","$","E","R","B"],"character_chosen":"THE_SERVANT","items_purchased":["ReplayTheSpireMod:CursedCoin","Mayhem","Luminosity","Defy"],"campfire_rested":1,"item_purchase_floors":[5,14,30,30],"current_hp_per_floor":[65,52,52,52,52,52,52,52,52,52,52,52,52,52,52,52,62,62,62,62,62,65,65,79,46,46,66,64,55,55,10,39,0,0],"gold":83,"neow_bonus":"THREE_ENEMY_KILL","is_daily":false,"chose_seed":false,"campfire_upgraded":2,"win_rate":0.0,"timestamp":1610668408,"path_taken":["M","?","?","?","$","R","E","R","T","R","E","M","R","$","R","BOSS","M","?","M","M","M","E","?","E","T","?","M","?","$","E","R","BOSS"],"items_purchased_type":["Relic","Card","Card","Card"],"build_version":"2020-12-22","purchased_purges":2,"victory":false,"max_hp_per_floor":[65,65,65,65,65,65,65,65,65,65,65,65,65,65,65,65,65,65,65,65,65,65,65,79,79,79,99,99,99,99,99,99,99,99],"card_choices":[{"not_picked":["Alleviate","Starlight"],"picked":"Misdirection","floor":1},{"not_picked":["DoubleEdge","ShiftingGears"],"picked":"Misdirection","floor":7},{"not_picked":["Unruled","InstantArmor","Rewind"],"picked":"SKIP","floor":11},{"not_picked":["Ricochet","Comet"],"picked":"BottledTime","floor":12},{"not_picked":["ForgedInTime","SilverMatrix"],"picked":"Solidify","floor":16},{"not_picked":["Moonlight+1","Hightail"],"picked":"Contraction","floor":18},{"not_picked":["Replace","Defy"],"picked":"TimeTheft+1","floor":20},{"not_picked":["Collapse","Ricochet"],"picked":"Comet","floor":21},{"not_picked":["Orbit","TimeWarp+1","Ricochet"],"picked":"SKIP","floor":22},{"not_picked":["BottledTime","Solidify"],"picked":"BestPractice","floor":23},{"not_picked":["Replace","Ricochet+1","BottledTime"],"picked":"SKIP","floor":25},{"not_picked":["MoonPhase","Rearm"],"picked":"SilverBlades","floor":28},{"not_picked":["ShatteredReality","FanOfKnives"],"picked":"ReturningBlade","floor":28},{"not_picked":["FastForward+1","Desolation+1"],"picked":"Embodiment","floor":31},{"not_picked":["Deadline","Defy"],"picked":"SpecialFormula+1","floor":32}],"player_experience":1719907,"relics_obtained":[{"floor":7,"key":"Shovel"},{"floor":8,"key":"Broom"},{"floor":9,"key":"Grinning Jar"},{"floor":10,"key":"Dream Catcher"},{"floor":11,"key":"Anchor"},{"floor":13,"key":"Replay:Baseball"},{"floor":23,"key":"Prayer Wheel"},{"floor":25,"key":"Onion Ring"},{"floor":26,"key":"StrikeDummy"},{"floor":31,"key":"Bottled Lightning"}],"event_choices":[{"damage_healed":0,"gold_gain":0,"player_choice":"Entered Light","damage_taken":13,"max_hp_gain":0,"max_hp_loss":0,"event_name":"Shining Light","floor":2,"gold_loss":0,"cards_upgraded":["KidneyShot","Exchange"]},{"damage_healed":0,"gold_gain":0,"player_choice":"Damaged","damage_taken":9,"max_hp_gain":0,"max_hp_loss":0,"event_name":"Wheel of Change","floor":29,"gold_loss":0}],"is_beta":false,"boss_relics":[{"not_picked":["SlaversCollar","Runesmith:UraniumAnvil"],"picked":"Philosopher\u0027s Stone"}],"items_purged_floors":[4,5],"is_endless":false,"potions_floor_spawned":[11,16,20,21,23,28],"killed_by":"theJungle:TotemBoss","ascension_level":5}}