{"host":"y3h3n3f7seyagppx","time":1610662963,"event":{"mods":["AlwaysNeverKeys","BaseMod","Better Vampires","Colored Powertips","DeckTracker","Emptier Cage","Minty Spire (QoL Compilation)","Permanent Neow","Quick Restart","Rare Cards Sparkle","Relic Sorter","Relic Stats","StSLib","Transform Curses"],"gold_per_floor":[110,187,202,220,20,47,57,84,84,100,100,25,57,67,67,141,141,155,155,80,5,20,20,48,48,72,91,117,117,143,159,159,234,234,247,247,247,41,61,89,89,89,89,109,109,122,151,165,165,165,165,165,165,14,43,43],"floor_reached":57,"language":"ENG","playtime":7163,"items_purged":["Strike_R","Strike_R"],"score":3105,"play_id":"ee6740f2-edb9-474a-ab3c-7cf3b5d92683","local_time":"20210114172243","is_ascension_mode":true,"campfire_choices":[{"data":"Hemokinesis","floor":11,"key":"SMITH"},{"data":"Uppercut","floor":15,"key":"SMITH"},{"data":"RitualDagger","floor":23,"key":"SMITH"},{"data":"Corruption","floor":25,"key":"SMITH"},{"data":"Strike_R","floor":32,"key":"PURGE"},{"data":"Armaments","floor":41,"key":"SMITH"},{"data":"Feel No Pain","floor":45,"key":"SMITH"},{"data":"Body Slam","floor":49,"key":"SMITH"},{"data":"Hemokinesis+1","floor":53,"key":"PURGE"}],"circlet_count":0,"master_deck":["AscendersBane","Defend_R","Defend_R","Defend_R","Bash+1","Battle Trance","Power Through","Uppercut+1","Impervious","Dropkick+1","Corruption+1","Shockwave","RitualDagger+1","Seeing Red+1","Impervious","Entrench","Dark Embrace+1","Impervious","Armaments+1","Madness","Madness","Flash of Steel+1","Feel No Pain+1","Shrug It Off","Body Slam+1","Impervious"],"relics":["Burning Blood","PreservedInsect","Dream Catcher","Mercury Hourglass","TungstenRod","Peace Pipe","Runic Pyramid","Anchor","Bag of Preparation","Potion Belt","Strawberry","SlaversCollar","Whetstone","Boot","Omamori","Gremlin Horn"],"acts_visited":["Exordium","TheCity","TheBeyond","TheEnding"],"potions_floor_usage":[4,7,44,56],"damage_taken":[{"damage":4,"enemies":"2 Louse","floor":1,"turns":4},{"damage":2,"enemies":"Small Slimes","floor":3,"turns":3},{"damage":4,"enemies":"Jaw Worm","floor":4,"turns":4},{"damage":39,"enemies":"3 Sentries","floor":6,"turns":8},{"damage":2,"enemies":"Blue Slaver","floor":7,"turns":2},{"damage":10,"enemies":"Gremlin Nob","floor":8,"turns":3},{"damage":2,"enemies":"Looter","floor":10,"turns":3},{"damage":6,"enemies":"3 Sentries","floor":13,"turns":4},{"damage":0,"enemies":"Exordium Thugs","floor":14,"turns":3},{"damage":30,"enemies":"Hexaghost","floor":16,"turns":8},{"damage":1,"enemies":"Chosen","floor":18,"turns":4},{"damage":6,"enemies":"Spheric Guardian","floor":22,"turns":4},{"damage":2,"enemies":"Gremlin Leader","floor":24,"turns":6},{"damage":1,"enemies":"Shelled Parasite and Fungi","floor":27,"turns":4},{"damage":1,"enemies":"Slavers","floor":28,"turns":4},{"damage":1,"enemies":"Gremlin Leader","floor":30,"turns":3},{"damage":1,"enemies":"Snake Plant","floor":31,"turns":4},{"damage":46,"enemies":"Champ","floor":33,"turns":11},{"damage":0,"enemies":"Orb Walker","floor":35,"turns":2},{"damage":0,"enemies":"3 Shapes","floor":39,"turns":4},{"damage":0,"enemies":"Nemesis","floor":40,"turns":5},{"damage":0,"enemies":"Sphere and 2 Shapes","floor":44,"turns":6},{"damage":0,"enemies":"4 Shapes","floor":46,"turns":3},{"damage":1,"enemies":"Reptomancer","floor":47,"turns":2},{"damage":0,"enemies":"Writhing Mass","floor":48,"turns":6},{"damage":5,"enemies":"Donu and Deca","floor":50,"turns":4},{"damage":6,"enemies":"Time Eater","floor":51,"turns":4},{"damage":0,"enemies":"Shield and Spear","floor":55,"turns":5},{"damage":27,"enemies":"The Heart","floor":56,"turns":8}],"seed_played":"3849875028703862098","potions_obtained":[{"floor":1,"key":"FairyPotion"},{"floor":3,"key":"SkillPotion"},{"floor":6,"key":"Swift Potion"},{"floor":7,"key":"SpeedPotion"},{"floor":24,"key":"Energy Potion"},{"floor":28,"key":"SneckoOil"},{"floor":31,"key":"Block Potion"},{"floor":33,"key":"SkillPotion"},{"floor":44,"key":"AttackPotion"},{"floor":46,"key":"Energy Potion"},{"floor":48,"key":"Block Potion"}],"is_trial":false,"path_per_floor":["M","?","M","M","$","E","M","E","T","M","R","?","E","M","R","B",null,"M","?","$","?","M","R","E","R","T","M","E","?","E","M","R","B",null,"M","?","?","$","M","E","R","?","T","M","R","M","E","M","R","B","B",null,"R","$","E","B",null],"character_chosen":"IRONCLAD","items_purchased":["PreservedInsect","Headbutt","Flash of Steel","Impervious"],"campfire_rested":0,"item_purchase_floors":[5,5,38,54],"current_hp_per_floor":[70,70,74,75,75,42,46,42,42,46,46,46,46,52,52,28,63,68,63,63,63,63,63,67,67,67,72,75,75,82,82,82,42,72,78,78,64,64,70,76,76,76,76,82,82,82,82,82,82,82,82,82,82,82,82,61],"gold":43,"neow_bonus":"UPGRADE_CARD","is_daily":false,"chose_seed":false,"campfire_upgraded":7,"win_rate":0.0,"timestamp":1610662963,"path_taken":["M","?","M","M","$","E","M","E","T","M","R","?","E","M","R","BOSS","M","?","$","?","M","R","E","R","T","M","E","?","E","M","R","BOSS","M","?","?","?","?","E","R","?","T","?","R","M","E","M","R","BOSS","BOSS","R","$","E","BOSS"],"items_purchased_type":["Relic","Card","Card","Card"],"build_version":"2020-12-22","purchased_purges":2,"victory":true,"max_hp_per_floor":[75,75,75,75,75,75,75,75,75,75,75,75,75,75,75,75,75,75,75,75,75,75,75,75,75,75,75,75,75,82,82,82,82,82,82,82,82,82,82,82,82,82,82,82,82,82,82,82,82,82,82,82,82,82,82,82],"relic_stats":{"Peace Pipe":5,"Dream Catcher":0,"Gremlin Horn":[0,0],"counters":[29,131],"PreservedInsect":412,"Bag of Preparation":[32],"Whetstone":["Flash of Steel","Dropkick"],"Boot":[0],"obtain_stats":[{"Potion Belt":28,"Gremlin Horn":55,"PreservedInsect":5,"Bag of Preparation":26,"Omamori":47,"Whetstone":40,"Boot":43,"Burning Blood":0,"Mercury Hourglass":8,"Peace Pipe":13,"SlaversCollar":34,"Dream Catcher":6,"Anchor":24,"Strawberry":30,"TungstenRod":9,"Runic Pyramid":17},{"Potion Belt":15,"Gremlin Horn":28,"PreservedInsect":3,"Bag of Preparation":13,"Omamori":24,"Whetstone":21,"Boot":21,"Burning Blood":0,"Mercury Hourglass":6,"Peace Pipe":8,"SlaversCollar":18,"Dream Catcher":4,"Anchor":13,"Strawberry":16,"TungstenRod":6,"Runic Pyramid":10},{"Potion Belt":64,"Gremlin Horn":123,"PreservedInsect":11,"Bag of Preparation":56,"Omamori":104,"Whetstone":93,"Boot":93,"Burning Blood":0,"Mercury Hourglass":24,"Peace Pipe":31,"SlaversCollar":82,"Dream Catcher":19,"Anchor":56,"Strawberry":67,"TungstenRod":24,"Runic Pyramid":42}],"Burning Blood":137,"TungstenRod":69,"Mercury Hourglass":[396]},"card_choices":[{"not_picked":["Bloodletting","Pommel Strike"],"picked":"Hemokinesis","floor":1},{"not_picked":["Burning Pact","Armaments"],"picked":"Battle Trance","floor":3},{"not_picked":["Combust","Clothesline","Pommel Strike"],"picked":"SKIP","floor":4},{"not_picked":["Thunderclap","Sentinel"],"picked":"Power Through","floor":6},{"not_picked":["Heavy Blade","Body Slam","Thunderclap"],"picked":"SKIP","floor":7},{"not_picked":["Entrench","Battle Trance"],"picked":"Uppercut","floor":8},{"not_picked":["True Grit","Warcry","Sever Soul"],"picked":"SKIP","floor":10},{"not_picked":["Havoc","Reaper"],"picked":"Impervious","floor":13},{"not_picked":["Cleave","Shrug It Off"],"picked":"Dropkick","floor":14},{"not_picked":["Brutality","Bludgeon"],"picked":"Corruption","floor":16},{"not_picked":["Pummel","Heavy Blade"],"picked":"Shockwave","floor":18},{"not_picked":["Rupture","Uppercut"],"picked":"Seeing Red+1","floor":22},{"not_picked":["Twin Strike","Body Slam"],"picked":"Impervious","floor":24},{"not_picked":["Cleave","Seeing Red","Thunderclap"],"picked":"SKIP","floor":27},{"not_picked":["Warcry","Sword Boomerang","Pommel Strike"],"picked":"SKIP","floor":28},{"not_picked":["Ghostly Armor","Pommel Strike"],"picked":"Entrench","floor":30},{"not_picked":["Seeing Red+1","Thunderclap"],"picked":"Dark Embrace+1","floor":31},{"not_picked":["Corruption","Demon Form"],"picked":"Impervious","floor":33},{"not_picked":["Headbutt","Anger"],"picked":"Armaments","floor":35},{"not_picked":["Twin Strike","Sword Boomerang","Searing Blow"],"picked":"SKIP","floor":39},{"not_picked":["Second Wind","Flame Barrier"],"picked":"Feel No Pain","floor":40},{"not_picked":["Headbutt","Pommel Strike","Twin Strike"],"picked":"SKIP","floor":44},{"not_picked":["Bludgeon","Whirlwind"],"picked":"Shrug It Off","floor":46},{"not_picked":["Wild Strike","Cleave"],"picked":"Body Slam","floor":47},{"not_picked":["Hemokinesis+1","Thunderclap","Ghostly Armor"],"picked":"SKIP","floor":48},{"not_picked":["Hemokinesis+1","Thunderclap","Ghostly Armor"],"picked":"SKIP","floor":48},{"not_picked":["Hemokinesis+1","Thunderclap","Ghostly Armor"],"picked":"SKIP","floor":48},{"not_picked":["Berserk","Inflame","Sever Soul+1"],"picked":"SKIP","floor":55}],"player_experience":20940626,"relics_obtained":[{"floor":6,"key":"Dream Catcher"},{"floor":8,"key":"Mercury Hourglass"},{"floor":9,"key":"TungstenRod"},{"floor":13,"key":"Peace Pipe"},{"floor":24,"key":"Anchor"},{"floor":26,"key":"Bag of Preparation"},{"floor":28,"key":"Potion Belt"},{"floor":30,"key":"Strawberry"},{"floor":40,"key":"Whetstone"},{"floor":43,"key":"Boot"},{"floor":47,"key":"Omamori"},{"floor":55,"key":"Gremlin Horn"}],"event_choices":[{"damage_healed":0,"gold_gain":77,"player_choice":"Gained Gold","damage_taken":0,"max_hp_gain":0,"max_hp_loss":0,"event_name":"Golden Wing","floor":2,"gold_loss":0},{"cards_removed":["Strike_R"],"damage_healed":0,"gold_gain":0,"player_choice":"Card Removal","damage_taken":0,"max_hp_gain":0,"max_hp_loss":0,"event_name":"The Cleric","floor":12,"gold_loss":75},{"damage_healed":0,"gold_gain":0,"player_choice":"Joined the Cult","damage_taken":6,"max_hp_gain":0,"max_hp_loss":0,"event_name":"Nest","floor":19,"gold_loss":0,"cards_obtained":["RitualDagger"]},{"cards_removed":["Strike_R"],"damage_healed":0,"gold_gain":0,"player_choice":"Gave Gold","damage_taken":0,"max_hp_gain":0,"max_hp_loss":0,"event_name":"Beggar","floor":21,"gold_loss":75},{"damage_healed":0,"gold_gain":0,"player_choice":"Ignored","damage_taken":0,"max_hp_gain":0,"max_hp_loss":0,"event_name":"Vampires","floor":29,"gold_loss":0},{"cards_removed":["Defend_R"],"damage_healed":0,"gold_gain":0,"player_choice":"Removed Skill","damage_taken":0,"max_hp_gain":0,"max_hp_loss":0,"event_name":"Falling","floor":36,"gold_loss":0},{"damage_healed":0,"gold_gain":0,"player_choice":"Embrace Madness","damage_taken":15,"max_hp_gain":0,"max_hp_loss":0,"event_name":"Winding Halls","floor":37,"gold_loss":0,"cards_obtained":["Madness","Madness"]},{"cards_removed":["Headbutt"],"damage_healed":0,"gold_gain":0,"player_choice":"Purged","damage_taken":0,"max_hp_gain":0,"max_hp_loss":0,"event_name":"Purifier","floor":42,"gold_loss":0}],"is_beta":false,"boss_relics":[{"not_picked":["Runic Cube","Philosopher\u0027s Stone"],"picked":"Runic Pyramid"},{"not_picked":["Pandora\u0027s Box","Black Star"],"picked":"SlaversCollar"}],"items_purged_floors":[20,38],"is_endless":false,"potions_floor_spawned":[1,3,6,7,13,24,28,31,33,35,44,46,48],"ascension_level":20}}