{"host":"szp1d6dso4pv7ddl","time":1610601650,"event":{"mods":["AchievementEnabler","Alarm Clock","BaseMod","Bestiary","Colored Map","Curses Come First","Dark Map","Displayed Cursed Tome","Highlight Path","Minty Spire (QoL Compilation)","Permanent Neow","Quick Restart","Relic Sorter","Relic Stats","StSLib","Synergy Search"],"gold_per_floor":[117,28,28,41,60,60,88,98,98,98,98],"floor_reached":10,"language":"ENG","playtime":792,"items_purged":[],"score":126,"play_id":"46baef3f-b7fc-40ad-8529-7f68d4c44520","local_time":"20210113212050","is_ascension_mode":true,"campfire_choices":[{"floor":6,"key":"REST"}],"circlet_count":0,"master_deck":["AscendersBane","Strike_G","Strike_G","Strike_G","Strike_G","Defend_G","Defend_G","Defend_G","Defend_G","Defend_G","Survivor","Neutralize","Flying Knee","Footwork","Cloak And Dagger","Sucker Punch","All Out Attack","Flying Knee","Dodge and Roll"],"relics":["Black Star","Ornamental Fan","Bottled Flame","Mummified Hand"],"acts_visited":["Exordium"],"potions_floor_usage":[10],"damage_taken":[{"damage":16,"enemies":"Cultist","floor":1,"turns":6},{"damage":11,"enemies":"Small Slimes","floor":4,"turns":5},{"damage":0,"enemies":"Jaw Worm","floor":5,"turns":6},{"damage":6,"enemies":"3 Sentries","floor":7,"turns":9},{"damage":18,"enemies":"Exordium Wildlife","floor":8,"turns":5},{"damage":29,"enemies":"Lagavulin","floor":10,"turns":11}],"seed_played":"-4864006521639751185","potions_obtained":[{"floor":8,"key":"DuplicationPotion"}],"is_trial":false,"path_per_floor":["M","$","?","M","M","R","E","M","T","E"],"character_chosen":"THE_SILENT","items_purchased":["Footwork","Cloak And Dagger"],"campfire_rested":1,"item_purchase_floors":[2,2],"current_hp_per_floor":[43,43,43,32,32,51,45,27,27,0,0],"gold":98,"neow_bonus":"BOSS_RELIC","is_daily":false,"chose_seed":false,"campfire_upgraded":0,"win_rate":0.0,"timestamp":1610601650,"path_taken":["M","?","?","M","M","R","E","?","T","E"],"items_purchased_type":["Card","Card"],"build_version":"2020-12-22","purchased_purges":0,"victory":false,"max_hp_per_floor":[66,66,66,66,66,66,66,66,66,66,66],"relic_stats":{"counters":[6,42],"Ornamental Fan":[12],"Mummified Hand":[1],"Black Star":1,"obtain_stats":[{"Bottled Flame":7,"Ornamental Fan":7,"Mummified Hand":9,"Black Star":0,"Ring of the Snake":0},{"Bottled Flame":4,"Ornamental Fan":4,"Mummified Hand":5,"Black Star":0,"Ring of the Snake":0},{"Bottled Flame":26,"Ornamental Fan":26,"Mummified Hand":31,"Black Star":0,"Ring of the Snake":0}]},"card_choices":[{"not_picked":["Deadly Poison","Concentrate"],"picked":"Flying Knee","floor":1},{"not_picked":["Underhanded Strike","Concentrate"],"picked":"Sucker Punch","floor":4},{"not_picked":["Well Laid Plans","Slice"],"picked":"All Out Attack","floor":5},{"not_picked":["Finisher","Outmaneuver"],"picked":"Flying Knee","floor":7},{"not_picked":["Blade Dance","Concentrate"],"picked":"Dodge and Roll","floor":8}],"player_experience":1169922,"relics_obtained":[{"floor":7,"key":"Ornamental Fan"},{"floor":7,"key":"Bottled Flame"},{"floor":9,"key":"Mummified Hand"}],"event_choices":[{"cards_removed":["Strike_G"],"damage_healed":0,"gold_gain":0,"player_choice":"Purged","damage_taken":0,"max_hp_gain":0,"max_hp_loss":0,"event_name":"Purifier","floor":3,"gold_loss":0}],"is_beta":false,"boss_relics":[],"items_purged_floors":[],"is_endless":false,"potions_floor_spawned":[8],"killed_by":"Lagavulin","ascension_level":17}}