{"host":"v3z2g2b45xdjh78v","time":1610588898,"event":{"mods":["BaseMod","Challenge The Spire","Colored Powertips","Hermit","Infinite Spire","Minty Spire (QoL Compilation)","Replay The Spire","Shop Mod","StSLib","The Bug Knight","The Construct","The Cursed","The Disciple","The Hierophant"],"gold_per_floor":[116,43,97,97,116,116,128,157,157,182,182,197,197,197],"floor_reached":13,"language":"ENG","playtime":859,"items_purged":[],"score":93,"play_id":"f9e1889b-ccce-41e3-b09c-0300c6ae4976","local_time":"20210114144818","is_ascension_mode":false,"campfire_choices":[{"data":"HollowMod:CycloneSlash","floor":6,"key":"SMITH"}],"circlet_count":0,"master_deck":["HollowMod:NailStrikeStart","HollowMod:NailStrikeStart","HollowMod:NailStrikeStart","HollowMod:QuickDashStart","HollowMod:QuickDashStart","HollowMod:QuickDashStart","HollowMod:QuickDashStart","HollowMod:FocusHealStart","HollowMod:PogoStrike","HollowMod:CycloneSlash+1","HollowMod:MantisMark","HollowMod:HuntersJournal","HollowMod:MonarchWings","HollowMod:NewLittleFool","HollowMod:CornifersMapStart","HollowMod:LifebloodCore"],"relics":["HollowMod:VesselMask","NeowsBlessing","Omamori","Peace Pipe","Mercury Hourglass","Replay:Kaleidoscope"],"acts_visited":["Exordium"],"potions_floor_usage":[10,10],"damage_taken":[{"damage":0,"enemies":"Cultist","floor":1,"turns":1},{"damage":0,"enemies":"Jaw Worm","floor":5,"turns":1},{"damage":0,"enemies":"Small Slimes","floor":7,"turns":1},{"damage":17,"enemies":"HollowMod:MossKnight","floor":8,"turns":7},{"damage":16,"enemies":"Gremlin Nob","floor":10,"turns":3},{"damage":15,"enemies":"Looter","floor":12,"turns":3},{"damage":14,"enemies":"Replay:BlueRogue","floor":13,"turns":5}],"seed_played":"-281899449365420195","potions_obtained":[{"floor":4,"key":"FairyPotion"},{"floor":4,"key":"FearPotion"},{"floor":4,"key":"Swift Potion"},{"floor":7,"key":"CultistPotion"}],"is_trial":false,"path_per_floor":["M","$","T","?","M","R","M","E","T","E","?","M","E"],"character_chosen":"THE_BUGKNIGHT","items_purchased":["HollowMod:MantisMark"],"campfire_rested":0,"item_purchase_floors":[2],"current_hp_per_floor":[75,75,75,75,75,75,75,58,58,42,35,26,18,18],"gold":197,"neow_bonus":"THREE_ENEMY_KILL","is_daily":false,"chose_seed":false,"campfire_upgraded":1,"win_rate":0.0,"timestamp":1610588898,"path_taken":["M","$","?","?","?","R","M","E","T","E","?","M","E"],"items_purchased_type":["Card"],"build_version":"2020-12-22","purchased_purges":0,"victory":false,"max_hp_per_floor":[75,75,75,75,75,75,75,75,75,75,75,75,75,75],"card_choices":[{"not_picked":["HollowMod:SharpenedNail","HollowMod:DoubleDash"],"picked":"HollowMod:CycloneSlash","floor":1},{"not_picked":["HollowMod:SoulMaster","HollowMod:DesolateDive"],"picked":"HollowMod:HuntersJournal","floor":5},{"not_picked":["HollowMod:DescendingDark","HollowMod:SoulSplash"],"picked":"HollowMod:MonarchWings","floor":7},{"not_picked":["HollowMod:HeavyBlow","HollowMod:InfectedAttack"],"picked":"HollowMod:NewLittleFool","floor":8},{"not_picked":["HollowMod:DescendingDark","HollowMod:CloakDash"],"picked":"HollowMod:CornifersMapStart","floor":10},{"not_picked":["HollowMod:VengefulVoid","HollowMod:RecoilStrike"],"picked":"HollowMod:LifebloodCore","floor":12}],"player_experience":97229,"relics_obtained":[{"floor":3,"key":"Omamori"},{"floor":8,"key":"Peace Pipe"},{"floor":9,"key":"Mercury Hourglass"},{"floor":10,"key":"Replay:Kaleidoscope"}],"event_choices":[{"damage_healed":0,"gold_gain":0,"player_choice":"Got Potions","damage_taken":0,"max_hp_gain":0,"max_hp_loss":0,"event_name":"Lab","floor":4,"gold_loss":0},{"cards_removed":["HollowMod:NailStrikeStart"],"damage_healed":0,"gold_gain":0,"player_choice":"Card Removal","damage_taken":7,"max_hp_gain":0,"max_hp_loss":0,"event_name":"Golden Wing","floor":11,"gold_loss":0}],"is_beta":false,"boss_relics":[],"items_purged_floors":[],"is_endless":false,"potions_floor_spawned":[5,7],"killed_by":"Replay:BlueRogue","ascension_level":0}}