{"host":"ecaj4hn004xnnrw9","time":1610588779,"event":{"mods":["AchievementEnabler","BaseMod","Better Third Choice","Hermit","Hubris","Infinite Spire","Jorbs\u0027s Wanderer Trilogy","Minty Spire (QoL Compilation)","Quick Restart","Shop Mod","StSLib","The Construct","The Jungle","The Runesmith"],"gold_per_floor":[117,117,117,117,117,117,117,36,36,56,100,176,176,196,196,289,289,310,310,9,9,9,44,44,78,78,111,136,169,169,210,210,300,300,318,318,318,30,30,30,30,30,30,65,105,139,179,210,210,300,395,395,406,406,466,87,87,87,87,87,134,134,167,177,210,248,248,335,335,345,354,354,354,82,82,82,107,189,114,134,143,143,180,180,272,272,292,62,62,62,118,118,118,118,145,170,179,179,193,214,214,294,385,385,397,397,130,160,160,154,154],"floor_reached":110,"language":"ENG","playtime":3456,"items_purged":["Twin Strike","Pommel Strike","Demon Form","Cleave","Reckless Charge","Clothesline+1","Mind Blast+1","hubris:Rewind","Dark Embrace+1","Heavy Blade+1","Feel No Pain+1"],"score":5871,"play_id":"5a626b7b-f8dc-4bc3-a80f-2feb1094f1af","local_time":"20210114014619","daily_mods":["Draft","Vintage","Heirloom","Time Dilation","Flight","DeadlyEvents","Elite Swarm"],"is_ascension_mode":true,"campfire_choices":[{"data":"Battle Trance","floor":6,"key":"SMITH"},{"data":"Spot Weakness","floor":7,"key":"SMITH"},{"data":"Dark Embrace","floor":13,"key":"SMITH"},{"data":"Rage","floor":15,"key":"SMITH"},{"data":"Limit Break","floor":30,"key":"SMITH"},{"data":"Clothesline","floor":32,"key":"SMITH"},{"data":"Feel No Pain","floor":40,"key":"SMITH"},{"data":"Offering","floor":41,"key":"SMITH"},{"data":"Offering","floor":42,"key":"SMITH"},{"data":"Limit Break","floor":49,"key":"SMITH"},{"data":"hubris:InfiniteBlow+1","floor":58,"key":"SMITH"},{"data":"hubris:InfiniteBlow+2","floor":59,"key":"SMITH"},{"data":"hubris:InfiniteBlow+3","floor":62,"key":"SMITH"},{"data":"hubris:InfiniteBlow+4","floor":67,"key":"SMITH"},{"data":"hubris:InfiniteBlow+7","floor":75,"key":"SMITH"},{"data":"hubris:InfiniteBlow+8","floor":76,"key":"SMITH"},{"data":"hubris:InfiniteBlow+9","floor":82,"key":"SMITH"},{"data":"hubris:InfiniteBlow+10","floor":84,"key":"SMITH"},{"data":"hubris:InfiniteBlow+12","floor":92,"key":"SMITH"},{"data":"hubris:InfiniteBlow+13","floor":93,"key":"SMITH"},{"data":"hubris:InfiniteBlow+14","floor":94,"key":"SMITH"},{"data":"hubris:InfiniteBlow+15","floor":98,"key":"SMITH"},{"data":"hubris:InfiniteBlow+16","floor":101,"key":"SMITH"}],"circlet_count":0,"master_deck":["AscendersBane","Rage+1","True Grit+1","Battle Trance+1","Twin Strike+1","Shrug It Off+1","Offering+1","Pommel Strike+1","Offering+1","hubris:DuctTapeCard","Feed+1","Limit Break+1","Reaper+1","Limit Break+1","hubris:InfiniteBlow+18","infinitespire:SealOfDarkness+"],"relics":["Runesmith:BrokenRuby","Incense Burner","hubris:OldNail","hubris:Towel","Golden Idol","Blood Vial","Akabeko","Tiny Chest","Molten Egg 2","Magic Flower","Mark of Pain","StrikeDummy","Brimstone","hubris:SlimyHat","hubris:Icosahedron","infinitespire:Joker Card","Charon\u0027s Ashes","Shovel","hubris:DuctTape","hubris:BundleOfHerbs","Centennial Puzzle","infinitespire:Satchel","Bronze Scales","SacredBark","Ancient Tea Set","infinitespire:CheckeredPen","infinitespire:Bottled Soul","HornCleat","Bottled Lightning","hubris:Spice","Lantern","construct:FoamFinger","infinitespire:Cubic Diamond","hubris:GlazedTorus","Pear","Membership Card","War Paint","Strawberry","Regal Pillow","construct:WeddingRing","Whetstone","Frozen Egg 2","Question Card","CeramicFish","hubris:ToyBattleship","Gambling Chip","hubris:TinFlute","hubris:CuriousFeather","Lizard Tail","Bird Faced Urn","Mango","hubris:Potato","Ice Cream","Matryoshka","Nunchaku","Happy Flower"],"acts_visited":["Exordium","TheCity","TheBeyond","Exordium","TheCity","TheBeyond","Exordium"],"potions_floor_usage":[47],"damage_taken":[{"damage":7,"enemies":"Small Slimes","floor":1,"turns":2},{"damage":2,"enemies":"2 Louse","floor":10,"turns":2},{"damage":1,"enemies":"Lagavulin","floor":11,"turns":5},{"damage":4,"enemies":"Jaw Worm","floor":14,"turns":2},{"damage":31,"enemies":"Slime Boss","floor":16,"turns":10},{"damage":7,"enemies":"Shell Parasite","floor":18,"turns":2},{"damage":6,"enemies":"Gremlin Leader","floor":23,"turns":4},{"damage":22,"enemies":"Book of Stabbing","floor":25,"turns":2},{"damage":17,"enemies":"Nightmare","floor":27,"turns":4},{"damage":12,"enemies":"2 Thieves","floor":28,"turns":2},{"damage":1,"enemies":"Book of Stabbing","floor":29,"turns":2},{"damage":12,"enemies":"Gremlin Leader","floor":31,"turns":3},{"damage":12,"enemies":"Collector","floor":33,"turns":3},{"damage":6,"enemies":"Orb Walker","floor":35,"turns":2},{"damage":6,"enemies":"Giant Head","floor":44,"turns":2},{"damage":12,"enemies":"Reptomancer","floor":45,"turns":2},{"damage":21,"enemies":"Nightmare","floor":46,"turns":3},{"damage":0,"enemies":"Nemesis","floor":47,"turns":1},{"damage":7,"enemies":"Giant Head","floor":48,"turns":3},{"damage":6,"enemies":"Time Eater","floor":50,"turns":2},{"damage":7,"enemies":"Donu and Deca","floor":51,"turns":2},{"damage":0,"enemies":"2 Louse","floor":53,"turns":1},{"damage":6,"enemies":"Gremlin Nob","floor":55,"turns":1},{"damage":0,"enemies":"Lagavulin","floor":63,"turns":2},{"damage":0,"enemies":"Cultist","floor":64,"turns":1},{"damage":0,"enemies":"Gremlin Nob","floor":65,"turns":2},{"damage":6,"enemies":"Lagavulin","floor":66,"turns":1},{"damage":12,"enemies":"Hexaghost","floor":68,"turns":1},{"damage":12,"enemies":"2 Thieves","floor":70,"turns":1},{"damage":18,"enemies":"3 Byrds","floor":71,"turns":2},{"damage":0,"enemies":"Nightmare","floor":77,"turns":1},{"damage":0,"enemies":"Cultist and Chosen","floor":80,"turns":1},{"damage":0,"enemies":"Book of Stabbing","floor":83,"turns":1},{"damage":0,"enemies":"Collector","floor":85,"turns":1},{"damage":0,"enemies":"Orb Walker","floor":87,"turns":1},{"damage":6,"enemies":"2 Orb Walkers","floor":91,"turns":2},{"damage":0,"enemies":"3 Darklings","floor":99,"turns":1},{"damage":56,"enemies":"Nightmare","floor":100,"turns":3},{"damage":7,"enemies":"Awakened One","floor":102,"turns":2},{"damage":6,"enemies":"hubris:GrandSnecko","floor":103,"turns":1},{"damage":0,"enemies":"Jaw Worm","floor":105,"turns":1},{"damage":0,"enemies":"Lagavulin","floor":108,"turns":1},{"damage":85,"enemies":"Nightmare_Alpha","floor":110,"turns":1}],"seed_played":"7893000190076271900","potions_obtained":[{"floor":16,"key":"Ancient Potion"},{"floor":29,"key":"DuplicationPotion"},{"floor":50,"key":"Regen Potion"},{"floor":66,"key":"DuplicationPotion"}],"is_trial":true,"path_per_floor":["M","?","?","?","?","R","R","$","T","M","E","T","R","M","R","B",null,"M","AVR","$","?","T","E","?","E","T","NM","M","E","R","E","R","B",null,"M","T","AVR","$","NS","R","R","R","T","E","E","NM","E","E","R","B","B",null,"M","?","?","$","AVR","R","R","T","T","R","E","M","E","E","R","B",null,"M","M","?","T","$","R","R","NM","T","$","M","AVR","R","E","R","B",null,"M","$","?","NS","?","R","R","R","T","T","AVR","R","M","NM","R","B","B",null,"M","?","$","E","T","NM"],"character_chosen":"IRONCLAD","items_purchased":["Dark Embrace","hubris:SlimyHat","Pommel Strike+1","infinitespire:Bottled Soul","Pear","hubris:Spice","Mind Blast+1","hubris:TinFlute","Ice Cream"],"campfire_rested":0,"item_purchase_floors":[8,20,20,38,56,74,74,88,107],"current_hp_per_floor":[67,67,67,60,60,60,60,60,60,66,68,68,68,68,68,46,63,68,68,68,68,68,68,68,55,55,50,56,67,67,73,73,73,75,76,76,76,76,76,76,76,76,76,76,88,82,92,104,104,100,108,100,92,92,88,98,98,98,98,90,90,90,101,105,93,89,89,77,86,83,85,85,77,69,69,69,69,69,69,69,69,69,61,61,61,53,53,53,53,53,57,57,57,57,53,53,53,53,53,67,67,67,70,67,71,71,71,75,75,0,0],"gold":154,"neow_bonus":"","is_daily":false,"chose_seed":false,"campfire_upgraded":23,"win_rate":0.0,"timestamp":1610588779,"path_taken":["M","?","?","?","?","R","R","$","T","?","?","?","R","?","R","BOSS","M","AVR","$","?","?","E","?","E","T","NM","?","E","R","?","R","BOSS","M","?","AVR","?","NS","R","R","R","T","E","E","NM","E","E","R","BOSS","BOSS","M","?","?","$","AVR","R","R","?","T","R","E","?","?","E","R","BOSS","M","M","?","?","$","R","R","NM","T","$","M","AVR","R","?","R","BOSS","M","$","?","NS","?","R","R","R","T","?","AVR","R","?","NM","R","BOSS","BOSS","M","?","$","?","?","NM"],"items_purchased_type":["Card","Relic","Card","Relic","Relic","Relic","Card","Relic","Relic"],"build_version":"2020-12-22","purchased_purges":11,"victory":false,"max_hp_per_floor":[75,75,75,75,68,68,68,68,68,68,68,68,68,68,68,68,68,68,68,68,68,68,68,68,68,68,68,72,72,72,76,76,76,76,76,76,76,76,76,76,76,76,76,76,88,92,92,104,104,100,108,100,92,92,88,98,98,98,98,90,90,90,101,105,93,89,89,89,89,93,85,85,77,69,69,69,69,69,69,69,69,69,61,61,61,53,53,53,53,53,61,61,61,61,53,53,53,53,53,67,67,71,75,67,71,71,71,75,75,75,75],"card_choices":[{"not_picked":["Thunderclap","Cleave"],"picked":"Rage","floor":0},{"not_picked":["Armaments","Iron Wave"],"picked":"hubris:ReadiedAction","floor":0},{"not_picked":["Reckless Charge","Infernal Blade"],"picked":"True Grit","floor":0},{"not_picked":["Searing Blow","hubris:SharpeningStone"],"picked":"Spot Weakness","floor":0},{"not_picked":["Sever Soul","Ghostly Armor"],"picked":"Feel No Pain","floor":0},{"not_picked":["Dual Wield","Body Slam"],"picked":"Wild Strike","floor":0},{"not_picked":["Twin Strike","Havoc"],"picked":"Battle Trance","floor":0},{"not_picked":["Shrug It Off","Headbutt"],"picked":"Twin Strike","floor":0},{"not_picked":["Clash","Cleave"],"picked":"Pommel Strike","floor":0},{"not_picked":["Seeing Red","Headbutt"],"picked":"Twin Strike","floor":0},{"not_picked":["Flex","Perfected Strike"],"picked":"Reckless Charge","floor":0},{"not_picked":["Cleave","Iron Wave"],"picked":"Clothesline","floor":0},{"not_picked":["Body Slam","Iron Wave"],"picked":"Cleave","floor":0},{"not_picked":["hubris:SharpeningStone","Flex"],"picked":"Shrug It Off","floor":0},{"not_picked":["Headbutt","hubris:CleavingFinish"],"picked":"Heavy Blade","floor":0},{"not_picked":["Impervious","Corruption"],"picked":"Offering","floor":11},{"not_picked":["Feed+1","Reaper+1"],"picked":"Limit Break","floor":16},{"not_picked":["Brutality","Juggernaut"],"picked":"Demon Form","floor":23},{"not_picked":["Demon Form","Exhume"],"picked":"Offering","floor":25},{"not_picked":["Brutality","Bludgeon+1"],"picked":"Feed+1","floor":27},{"not_picked":["Offering","Brutality"],"picked":"Limit Break","floor":29},{"not_picked":["Brutality","Impervious","Offering"],"picked":"SKIP","floor":31},{"not_picked":["Immolate+1","Exhume"],"picked":"Reaper+1","floor":44},{"not_picked":["Berserk","Exhume"],"picked":"Limit Break","floor":45},{"not_picked":["Berserk","Demon Form","Double Tap"],"picked":"SKIP","floor":46},{"not_picked":["Brutality","Fiend Fire+1","Reaper+1"],"picked":"SKIP","floor":47},{"not_picked":["Demon Form","Berserk","Double Tap"],"picked":"SKIP","floor":48},{"not_picked":["Reaper+1","Feed+1"],"picked":"hubris:SpiceAddiction","floor":50},{"not_picked":["infinitespire:FinalStrike","infinitespire:Gouge"],"picked":"hubris:InfiniteBlow","floor":51},{"not_picked":["Shockwave","Twin Strike+1"],"picked":"hubris:SpiceAddiction","floor":55},{"not_picked":["Feed+1","Barricade","hubris:StunningStrike+1"],"picked":"SKIP","floor":63},{"not_picked":["hubris:StunningStrike+1","Bludgeon+1"],"picked":"hubris:SpiceAddiction","floor":65},{"not_picked":["Exhume","Bludgeon+1","Fiend Fire+1"],"picked":"SKIP","floor":66},{"not_picked":["Exhume","Limit Break","Fiend Fire+1"],"picked":"SKIP","floor":77},{"not_picked":["Juggernaut+1","Double Tap","hubris:StunningStrike+1","hubris:SpiceAddiction"],"picked":"SKIP","floor":83},{"not_picked":["hubris:StunningStrike+1","Impervious","Barricade+1","Immolate+1"],"picked":"SKIP","floor":100},{"not_picked":["Impervious","Bludgeon+1","Barricade+1","hubris:SpiceAddiction"],"picked":"SKIP","floor":108}],"player_experience":308084,"relics_obtained":[{"floor":1,"key":"hubris:OldNail"},{"floor":9,"key":"Blood Vial"},{"floor":10,"key":"Akabeko"},{"floor":11,"key":"Tiny Chest"},{"floor":12,"key":"Molten Egg 2"},{"floor":14,"key":"Magic Flower"},{"floor":18,"key":"StrikeDummy"},{"floor":22,"key":"infinitespire:Joker Card"},{"floor":23,"key":"Charon\u0027s Ashes"},{"floor":25,"key":"Shovel"},{"floor":26,"key":"hubris:DuctTape"},{"floor":27,"key":"hubris:BundleOfHerbs"},{"floor":28,"key":"Centennial Puzzle"},{"floor":29,"key":"infinitespire:Satchel"},{"floor":31,"key":"Bronze Scales"},{"floor":35,"key":"Ancient Tea Set"},{"floor":36,"key":"infinitespire:CheckeredPen"},{"floor":43,"key":"HornCleat"},{"floor":44,"key":"Bottled Lightning"},{"floor":45,"key":"hubris:Spice"},{"floor":46,"key":"Lantern"},{"floor":47,"key":"construct:FoamFinger"},{"floor":48,"key":"hubris:Spice"},{"floor":53,"key":"hubris:Spice"},{"floor":60,"key":"hubris:Spice"},{"floor":61,"key":"War Paint"},{"floor":63,"key":"Strawberry"},{"floor":64,"key":"Regal Pillow"},{"floor":65,"key":"hubris:Spice"},{"floor":66,"key":"hubris:Spice"},{"floor":70,"key":"Whetstone"},{"floor":71,"key":"hubris:Spice"},{"floor":73,"key":"hubris:Spice"},{"floor":77,"key":"Frozen Egg 2"},{"floor":78,"key":"Question Card"},{"floor":80,"key":"CeramicFish"},{"floor":83,"key":"hubris:Spice"},{"floor":87,"key":"Gambling Chip"},{"floor":91,"key":"hubris:CuriousFeather"},{"floor":95,"key":"hubris:Spice"},{"floor":96,"key":"Lizard Tail"},{"floor":99,"key":"Bird Faced Urn"},{"floor":100,"key":"Mango"},{"floor":105,"key":"hubris:Potato"},{"floor":108,"key":"Matryoshka"},{"floor":109,"key":"Nunchaku"},{"floor":109,"key":"Happy Flower"}],"event_choices":[{"cards_removed":["Wild Strike"],"damage_healed":0,"gold_gain":0,"player_choice":"Card Removal","damage_taken":7,"max_hp_gain":0,"max_hp_loss":0,"event_name":"Golden Wing","floor":4,"gold_loss":0},{"damage_healed":0,"gold_gain":0,"player_choice":"Lose Max HP","damage_taken":0,"relics_obtained":["Golden Idol"],"max_hp_gain":0,"max_hp_loss":7,"event_name":"Golden Idol","floor":5,"gold_loss":0},{"damage_healed":0,"gold_gain":30,"player_choice":"Searched \u00273\u0027 times","damage_taken":0,"relics_obtained":["hubris:GlazedTorus"],"max_hp_gain":0,"max_hp_loss":0,"event_name":"Dead Adventurer","floor":55,"gold_loss":0},{"damage_healed":0,"gold_gain":0,"player_choice":"Upgraded","damage_taken":0,"max_hp_gain":0,"max_hp_loss":0,"event_name":"Upgrade Shrine","floor":72,"gold_loss":0,"cards_upgraded":["hubris:InfiniteBlow"]},{"damage_healed":0,"gold_gain":0,"player_choice":"Memory 1","damage_taken":0,"max_hp_gain":0,"max_hp_loss":0,"event_name":"SensoryStone","floor":89,"gold_loss":0},{"damage_healed":0,"gold_gain":0,"player_choice":"Fight","damage_taken":0,"max_hp_gain":0,"max_hp_loss":0,"event_name":"Mysterious Sphere","floor":91,"gold_loss":0},{"damage_healed":0,"gold_gain":0,"player_choice":"Forge","damage_taken":0,"max_hp_gain":0,"max_hp_loss":0,"event_name":"Accursed Blacksmith","floor":106,"gold_loss":0,"cards_upgraded":["hubris:InfiniteBlow"]}],"is_beta":false,"boss_relics":[{"not_picked":["Snecko Eye","hubris:RunicObelisk"],"picked":"Mark of Pain"},{"not_picked":["Astrolabe","Busted Crown"],"picked":"SacredBark"},{"not_picked":["hubris:Spice","hubris:Spice"],"picked":"hubris:Spice"},{"not_picked":["hubris:ScarierMask","hubris:Spice"],"picked":"construct:WeddingRing"},{"not_picked":["Velvet Choker","Runic Cube"],"picked":"hubris:Spice"},{"not_picked":["hubris:Spice","hubris:Spice"],"picked":"hubris:Spice"}],"items_purged_floors":[19,20,37,56,57,74,79,81,88,97,107],"is_endless":true,"potions_floor_spawned":[16,25,29,31,45,46,48,50,53,63,66,68,70,71,80,87,91],"killed_by":"Nightmare_Alpha","ascension_level":20}}