{"host":"1cd1aqaox6jesai3","time":1610599729,"event":{"mods":["Act Like it!","Arknights The Spire","Astrologer","Bartender","BaseMod","Colored Powertips","Googly Eyes","Hallownest","Infinite Spire","Mimic Mod","Minty Spire (QoL Compilation)","Replay The Spire","StSLib","The Bladedancer","The Bug Knight","The Construct","The Factory","The Hierophant"],"gold_per_floor":[112,126,141,141,29,29,57,57,57,57,67,81,93,119,119,119,119],"floor_reached":16,"language":"ENG","playtime":1036,"items_purged":[],"score":112,"play_id":"9ecb2383-d995-4244-bedd-520003e837d5","local_time":"20210113234849","is_ascension_mode":false,"campfire_choices":[{"data":"blademaster:CombatPrep","floor":6,"key":"SMITH"},{"data":"blademaster:Overcharge","floor":8,"key":"SMITH"},{"data":"blademaster:Breeze","floor":10,"key":"SMITH"},{"data":"blademaster:EyeOfTheTornado","floor":15,"key":"SMITH"}],"circlet_count":0,"master_deck":["blademaster:Strike","blademaster:Strike","blademaster:Strike","blademaster:Strike","blademaster:Defend","blademaster:Defend","blademaster:Defend","blademaster:Defend","blademaster:RagingBlow","blademaster:HighVoltage","blademaster:Frontflip","blademaster:ThunderingOpener","blademaster:CombatPrep+1","blademaster:Overcharge+1","blademaster:AwakeningStrike","blademaster:AwakeningStrike","blademaster:Breeze+1","blademaster:EyeOfTheTornado+1","blademaster:Flash","blademaster:Slice"],"relics":["blademaster:DancersAmulet","NeowsBlessing","White Beast Statue","HollowMod:LifeEnderRelic","Boot"],"acts_visited":["Exordium"],"potions_floor_usage":[13,13,16,16],"damage_taken":[{"damage":0,"enemies":"Cultist","floor":1,"turns":1},{"damage":0,"enemies":"Small Slimes","floor":2,"turns":1},{"damage":0,"enemies":"Jaw Worm","floor":3,"turns":1},{"damage":8,"enemies":"Lagavulin","floor":7,"turns":7},{"damage":16,"enemies":"2 Fungi Beasts","floor":11,"turns":3},{"damage":20,"enemies":"Looter","floor":12,"turns":4},{"damage":0,"enemies":"Gremlin Gang","floor":13,"turns":1},{"damage":24,"enemies":"HollowMod:MossKnight","floor":14,"turns":7},{"damage":9,"enemies":"Hexaghost","floor":16,"turns":7}],"seed_played":"4342166020245911489","potions_obtained":[{"floor":1,"key":"Explosive Potion"},{"floor":11,"key":"Doom Potion"},{"floor":12,"key":"Explosive Potion"},{"floor":13,"key":"BlessingOfTheForge"},{"floor":14,"key":"Weak Potion"}],"is_trial":false,"path_per_floor":["M","M","M","?","$","R","E","R","T","R","M","M","M","E","R","B"],"character_chosen":"THE_BLADEMASTER","items_purchased":["blademaster:Overcharge","blademaster:AwakeningStrike"],"campfire_rested":0,"item_purchase_floors":[5,5],"current_hp_per_floor":[75,75,75,75,75,75,67,67,67,67,51,31,31,7,7,0,0],"gold":119,"neow_bonus":"THREE_ENEMY_KILL","is_daily":false,"chose_seed":false,"campfire_upgraded":4,"win_rate":0.0,"timestamp":1610599729,"path_taken":["M","M","M","?","?","R","E","R","T","R","?","M","M","E","R","BOSS"],"items_purchased_type":["Card","Card"],"build_version":"2020-12-22","purchased_purges":0,"victory":false,"max_hp_per_floor":[75,75,75,75,75,75,75,75,75,75,75,75,75,75,75,75,75],"card_choices":[{"not_picked":["blademaster:LightningCrash","blademaster:Stormstrike"],"picked":"blademaster:Frontflip","floor":1},{"not_picked":["blademaster:DragonStrike","blademaster:AirSlash"],"picked":"blademaster:ThunderingOpener","floor":2},{"not_picked":["blademaster:HighVoltage","blademaster:Vortex"],"picked":"blademaster:CombatPrep","floor":3},{"not_picked":["blademaster:HighVoltage","blademaster:Frontflip"],"picked":"blademaster:Breeze","floor":7},{"not_picked":["blademaster:Frontflip","blademaster:CullingStrike"],"picked":"blademaster:EyeOfTheTornado","floor":11},{"not_picked":["blademaster:AwakeningDefend","blademaster:AspectOfLightning"],"picked":"blademaster:Flash","floor":12},{"not_picked":["blademaster:Blockade","blademaster:ChargingUp"],"picked":"blademaster:Slice","floor":13},{"not_picked":["blademaster:IcyWind","blademaster:ThunderingOpener","blademaster:Sunder"],"picked":"SKIP","floor":14}],"player_experience":161444,"relics_obtained":[{"floor":7,"key":"blademaster:FinisherDrawCardPerk"},{"floor":7,"key":"White Beast Statue"},{"floor":9,"key":"HollowMod:LifeEnderRelic"},{"floor":14,"key":"Boot"},{"floor":14,"key":"blademaster:OnAttackedChargePerk"}],"event_choices":[{"damage_healed":0,"gold_gain":0,"player_choice":"Bought 0 Potions","damage_taken":0,"max_hp_gain":0,"max_hp_loss":0,"event_name":"The Woman in Blue","floor":4,"gold_loss":0}],"is_beta":false,"boss_relics":[],"items_purged_floors":[],"is_endless":false,"potions_floor_spawned":[1,11,12,13,14],"killed_by":"Hexaghost","ascension_level":0}}