{"host":"cxvb37eaaiijvrl4","time":1610625278,"event":{"mods":["ATMod(°¢èªMod)","BaseMod","Better Third Choice","Minty Spire (QoL Compilation)","MostiFishMod","Quick Restart","Rare Cards Sparkle","Shop Mod","Spicy Shops","StSLib","TestMod","Uncapped","²ÐÁôÖ®Îï"],"gold_per_floor":[112,127,127,144,144,144,169,169,169,188,218,228,228,263,263,336,336,347,217,217,167,181,210,220,247,270,270,282,292,242,262,262,335,335,346,361,361,361,373,373,392,420,420,449,449,227,238,138,138,138,138,138,138,10,38,38],"floor_reached":57,"language":"ZHS","playtime":2235,"items_purged":["Strike_P","Strike_P","Defend_P","Strike_P","Eruption+1","Vigilance+1","Strike_P","Defend_P"],"score":3194,"play_id":"1e73753a-851d-4273-9e5f-47f65c34195a","local_time":"20210114035438","is_ascension_mode":true,"campfire_choices":[{"data":"FearNoEvil","floor":6.0,"key":"SMITH"},{"data":"Adaptation","floor":13.0,"key":"SMITH"},{"floor":15.0,"key":"RECALL"},{"data":"Tantrum","floor":27.0,"key":"SMITH"},{"data":"DeusExMachina","floor":32.0,"key":"SMITH"},{"data":"Vigilance","floor":40.0,"key":"SMITH"},{"data":"TalkToTheHand","floor":49.0,"key":"SMITH"},{"data":"Master of Strategy","floor":53.0,"key":"SMITH"}],"circlet_count":0,"master_deck":["AscendersBane","Defend_P","FearNoEvil+1","Adaptation+1","DeusExMachina+1","Tantrum+1","Adaptation+1","TalkToTheHand+1","Master of Strategy+1","Prostrate"],"relics":["testmod-TestBox","DaveBox","AT_ATBox","AT_TrinityForce","Gambling Chip","Mummified Hand","Smiling Mask","VioletLotus","Dream Catcher"],"acts_visited":["Exordium","TheCity","TheBeyond","TheEnding"],"potions_floor_usage":[56,56,56],"damage_taken":[{"damage":0.0,"enemies":"Jaw Worm","floor":1.0,"turns":4.0},{"damage":0.0,"enemies":"2 Louse","floor":2.0,"turns":2.0},{"damage":0.0,"enemies":"Cultist","floor":4.0,"turns":2.0},{"damage":2.0,"enemies":"Gremlin Nob","floor":7.0,"turns":3.0},{"damage":0.0,"enemies":"Looter","floor":10.0,"turns":1.0},{"damage":15.0,"enemies":"3 Sentries","floor":11.0,"turns":3.0},{"damage":0.0,"enemies":"Exordium Thugs","floor":12.0,"turns":2.0},{"damage":5.0,"enemies":"Lagavulin","floor":14.0,"turns":3.0},{"damage":11.0,"enemies":"Hexaghost","floor":16.0,"turns":7.0},{"damage":0.0,"enemies":"Spheric Guardian","floor":18.0,"turns":1.0},{"damage":0.0,"enemies":"3 Byrds","floor":22.0,"turns":3.0},{"damage":0.0,"enemies":"Slavers","floor":23.0,"turns":1.0},{"damage":0.0,"enemies":"Centurion and Healer","floor":24.0,"turns":2.0},{"damage":0.0,"enemies":"Gremlin Leader","floor":25.0,"turns":3.0},{"damage":0.0,"enemies":"Sentry and Sphere","floor":28.0,"turns":2.0},{"damage":0.0,"enemies":"Snake Plant","floor":29.0,"turns":2.0},{"damage":0.0,"enemies":"Snecko","floor":31.0,"turns":2.0},{"damage":10.0,"enemies":"Automaton","floor":33.0,"turns":4.0},{"damage":0.0,"enemies":"Orb Walker","floor":35.0,"turns":1.0},{"damage":3.0,"enemies":"3 Shapes","floor":36.0,"turns":3.0},{"damage":12.0,"enemies":"Sphere and 2 Shapes","floor":39.0,"turns":3.0},{"damage":9.0,"enemies":"4 Shapes","floor":41.0,"turns":5.0},{"damage":0.0,"enemies":"Reptomancer","floor":42.0,"turns":3.0},{"damage":0.0,"enemies":"Nemesis","floor":44.0,"turns":1.0},{"damage":0.0,"enemies":"Writhing Mass","floor":47.0,"turns":2.0},{"damage":0.0,"enemies":"Awakened One","floor":50.0,"turns":2.0},{"damage":0.0,"enemies":"Donu and Deca","floor":51.0,"turns":2.0},{"damage":0.0,"enemies":"Shield and Spear","floor":55.0,"turns":2.0},{"damage":6,"enemies":"The Heart","floor":56,"turns":6}],"seed_played":"-1879523154814607905","potions_obtained":[{"floor":7.0,"key":"BottledMiracle"},{"floor":11.0,"key":"PlaceholderMod:PlaceholderPotion"},{"floor":23.0,"key":"Strength Potion"},{"floor":24.0,"key":"AttackPotion"},{"floor":25.0,"key":"FearPotion"},{"floor":42.0,"key":"StancePotion"}],"is_trial":false,"path_per_floor":["M","M","?","M","?","R","E","?","T","M","E","M","R","E","R","B",null,"M","$","?","$","M","E","M","E","T","R","M","M","$","M","R","B",null,"M","M","?","?","M","R","M","E","T","E","?","$","M","$","R","B","B",null,"R","$","E","B",null],"character_chosen":"WATCHER","items_purchased":["Tantrum","GamblersBrew","Prostrate"],"campfire_rested":0,"item_purchase_floors":[19,46,54],"current_hp_per_floor":[61,61,61,61,61,61,59,52,52,52,37,37,37,32,32,21,56,56,56,56,56,56,56,56,56,56,56,56,56,56,56,56,46,63,63,60,60,60,48,48,39,39,39,39,29,29,29,29,29,29,29,56,56,56,56,50],"gold":38,"neow_bonus":"BOSS_RELIC","is_daily":false,"chose_seed":false,"campfire_upgraded":7,"win_rate":0.0,"timestamp":1610625278,"path_taken":["M","M","?","M","?","R","E","?","T","M","E","?","R","E","R","BOSS","M","?","?","$","M","E","M","E","T","R","M","M","$","M","R","BOSS","M","M","?","?","?","R","M","E","T","E","?","?","M","$","R","BOSS","BOSS","R","$","E","BOSS"],"items_purchased_type":["Card","Potion","Card"],"build_version":"2020-12-22","purchased_purges":8,"victory":true,"max_hp_per_floor":[68,68,68,68,68,68,68,68,68,68,68,68,68,68,68,68,68,68,68,68,68,68,68,68,68,68,68,68,68,68,68,68,68,68,68,68,68,65,65,65,65,65,65,65,65,65,65,65,65,65,65,65,65,65,65,65],"card_choices":[{"not_picked":["Nirvana","Worship"],"picked":"FearNoEvil","floor":1.0},{"not_picked":["FlyingSleeves","AT_RealFormLess","AT_DivineConfetti"],"picked":"SKIP","floor":2.0},{"not_picked":["ReachHeaven","PathToVictory","WaveOfTheHand"],"picked":"SKIP","floor":4.0},{"not_picked":["FlyingSleeves","Evaluate","MostiFishMod:FlowState"],"picked":"SKIP","floor":7.0},{"not_picked":["ThirdEye","Consecrate","BowlingBash"],"picked":"SKIP","floor":10.0},{"not_picked":["SandsOfTime","Judgement"],"picked":"Adaptation","floor":11.0},{"not_picked":["JustLucky","Weave","Wallop"],"picked":"SKIP","floor":12.0},{"not_picked":["Consecrate","PathToVictory"],"picked":"DeusExMachina","floor":14.0},{"not_picked":["JustLucky","WaveOfTheHand","Prostrate"],"picked":"SKIP","floor":18.0},{"not_picked":["MostiFishMod:LegendTransform","ThirdEye","Swivel"],"picked":"SKIP","floor":22.0},{"not_picked":["MostiFishMod:Speedup","Protect","MostiFishMod:Disappear"],"picked":"SKIP","floor":23.0},{"not_picked":["SashWhip","Halt","EmptyBody"],"picked":"SKIP","floor":24.0},{"not_picked":["Consecrate","CrushJoints","Crescendo+1"],"picked":"SKIP","floor":25.0},{"not_picked":["FollowUp+1","Crescendo","MostiFishMod:FlowState"],"picked":"SKIP","floor":28.0},{"not_picked":["Protect","MostiFishMod:PathToVictory","BowlingBash"],"picked":"SKIP","floor":29.0},{"not_picked":["Protect","MostiFishMod:PathToVictory","BowlingBash"],"picked":"SKIP","floor":29.0},{"not_picked":["WheelKick","FollowUp","Evaluate"],"picked":"SKIP","floor":31.0},{"not_picked":["CrushJoints","Halt","Swivel"],"picked":"SKIP","floor":35.0},{"not_picked":["CrushJoints","Halt","Swivel"],"picked":"SKIP","floor":35.0},{"not_picked":["Wireheading","Protect","BattleHymn"],"picked":"SKIP","floor":36.0},{"not_picked":["JustLucky+1","Worship+1","MostiFishMod:FlowState"],"picked":"SKIP","floor":39.0},{"not_picked":["CarveReality","DeceiveReality","BattleHymn"],"picked":"SKIP","floor":41.0},{"not_picked":["ForeignInfluence","Perseverance","MostiFishMod:FlowState"],"picked":"SKIP","floor":42.0},{"not_picked":["SandsOfTime","SignatureMove"],"picked":"TalkToTheHand","floor":44.0},{"not_picked":["testmod-Automaton","Jack Of All Trades"],"picked":"Master of Strategy","floor":45.0},{"not_picked":["SashWhip","Halt+1","Wallop+1"],"picked":"SKIP","floor":47.0},{"not_picked":["Vengeance","FollowUp","FlyingSleeves+1"],"picked":"SKIP","floor":55.0}],"player_experience":680205,"relics_obtained":[{"floor":7.0,"key":"Gambling Chip"},{"floor":11.0,"key":"Mummified Hand"},{"floor":14.0,"key":"Smiling Mask"},{"floor":44.0,"key":"Dream Catcher"}],"event_choices":[{"damage_healed":0.0,"max_hp_gain":0.0,"max_hp_loss":0.0,"gold_gain":0.0,"event_name":"betterThird:BetterScrap","player_choice":"LEAVE","floor":3.0,"gold_loss":0.0,"damage_taken":0.0,"cards_obtained":["MostiFishMod:Neurotoxin"]},{"damage_healed":0.0,"max_hp_gain":0.0,"max_hp_loss":0.0,"gold_gain":0.0,"event_name":"Living Wall","player_choice":"Grow","floor":5.0,"gold_loss":0.0,"damage_taken":0.0,"cards_upgraded":["Eruption"]},{"cards_removed":["Defend_P"],"damage_healed":0.0,"max_hp_gain":0.0,"max_hp_loss":0.0,"gold_gain":0.0,"event_name":"Golden Wing","player_choice":"Card Removal","floor":8.0,"gold_loss":0.0,"damage_taken":7.0},{"damage_healed":0.0,"max_hp_gain":0.0,"max_hp_loss":0.0,"gold_gain":0.0,"event_name":"Duplicator","player_choice":"Copied","floor":20.0,"gold_loss":0.0,"damage_taken":0.0,"cards_obtained":["Adaptation"]},{"damage_healed":0.0,"max_hp_gain":0.0,"max_hp_loss":0.0,"gold_gain":0.0,"event_name":"Tomb of Lord Red Mask","player_choice":"Ignored","floor":37.0,"gold_loss":0.0,"damage_taken":0.0},{"damage_healed":0.0,"max_hp_gain":0.0,"max_hp_loss":3.0,"gold_gain":0.0,"event_name":"Winding Halls","player_choice":"Max HP","floor":38.0,"gold_loss":0.0,"damage_taken":0.0},{"damage_healed":0.0,"max_hp_gain":0.0,"max_hp_loss":0.0,"gold_gain":0.0,"event_name":"SensoryStone","player_choice":"Memory 3","floor":45.0,"gold_loss":0.0,"damage_taken":10.0}],"is_beta":false,"boss_relics":[{"not_picked":["FixedStarFall","testmod-Prudence","OneHitWonderSystem"]},{"not_picked":["TimeKeys","Pandora\u0027s Box"],"picked":"VioletLotus"}],"items_purged_floors":[19,21,30,46,48,48,54,54],"is_endless":false,"potions_floor_spawned":[1,7,11,16,22,23,24,25,35,42,47,55],"ascension_level":20}}