{"host":"7l2t4psy44vpcd9q","time":1610590537,"event":{"mods":["AchievementEnabler","BaseMod","DeckTracker","Minty Spire (QoL Compilation)","SuperFastMode"],"gold_per_floor":[113,127,145,158,158,158,186,111,137,137,155,155,155,189,189,268,268,283,283,283,296,308,338,338,366,434,453,453,486,486,76,76,154,154,166,179,193,113,163,198,198,217,244,256,269,281,306,306,306,306,306],"floor_reached":52,"language":"KOR","playtime":2823,"items_purged":["Infinite Blades+1","Strike_G+1"],"score":2089,"play_id":"4e87bfbd-0256-40f1-a044-4a0856f11421","local_time":"20210114111537","is_ascension_mode":true,"campfire_choices":[{"data":"Choke","floor":6.0,"key":"SMITH"},{"floor":10.0,"key":"REST"},{"data":"Bouncing Flask","floor":13.0,"key":"SMITH"},{"data":"Deadly Poison","floor":15.0,"key":"SMITH"},{"floor":24.0,"key":"REST"},{"floor":28.0,"key":"REST"},{"data":"Well Laid Plans","floor":32.0,"key":"SMITH"},{"floor":41.0,"key":"REST"},{"floor":49,"key":"REST"}],"circlet_count":0,"master_deck":["AscendersBane","Strike_G+1","Strike_G+1","Defend_G+1","Defend_G+1","Defend_G+1","Defend_G+1","Survivor+1","Catalyst+1","Bullet Time+1","Poisoned Stab","Choke+1","Deadly Poison+1","Deadly Poison+1","Bouncing Flask+1","PiercingWail","Burst+1","PiercingWail","Well Laid Plans+1","Acrobatics","Footwork","Corpse Explosion","Footwork","Adrenaline","Leg Sweep","PiercingWail","Blur","Catalyst"],"relics":["Astrolabe","Happy Flower","War Paint","Ornamental Fan","Pen Nib","Sozu","Anchor","Snake Skull","The Courier","Meat on the Bone","Bag of Preparation","HornCleat","Black Star","Strawberry","Bottled Lightning","Omamori","Blood Vial","Centennial Puzzle"],"acts_visited":["Exordium","TheCity","TheBeyond"],"potions_floor_usage":[],"damage_taken":[{"damage":8.0,"enemies":"Cultist","floor":1.0,"turns":5.0},{"damage":6.0,"enemies":"2 Louse","floor":2.0,"turns":5.0},{"damage":2.0,"enemies":"Jaw Worm","floor":3.0,"turns":3.0},{"damage":12.0,"enemies":"Blue Slaver","floor":4.0,"turns":3.0},{"damage":4.0,"enemies":"Gremlin Nob","floor":7.0,"turns":3.0},{"damage":1.0,"enemies":"2 Fungi Beasts","floor":11.0,"turns":3.0},{"damage":14.0,"enemies":"Lagavulin","floor":14.0,"turns":4.0},{"damage":21.0,"enemies":"The Guardian","floor":16.0,"turns":5.0},{"damage":14.0,"enemies":"2 Thieves","floor":18.0,"turns":4.0},{"damage":5.0,"enemies":"Shell Parasite","floor":21.0,"turns":3.0},{"damage":11.0,"enemies":"Centurion and Healer","floor":22.0,"turns":8.0},{"damage":14.0,"enemies":"Gremlin Leader","floor":23.0,"turns":5.0},{"damage":8.0,"enemies":"Book of Stabbing","floor":25.0,"turns":4.0},{"damage":5.0,"enemies":"Sentry and Sphere","floor":27.0,"turns":5.0},{"damage":0.0,"enemies":"Gremlin Leader","floor":29.0,"turns":4.0},{"damage":0.0,"enemies":"Collector","floor":33.0,"turns":4.0},{"damage":2.0,"enemies":"3 Darklings","floor":35.0,"turns":3.0},{"damage":2.0,"enemies":"Orb Walker","floor":36.0,"turns":2.0},{"damage":33.0,"enemies":"Spire Growth","floor":37.0,"turns":4.0},{"damage":30.0,"enemies":"Giant Head","floor":40.0,"turns":7.0},{"damage":25.0,"enemies":"Transient","floor":42.0,"turns":6.0},{"damage":0.0,"enemies":"Writhing Mass","floor":44.0,"turns":4.0},{"damage":30,"enemies":"Spire Growth","floor":45,"turns":4},{"damage":0,"enemies":"Jaw Worm Horde","floor":46,"turns":2},{"damage":33,"enemies":"Nemesis","floor":47,"turns":7},{"damage":18,"enemies":"Time Eater","floor":50,"turns":5},{"damage":13,"enemies":"Donu and Deca","floor":51,"turns":4}],"seed_played":"485467889057607057","potions_obtained":[{"floor":1.0,"key":"DistilledChaos"},{"floor":4.0,"key":"Energy Potion"},{"floor":11.0,"key":"Swift Potion"},{"floor":14.0,"key":"AttackPotion"}],"is_trial":false,"path_per_floor":["M","M","M","M","?","R","E","$","T","R","M","T","R","E","R","B",null,"M","?","?","M","M","E","R","E","T","M","R","E","?","$","R","B",null,"M","M","M","$","?","E","R","M","T","M","M","M","E","?","R","B","B",null],"character_chosen":"THE_SILENT","items_purchased":["Bag of Preparation","HornCleat","Footwork"],"campfire_rested":5,"item_purchase_floors":[31,31,31],"current_hp_per_floor":[51,45,43,31,31,31,27,27,27,46,45,45,45,31,31,10,52,38,38,38,33,22,8,27,19,19,14,33,33,33,33,33,45,61,59,57,36,36,36,25,46,33,33,45,27,39,18,18,39,35,36],"gold":306,"neow_bonus":"BOSS_RELIC","is_daily":false,"chose_seed":false,"campfire_upgraded":4,"win_rate":0.0,"timestamp":1610590537,"path_taken":["M","?","M","M","?","R","E","?","T","R","M","?","R","E","R","BOSS","M","?","?","?","M","E","R","E","T","M","R","E","?","$","R","BOSS","M","M","M","$","?","E","R","?","T","M","M","M","E","?","R","BOSS","BOSS"],"items_purchased_type":["Relic","Relic","Card"],"build_version":"2020-12-22","purchased_purges":2,"victory":true,"max_hp_per_floor":[66,66,66,66,66,66,66,66,66,66,66,66,66,66,66,66,66,66,66,66,66,66,66,66,66,66,66,66,66,66,66,66,66,66,66,66,66,66,66,73,73,73,73,73,73,73,73,73,73,73,73],"card_choices":[{"not_picked":["Well Laid Plans","PiercingWail"],"picked":"Poisoned Stab","floor":1.0},{"not_picked":["Poisoned Stab","Backflip"],"picked":"Choke","floor":2.0},{"not_picked":["Catalyst","Distraction"],"picked":"Deadly Poison","floor":3.0},{"not_picked":["Setup","Outmaneuver"],"picked":"Deadly Poison","floor":4.0},{"not_picked":["Bane","Flechettes"],"picked":"Bouncing Flask","floor":7.0},{"not_picked":["Eviscerate","Dodge and Roll"],"picked":"PiercingWail","floor":11.0},{"not_picked":["Bullet Time","PiercingWail","Reflex"],"picked":"SKIP","floor":14.0},{"not_picked":["Die Die Die","Doppelganger"],"picked":"Burst","floor":16.0},{"not_picked":["Underhanded Strike","Masterful Stab"],"picked":"PiercingWail","floor":18.0},{"not_picked":["Dagger Spray","Underhanded Strike+1"],"picked":"Well Laid Plans","floor":21.0},{"not_picked":["Deadly Poison","Quick Slash","Riddle With Holes"],"picked":"SKIP","floor":22.0},{"not_picked":["Bane","Grand Finale"],"picked":"Acrobatics","floor":23.0},{"not_picked":["Prepared","Acrobatics","Choke"],"picked":"SKIP","floor":25.0},{"not_picked":["Underhanded Strike","Heel Hook"],"picked":"Footwork","floor":27.0},{"not_picked":["Backflip","Flying Knee"],"picked":"Corpse Explosion","floor":29.0},{"not_picked":["Doppelganger","Envenom"],"picked":"Adrenaline","floor":33.0},{"not_picked":["Underhanded Strike","Escape Plan+1"],"picked":"Leg Sweep","floor":35.0},{"not_picked":["Dagger Spray","Deadly Poison+1","Flying Knee+1"],"picked":"SKIP","floor":36.0},{"not_picked":["Slice+1","Flying Knee"],"picked":"PiercingWail","floor":37.0},{"not_picked":["Riddle With Holes+1","Bullet Time"],"picked":"Blur","floor":40.0},{"not_picked":["Prepared","Masterful Stab"],"picked":"Catalyst","floor":42.0},{"not_picked":["Prepared","Backstab","Flying Knee"],"picked":"SKIP","floor":44.0},{"not_picked":["Deadly Poison","Sucker Punch","Dagger Spray"],"picked":"SKIP","floor":45},{"not_picked":["All Out Attack","Eviscerate+1","Skewer"],"picked":"SKIP","floor":46},{"not_picked":["Endless Agony","All Out Attack","Backstab+1"],"picked":"SKIP","floor":47}],"player_experience":1239294,"relics_obtained":[{"floor":7.0,"key":"Happy Flower"},{"floor":9.0,"key":"War Paint"},{"floor":12.0,"key":"Ornamental Fan"},{"floor":14.0,"key":"Pen Nib"},{"floor":23.0,"key":"Anchor"},{"floor":25.0,"key":"Snake Skull"},{"floor":26.0,"key":"The Courier"},{"floor":29.0,"key":"Meat on the Bone"},{"floor":40.0,"key":"Strawberry"},{"floor":40.0,"key":"Bottled Lightning"},{"floor":43.0,"key":"Omamori"},{"floor":47,"key":"Blood Vial"},{"floor":47,"key":"Centennial Puzzle"}],"event_choices":[{"damage_healed":0.0,"max_hp_gain":0.0,"max_hp_loss":0.0,"gold_gain":0.0,"event_name":"Liars Game","player_choice":"Ignored","floor":5.0,"gold_loss":0.0,"damage_taken":0.0},{"damage_healed":0.0,"max_hp_gain":0.0,"max_hp_loss":0.0,"gold_gain":0.0,"event_name":"Back to Basics","player_choice":"Simplicity","floor":19.0,"gold_loss":0.0,"damage_taken":0.0,"cards_upgraded":["Strike_G","Strike_G","Strike_G","Defend_G","Defend_G","Defend_G","Defend_G"]},{"damage_healed":0.0,"max_hp_gain":0.0,"max_hp_loss":0.0,"gold_gain":0.0,"event_name":"Accursed Blacksmith","player_choice":"Forge","floor":20.0,"gold_loss":0.0,"damage_taken":0.0,"cards_upgraded":["Burst"]},{"damage_healed":0.0,"max_hp_gain":0.0,"max_hp_loss":0.0,"gold_gain":0.0,"event_name":"Lab","player_choice":"Got Potions","floor":30.0,"gold_loss":0.0,"damage_taken":0.0},{"damage_healed":0.0,"max_hp_gain":0.0,"max_hp_loss":0.0,"gold_gain":50.0,"event_name":"Golden Shrine","player_choice":"Pray","floor":39.0,"gold_loss":0.0,"damage_taken":0.0},{"cards_removed":["Neutralize"],"damage_healed":0,"gold_gain":0,"player_choice":"Removed Attack","damage_taken":0,"max_hp_gain":0,"max_hp_loss":0,"event_name":"Falling","floor":48,"gold_loss":0}],"is_beta":false,"boss_relics":[{"not_picked":["Runic Dome","Coffee Dripper"],"picked":"Sozu"},{"not_picked":["Cursed Key","HoveringKite"],"picked":"Black Star"}],"items_purged_floors":[8,38],"is_endless":false,"potions_floor_spawned":[1,4,11,14,22,25,27,33,37,44,45,46],"ascension_level":20}}