{"host":"y3h3n3f7seyagppx","time":1610601093,"event":{"mods":["AlwaysNeverKeys","BaseMod","Better Vampires","Colored Powertips","DeckTracker","Emptier Cage","Minty Spire (QoL Compilation)","Permanent Neow","Quick Restart","Rare Cards Sparkle","Relic Sorter","Relic Stats","StSLib","Transform Curses"],"gold_per_floor":[116,116,130,141,160,160,185,185,210,220,220,236,278,301,301,387,387,411,423,66,75,86,86,121,121,121,130,130,143,177,189,189,272,272,297,22,22,34,53,90,90,134,159,176,176,176,204,226,226,226,226,226],"floor_reached":51,"language":"ENG","playtime":6170,"items_purged":["Shame"],"score":1578,"play_id":"a0df7678-74ca-475e-9869-5082f60a2488","local_time":"20210114001133","is_ascension_mode":true,"campfire_choices":[{"data":"Doom and Gloom","floor":6.0,"key":"SMITH"},{"data":"Sweeping Beam","floor":8.0,"key":"SMITH"},{"floor":11.0,"key":"REST"},{"data":"Electrodynamics","floor":15.0,"key":"SMITH"},{"data":"Defragment","floor":23.0,"key":"SMITH"},{"data":"Buffer","floor":25,"key":"SMITH"},{"floor":28,"key":"REST"},{"data":"Seek","floor":32,"key":"SMITH"},{"data":"Loop","floor":41,"key":"SMITH"},{"data":"Creative AI","floor":46,"key":"SMITH"},{"data":"Undo","floor":49,"key":"SMITH"}],"circlet_count":0,"master_deck":["AscendersBane","Strike_B","Strike_B","Strike_B","Defend_B","Defend_B","Defend_B","Defend_B","Zap+1","Dualcast","Genetic Algorithm","Doom and Gloom+1","Sweeping Beam+1","Electrodynamics+1","Cold Snap","Buffer+1","Ball Lightning+1","Echo Form","Genetic Algorithm","Glacier","Redo+1","Defragment+1","Compile Driver","Echo Form","Seek+1","Creative AI+1","Loop+1","Capacitor","Self Repair","Conserve Battery+1","Undo+1"],"relics":["Cracked Core","CeramicFish","Oddly Smooth Stone","Centennial Puzzle","Nuclear Battery","Orrery","Nunchaku","Pen Nib","Omamori","Cables","Cursed Key","ClockworkSouvenir","Mango","Anchor","Juzu Bracelet","Smiling Mask"],"acts_visited":["Exordium","TheCity","TheBeyond"],"potions_floor_usage":[24,30,39,47],"damage_taken":[{"damage":3.0,"enemies":"Small Slimes","floor":1.0,"turns":2.0},{"damage":0.0,"enemies":"Cultist","floor":3.0,"turns":3.0},{"damage":0.0,"enemies":"2 Louse","floor":4.0,"turns":1.0},{"damage":27.0,"enemies":"Gremlin Gang","floor":5.0,"turns":3.0},{"damage":15.0,"enemies":"Lagavulin","floor":7.0,"turns":5.0},{"damage":0.0,"enemies":"3 Louse","floor":10.0,"turns":2.0},{"damage":3.0,"enemies":"Looter","floor":12.0,"turns":3.0},{"damage":14.0,"enemies":"3 Sentries","floor":13.0,"turns":3.0},{"damage":0.0,"enemies":"2 Fungi Beasts","floor":14.0,"turns":2.0},{"damage":17.0,"enemies":"The Guardian","floor":16.0,"turns":12.0},{"damage":0.0,"enemies":"2 Thieves","floor":18.0,"turns":2.0},{"damage":0.0,"enemies":"Chosen","floor":19.0,"turns":4.0},{"damage":10.0,"enemies":"Snake Plant","floor":22.0,"turns":4.0},{"damage":23,"enemies":"Book of Stabbing","floor":24,"turns":6},{"damage":0,"enemies":"Cultist and Chosen","floor":29,"turns":6},{"damage":0,"enemies":"Gremlin Leader","floor":30,"turns":5},{"damage":0,"enemies":"Snecko","floor":31,"turns":5},{"damage":3,"enemies":"Collector","floor":33,"turns":10},{"damage":3,"enemies":"Orb Walker","floor":35,"turns":4},{"damage":0,"enemies":"3 Darklings","floor":38,"turns":3},{"damage":11,"enemies":"Sphere and 2 Shapes","floor":39,"turns":3},{"damage":37,"enemies":"Nemesis","floor":40,"turns":9},{"damage":0,"enemies":"Giant Head","floor":42,"turns":11},{"damage":0,"enemies":"Transient","floor":44,"turns":6},{"damage":10,"enemies":"Reptomancer","floor":47,"turns":12},{"damage":0,"enemies":"Writhing Mass","floor":48,"turns":6},{"damage":27,"enemies":"Time Eater","floor":50,"turns":20},{"damage":50,"enemies":"Awakened One","floor":51,"turns":11}],"seed_played":"2895376395146504734","potions_obtained":[{"floor":1.0,"key":"Swift Potion"},{"floor":3.0,"key":"Strength Potion"},{"floor":7.0,"key":"PotionOfCapacity"},{"floor":14.0,"key":"SpeedPotion"},{"floor":19.0,"key":"EssenceOfSteel"},{"floor":24,"key":"Energy Potion"},{"floor":29,"key":"Energy Potion"},{"floor":30,"key":"Swift Potion"},{"floor":42,"key":"Swift Potion"}],"is_trial":false,"path_per_floor":["M","?","M","M","M","R","E","R","T","M","R","M","E","M","R","B",null,"M","M","$","?","M","R","E","R","T","?","R","M","E","M","R","B",null,"M","$","?","M","M","E","R","E","T","M","?","R","E","M","R","B","B"],"character_chosen":"DEFECT","items_purchased":["Orrery","Nunchaku","Defragment","ClockworkSouvenir","Capacitor"],"campfire_rested":2,"item_purchase_floors":[20,20,20,36,36],"current_hp_per_floor":[61,61,61,61,34,34,19,19,19,19,40,37,23,23,23,6,55,55,55,55,55,45,45,22,22,22,22,43,43,43,43,43,40,63,60,60,60,60,49,26,26,40,40,54,54,54,44,58,58,45,0,0],"gold":226,"neow_bonus":"UPGRADE_CARD","is_daily":false,"chose_seed":false,"campfire_upgraded":9,"win_rate":0.0,"timestamp":1610601093,"path_taken":["M","?","?","M","M","R","E","R","T","M","R","M","E","M","R","BOSS","M","M","$","?","M","R","E","R","T","?","R","?","E","M","R","BOSS","M","$","?","M","M","E","R","E","T","M","?","R","E","M","R","BOSS","BOSS"],"items_purchased_type":["Relic","Relic","Card","Relic","Card"],"build_version":"2020-12-22","purchased_purges":1,"victory":false,"max_hp_per_floor":[71,71,71,71,71,71,71,71,71,71,71,71,71,71,71,71,71,71,71,71,71,71,71,71,71,71,71,71,71,71,71,71,71,71,71,71,71,71,71,85,85,85,85,85,81,81,81,81,81,81,81,81],"relic_stats":{"Centennial Puzzle":[30],"Nunchaku":[13],"counters":[28,162],"CeramicFish":171,"Pen Nib":[13],"Juzu Bracelet":1,"Cursed Key":1,"Smiling Mask":0,"obtain_stats":[{"CeramicFish":7,"Oddly Smooth Stone":9,"Mango":40,"Pen Nib":21,"Omamori":24,"Juzu Bracelet":43,"Cursed Key":34,"Smiling Mask":47,"Nuclear Battery":17,"Cables":30,"ClockworkSouvenir":36,"Centennial Puzzle":13,"Nunchaku":20,"Anchor":42,"Orrery":20,"Cracked Core":0},{"CeramicFish":5,"Oddly Smooth Stone":5,"Mango":22,"Pen Nib":12,"Omamori":14,"Juzu Bracelet":23,"Cursed Key":18,"Smiling Mask":25,"Nuclear Battery":10,"Cables":16,"ClockworkSouvenir":19,"Centennial Puzzle":8,"Nunchaku":12,"Anchor":23,"Orrery":12,"Cracked Core":0},{"CeramicFish":14,"Oddly Smooth Stone":14,"Mango":97,"Pen Nib":42,"Omamori":52,"Juzu Bracelet":108,"Cursed Key":78,"Smiling Mask":125,"Nuclear Battery":36,"Cables":63,"ClockworkSouvenir":82,"Centennial Puzzle":22,"Nunchaku":42,"Anchor":108,"Orrery":42,"Cracked Core":0}],"Cables":[95,30,53,2,10]},"card_choices":[{"not_picked":["Go for the Eyes","Blizzard"],"picked":"Genetic Algorithm","floor":1.0},{"not_picked":["Cold Snap","Darkness"],"picked":"Doom and Gloom","floor":3.0},{"not_picked":["Rebound","Turbo"],"picked":"Sweeping Beam","floor":4.0},{"not_picked":["Fusion","Consume","Hologram"],"picked":"SKIP","floor":5.0},{"not_picked":["Gash","Sweeping Beam","Steam"],"picked":"SKIP","floor":7.0},{"not_picked":["Beam Cell","Go for the Eyes","Melter"],"picked":"SKIP","floor":10.0},{"not_picked":["Barrage","Streamline","Rainbow"],"picked":"SKIP","floor":12.0},{"not_picked":["Streamline","Self Repair"],"picked":"Electrodynamics","floor":13.0},{"not_picked":["Storm","Consume"],"picked":"Cold Snap","floor":14.0},{"not_picked":["Meteor Strike","Electrodynamics"],"picked":"Buffer","floor":16.0},{"not_picked":["Streamline","Storm"],"picked":"Ball Lightning+1","floor":18.0},{"not_picked":["Ball Lightning","Heatsinks","Skim"],"picked":"SKIP","floor":19.0},{"not_picked":["Redo","Turbo+1"],"picked":"Echo Form","floor":20.0},{"not_picked":["Undo","Chill"],"picked":"Genetic Algorithm","floor":20.0},{"not_picked":["Consume","Coolheaded"],"picked":"Glacier","floor":20.0},{"not_picked":["Hello World","Stack"],"picked":"Redo+1","floor":20.0},{"not_picked":["Steam","Conserve Battery","Leap"],"picked":"SKIP","floor":22.0},{"not_picked":["Aggregate","Skim"],"picked":"Compile Driver","floor":24},{"not_picked":["Rebound","Turbo","Compile Driver"],"picked":"SKIP","floor":29},{"not_picked":["Stack","Steam Power"],"picked":"Seek","floor":30},{"not_picked":["Rebound+1","Redo","Fusion"],"picked":"SKIP","floor":31},{"not_picked":["Thunder Strike","Buffer"],"picked":"Creative AI","floor":33},{"not_picked":["Redo","Static Discharge"],"picked":"Loop","floor":35},{"not_picked":["Rebound+1","Streamline","Storm"],"picked":"SKIP","floor":38},{"not_picked":["Conserve Battery","Redo","Go for the Eyes"],"picked":"SKIP","floor":39},{"not_picked":["Multi-Cast","Heatsinks"],"picked":"Self Repair","floor":40},{"not_picked":["FTL+1","Genetic Algorithm"],"picked":"Conserve Battery+1","floor":42},{"not_picked":["Go for the Eyes","Stack","Steam"],"picked":"SKIP","floor":44},{"not_picked":["Beam Cell","Steam+1","Gash+1"],"picked":"SKIP","floor":47},{"not_picked":["Go for the Eyes","Defragment"],"picked":"Undo","floor":48}],"player_experience":20871865,"relics_obtained":[{"floor":7.0,"key":"CeramicFish"},{"floor":9.0,"key":"Oddly Smooth Stone"},{"floor":13.0,"key":"Centennial Puzzle"},{"floor":24,"key":"Omamori"},{"floor":30,"key":"Cables"},{"floor":40,"key":"Mango"},{"floor":42,"key":"Anchor"},{"floor":43,"key":"Juzu Bracelet"},{"floor":47,"key":"Smiling Mask"}],"event_choices":[{"cards_removed":["Strike_B"],"damage_healed":0.0,"max_hp_gain":0.0,"max_hp_loss":0.0,"gold_gain":0.0,"event_name":"Bonfire Elementals","player_choice":"Offered Basic","floor":2.0,"gold_loss":0.0,"damage_taken":0.0},{"damage_healed":0.0,"max_hp_gain":0.0,"max_hp_loss":0.0,"gold_gain":0.0,"event_name":"Addict","player_choice":"Stole Relic","floor":21.0,"gold_loss":0.0,"damage_taken":0.0,"relics_obtained":["Pen Nib"],"cards_obtained":["Shame"]},{"damage_healed":0,"gold_gain":0,"player_choice":"Copied","damage_taken":0,"max_hp_gain":0,"max_hp_loss":0,"event_name":"Duplicator","floor":27,"gold_loss":0,"cards_obtained":["Echo Form"]},{"damage_healed":0,"gold_gain":0,"player_choice":"Cursed","damage_taken":0,"max_hp_gain":0,"max_hp_loss":0,"event_name":"Wheel of Change","floor":37,"gold_loss":0,"cards_obtained":["Decay"]},{"damage_healed":0,"gold_gain":0,"player_choice":"Max HP","damage_taken":0,"max_hp_gain":0,"max_hp_loss":4,"event_name":"Winding Halls","floor":45,"gold_loss":0}],"is_beta":false,"boss_relics":[{"not_picked":["Fusion Hammer","Busted Crown"],"picked":"Nuclear Battery"},{"not_picked":["FrozenCore","Astrolabe"],"picked":"Cursed Key"}],"items_purged_floors":[36],"is_endless":false,"potions_floor_spawned":[1,3,4,7,14,19,24,29,30,31,35,38,42],"killed_by":"Awakened One","ascension_level":20}}