{"host":"1c52r9kaxdyo25eq","time":1610658158,"event":{"mods":["AchievementEnabler","BaseMod","Minty Spire (QoL Compilation)","Rare Cards Sparkle","SuperFastMode","everything is the same but u backflip on backflip"],"gold_per_floor":[11,11,11,30,30,30,44,44,44,69,83,94,105,117,117,117,117],"floor_reached":16,"language":"KOR","playtime":389,"items_purged":[],"score":182,"play_id":"e52e8083-eff4-4afd-8cef-5dfc4952e58b","local_time":"20210115060238","is_ascension_mode":true,"campfire_choices":[{"data":"Evolve","floor":6,"key":"SMITH"},{"data":"Bash","floor":8,"key":"SMITH"},{"floor":15,"key":"REST"}],"circlet_count":0,"master_deck":["AscendersBane","Strike_R","Strike_R+1","Strike_R","Defend_R","Defend_R","Defend_R+1","Bash+1","Evolve+1","Ghostly Armor","Thunderclap","Power Through"],"relics":["Burning Blood","Calipers","Shuriken"],"acts_visited":["Exordium"],"potions_floor_usage":[11,12,13,16],"damage_taken":[{"damage":0,"enemies":"Small Slimes","floor":1,"turns":3},{"damage":7,"enemies":"Jaw Worm","floor":4,"turns":4},{"damage":0,"enemies":"2 Louse","floor":7,"turns":3},{"damage":10,"enemies":"3 Sentries","floor":10,"turns":9},{"damage":16,"enemies":"Lots of Slimes","floor":11,"turns":6},{"damage":8,"enemies":"Blue Slaver","floor":12,"turns":3},{"damage":27,"enemies":"Exordium Wildlife","floor":13,"turns":6},{"damage":12,"enemies":"2 Fungi Beasts","floor":14,"turns":5},{"damage":38,"enemies":"Slime Boss","floor":16,"turns":6}],"seed_played":"-2417472886057658525","potions_obtained":[{"floor":1,"key":"Fruit Juice"},{"floor":7,"key":"Swift Potion"},{"floor":11,"key":"DistilledChaos"},{"floor":12,"key":"Fruit Juice"},{"floor":13,"key":"AttackPotion"}],"is_trial":false,"path_per_floor":["M","?","?","M","$","R","M","R","T","E","M","M","M","M","R","B"],"character_chosen":"IRONCLAD","items_purchased":[],"campfire_rested":1,"item_purchase_floors":[],"current_hp_per_floor":[74,74,51,50,50,50,56,56,56,52,47,45,29,23,48,10,10],"gold":117,"neow_bonus":"TRANSFORM_TWO_CARDS","is_daily":false,"chose_seed":false,"campfire_upgraded":2,"win_rate":0.0,"timestamp":1610658158,"path_taken":["M","?","?","M","?","R","M","R","T","E","M","M","M","M","R","BOSS"],"items_purchased_type":[],"build_version":"2020-12-22","purchased_purges":0,"victory":false,"max_hp_per_floor":[75,75,75,75,75,75,75,75,75,75,80,80,85,85,85,85,85],"card_choices":[{"not_picked":["Rage","Infernal Blade","Anger"],"picked":"SKIP","floor":1},{"not_picked":["Perfected Strike","Inflame"],"picked":"Power Through","floor":4},{"not_picked":["Havoc","Cleave","Iron Wave"],"picked":"SKIP","floor":7},{"not_picked":["Sever Soul","Dropkick","Headbutt"],"picked":"SKIP","floor":10},{"not_picked":["Sever Soul","Dropkick","Headbutt"],"picked":"SKIP","floor":10},{"not_picked":["Headbutt","Sword Boomerang","Warcry"],"picked":"SKIP","floor":11},{"not_picked":["Headbutt","Sword Boomerang","Warcry"],"picked":"SKIP","floor":11},{"not_picked":["Reckless Charge","Twin Strike","Perfected Strike"],"picked":"SKIP","floor":12},{"not_picked":["Havoc","Flex","Warcry"],"picked":"SKIP","floor":13},{"not_picked":["Blood for Blood","Ghostly Armor","Perfected Strike"],"picked":"SKIP","floor":14}],"player_experience":588004,"relics_obtained":[{"floor":9,"key":"Calipers"},{"floor":10,"key":"Shuriken"}],"event_choices":[{"damage_healed":0,"gold_gain":0,"cards_transformed":["Strike_R"],"player_choice":"Change","damage_taken":0,"max_hp_gain":0,"max_hp_loss":0,"event_name":"Living Wall","floor":2,"gold_loss":0,"cards_obtained":["Thunderclap"]},{"damage_healed":0,"gold_gain":0,"player_choice":"Entered Light","damage_taken":23,"max_hp_gain":0,"max_hp_loss":0,"event_name":"Shining Light","floor":3,"gold_loss":0,"cards_upgraded":["Defend_R","Strike_R"]}],"is_beta":false,"boss_relics":[],"items_purged_floors":[],"is_endless":false,"potions_floor_spawned":[1,7,11,12,13],"killed_by":"Slime Boss","ascension_level":15}}