{"host":"h5acbxt0wmjo1kpm","time":1610623355,"event":{"mods":["2.2 Compatiblity","Act Like it!","AlwaysNeverKeys","Aspiration","Bard","Bartender","BaseMod","Better Third Choice","Colored Map","Elementarium","Gensokyo","GifTheSpireLib","Hallownest","Marisa????????","Menagerie","Minty Spire (QoL Compilation)","Permanent Neow","Potionbrewer","Relic Filter","Replay The Spire","Robot Space Explorer","RumiaBox-????????","Shade Mod","Spicy Shops","StSLib","Strawberry Spire","The Blackbeard","The Dragon Tamer","The Gatherer","The Hayseed","The Problem Sleuth","The Servant 0.9.4","Wandering Minibosses","vexMod"],"gold_per_floor":[119,128,90,90,90,90,112,112,25,66,66,402,439,439,23,67,67,67,67,67],"floor_reached":18,"language":"ENG","playtime":810,"items_purged":[],"score":185,"play_id":"a894f2a1-17e0-4be3-a53c-46060f51090c","local_time":"20210114032235","is_ascension_mode":true,"campfire_choices":[{"data":"blackbeard:BeatUp","floor":8.0,"key":"SMITH"},{"floor":17.0,"key":"REST"}],"circlet_count":0,"master_deck":["AscendersBane","blackbeard:BlackbeardStrike","blackbeard:BlackbeardStrike","blackbeard:BlackbeardStrike","blackbeard:BlackbeardStrike","blackbeard:IntimidatingStrike","blackbeard:BlackbeardDefend","blackbeard:BlackbeardDefend","blackbeard:BlackbeardDefend","blackbeard:BlackbeardDefend","blackbeard:Cutlass","blackbeard:Shrapnel","blackbeard:CannonballSupply+1","blackbeard:BeatUp+1","blackbeard:TacticalRetreat","blackbeard:Provisioning","blackbeard:GoldenStrike","blackbeard:TacticalRetreat"],"relics":["blackbeard:LoadTheCannons","aspiration:DSix","blackbeard:CannonballsOfSteel","CeramicFish","Bottled Lightning","blackbeard:TreasureChest","Mirror","Gensokyo:OccultBall","Medical Kit","Molten Egg 2"],"acts_visited":["Gensokyo:Gensokyo"],"potions_floor_usage":[18,18,18],"damage_taken":[{"damage":8.0,"enemies":"Gensokyo:Gryphon","floor":1.0,"turns":4.0},{"damage":0.0,"enemies":"Gensokyo:3_Fairies","floor":7.0,"turns":2.0},{"damage":38.0,"enemies":"Gensokyo:Aya","floor":10.0,"turns":6.0},{"damage":7.0,"enemies":"Gensokyo:2_Kodama","floor":12.0,"turns":5.0},{"damage":0.0,"enemies":"Gensokyo:2_Rabbits","floor":13.0,"turns":4.0},{"damage":9.0,"enemies":"Gensokyo:3_Kodama","floor":16.0,"turns":7.0},{"damage":32,"enemies":"Gensokyo:Yukari","floor":18,"turns":11}],"seed_played":"6483097660351612051","potions_obtained":[{"floor":1.0,"key":"AttackPotion"}],"is_trial":false,"path_per_floor":["M","?","$","?","PTL","PTL","M","R","COS","E","T","M","M","?","$","M","R","B"],"character_chosen":"BLACKBEARD_CLASS","items_purchased":["blackbeard:BeatUp","Medical Kit","Molten Egg 2"],"campfire_rested":1,"item_purchase_floors":[3,15,15],"current_hp_per_floor":[56,56,56,63,63,63,63,63,63,25,25,18,18,18,18,9,32,0,0,0],"gold":67,"neow_bonus":"DSIX","is_daily":false,"chose_seed":false,"campfire_upgraded":1,"win_rate":0.0,"timestamp":1610623355,"path_taken":["M","?","$","?","PTL","PTL","M","R","COS","E","T","M","M","?","$","M","R","BOSS"],"items_purchased_type":["Card","Relic","Relic"],"build_version":"2020-12-22","purchased_purges":0,"victory":false,"max_hp_per_floor":[71,71,71,78,78,78,78,78,78,78,78,78,78,78,78,78,78,78,78,78],"card_choices":[{"not_picked":["blackbeard:DoubleBottom","blackbeard:FieryDefense"],"picked":"blackbeard:Shrapnel","floor":1.0},{"not_picked":["blackbeard:AgileStrike","blackbeard:PiratesWill"],"picked":"blackbeard:TacticalRetreat","floor":7.0},{"not_picked":["blackbeard:Shrapnel","blackbeard:SwordDance"],"picked":"blackbeard:Anchor","floor":10.0},{"not_picked":["blackbeard:JollyRoger","blackbeard:ArmorUp"],"picked":"blackbeard:Provisioning","floor":12.0},{"not_picked":["blackbeard:BlindAttacks","blackbeard:FieryDefense"],"picked":"blackbeard:GoldenStrike","floor":13.0},{"not_picked":["blackbeard:SwordDance","blackbeard:Sharpening"],"picked":"blackbeard:TacticalRetreat","floor":16.0}],"player_experience":2200902,"relics_obtained":[{"floor":1.0,"key":"blackbeard:CannonballsOfSteel"},{"floor":1.0,"key":"CeramicFish"},{"floor":10.0,"key":"Bottled Lightning"}],"event_choices":[],"is_beta":false,"boss_relics":[],"items_purged_floors":[],"is_endless":false,"potions_floor_spawned":[1],"killed_by":"Gensokyo:Yukari","ascension_level":15}}