{"host":"bpkhhmvsfrvlto2l","time":1610663154,"event":{"mods":["2.2 Compatiblity","AchievementEnabler","Act Like it!","AlwaysNeverKeys","Aspiration","BaseMod","Better Silent Start","Challenge The Spire","Colored Map","Colored Powertips","Custom Start","Downfall","Energized Spire","Friendly Minions","GifTheSpireLib","Halation","Hubris","Infinite Spire","Ironclad Rager","Mimic Mod","Minty Spire (QoL Compilation)","Permanent Neow","Quick Restart","Random Character Button","Relic Sorter","Replay The Spire","Spikes Relics","StSLib","Stuff the Spire","Swap Starting Deck Mod","Trackpad"],"gold_per_floor":[118,118,118,118,135,135,162,179,179,204,215,225,250,264,264,365,365,377,377,88,98,117,117,147,167,167,196,209,209,226,245,245,348,348,358,0,0,20,40,40,65,65,395,406,406,432,443,454,454,454],"floor_reached":51,"language":"ENG","playtime":1288,"items_purged":[],"score":1202,"play_id":"225bfab2-c51d-4235-a0a5-5e4eee8c0ce9","local_time":"20210114172554","is_ascension_mode":true,"campfire_choices":[{"data":"Pray","floor":6,"key":"SMITH"},{"floor":15,"key":"REST"},{"floor":23,"key":"REST"},{"floor":29,"key":"REST"},{"floor":32,"key":"REST"},{"data":"Pray","floor":40,"key":"SMITH"},{"data":"ReachHeaven","floor":45,"key":"SMITH"},{"floor":49,"key":"REST"}],"circlet_count":0,"master_deck":["ReachHeaven+1","ReachHeaven","ReachHeaven","ReachHeaven","Prostrate","Prostrate","Prostrate","Prostrate","Prostrate","Pray+1","Pray+1","Brilliance","Brilliance"],"relics":["PureWater","StuffTheSpire:Barrel","hubris:TinFlute","White Beast Statue","aspiration:IroncladSkillbook","Nloth\u0027s Gift","trackpad:ToughGloves","StuffTheSpire:Expresso","Red Mask","Replay:WaspNest","trackpad:CultistFigurine","Old Coin","Mummified Hand"],"acts_visited":["Exordium","TheCity","TheBeyond"],"potions_floor_usage":[13,14,14,16,22,24,25,28,30,31,31,35,38,46,46,46,47,48,50,50,50,50,50],"damage_taken":[{"damage":0,"enemies":"Jaw Worm","floor":1,"turns":2},{"damage":4,"enemies":"Small Slimes","floor":5,"turns":3},{"damage":0,"enemies":"Gremlin Nob","floor":7,"turns":2},{"damage":0,"enemies":"Cultist","floor":8,"turns":2},{"damage":4,"enemies":"3 Sentries","floor":10,"turns":3},{"damage":0,"enemies":"Blue Slaver","floor":11,"turns":2},{"damage":0,"enemies":"Exordium Thugs","floor":12,"turns":3},{"damage":0,"enemies":"Gremlin Nob","floor":13,"turns":2},{"damage":5,"enemies":"Gremlin Gang","floor":14,"turns":3},{"damage":12,"enemies":"Hexaghost","floor":16,"turns":3},{"damage":21,"enemies":"2 Thieves","floor":18,"turns":3},{"damage":21,"enemies":"Shell Parasite","floor":21,"turns":3},{"damage":11,"enemies":"Shelled Parasite and Fungi","floor":22,"turns":3},{"damage":9,"enemies":"Slavers","floor":24,"turns":3},{"damage":15,"enemies":"Centurion and Healer","floor":25,"turns":3},{"damage":24,"enemies":"Gremlin Leader","floor":27,"turns":3},{"damage":6,"enemies":"Snecko","floor":28,"turns":3},{"damage":7,"enemies":"Cultist and Chosen","floor":30,"turns":4},{"damage":32,"enemies":"Snake Plant","floor":31,"turns":3},{"damage":8,"enemies":"Automaton","floor":33,"turns":4},{"damage":9,"enemies":"3 Shapes","floor":35,"turns":3},{"damage":0,"enemies":"3 Darklings","floor":38,"turns":3},{"damage":7,"enemies":"Jaw Worm Horde","floor":39,"turns":3},{"damage":6,"enemies":"Giant Head","floor":41,"turns":5},{"damage":2,"enemies":"Transient","floor":43,"turns":4},{"damage":0,"enemies":"Transient","floor":44,"turns":5},{"damage":36,"enemies":"R_Hoarder","floor":46,"turns":5},{"damage":14,"enemies":"Writhing Mass","floor":47,"turns":3},{"damage":16,"enemies":"Jaw Worm Horde","floor":48,"turns":3},{"damage":28,"enemies":"hubris:GrandSnecko","floor":50,"turns":7}],"seed_played":"3490520242345260679","potions_obtained":[{"floor":1,"key":"Energy Potion"},{"floor":11,"key":"Swift Potion"},{"floor":13,"key":"DuplicationPotion"},{"floor":14,"key":"BottledMiracle"},{"floor":16,"key":"BlessingOfTheForge"},{"floor":18,"key":"SkillPotion"},{"floor":21,"key":"Dexterity Potion"},{"floor":22,"key":"Adrenaline Potion"},{"floor":24,"key":"Elixir"},{"floor":25,"key":"FearPotion"},{"floor":27,"key":"PowerPotion"},{"floor":28,"key":"Languid Potion"},{"floor":30,"key":"Fire Potion"},{"floor":31,"key":"Flashbang"},{"floor":33,"key":"LifebloodPotion"},{"floor":35,"key":"SpeedPotion"},{"floor":38,"key":"BlessingOfTheForge"},{"floor":39,"key":"Energy Potion"},{"floor":44,"key":"FearPotion"},{"floor":46,"key":"Dexterity Potion"},{"floor":47,"key":"Adrenaline Potion"},{"floor":48,"key":"EntropicBrew"}],"is_trial":false,"path_per_floor":["M","$","?","?","M","R","E","M","T","E","M","M","E","M","R","B",null,"M","?","$","M","M","R","E","M","T","E","M","R","M","M","R","B",null,"M","?","T","M","M","R","E","$","MIM","M","R","E","M","M","R","B",null],"character_chosen":"WATCHER","items_purchased":["trackpad:ToughGloves"],"campfire_rested":5,"item_purchase_floors":[20],"current_hp_per_floor":[33,33,33,33,29,29,29,29,29,25,25,25,25,20,41,29,61,44,44,44,27,20,41,36,25,25,5,9,30,27,5,26,22,60,55,55,55,67,72,72,72,72,72,72,72,40,30,18,39,49],"gold":454,"neow_bonus":"","is_daily":false,"chose_seed":false,"campfire_upgraded":3,"win_rate":0.0,"timestamp":1610663154,"path_taken":["M","$","?","?","M","R","E","M","T","E","M","M","E","M","R","BOSS","M","?","$","M","M","R","E","M","T","E","M","R","?","M","R","BOSS","M","?","?","M","M","R","E","?","MIM","M","R","E","M","M","R","BOSS"],"items_purchased_type":["Relic"],"build_version":"2020-12-22","purchased_purges":0,"victory":true,"max_hp_per_floor":[72,72,72,72,72,72,72,72,72,72,72,72,72,72,72,72,72,72,72,72,72,72,72,72,72,72,72,72,72,72,72,72,72,72,72,72,72,72,72,72,72,72,72,72,72,72,72,72,72,72],"card_choices":[{"not_picked":["JustLucky","EmptyBody"],"picked":"Pray","floor":1},{"not_picked":["PathToVictory","Halt"],"picked":"Brilliance","floor":7},{"not_picked":["Iron Wave","Cleave","EmptyBody+1","SashWhip+1"],"picked":"SKIP","floor":18},{"not_picked":["InnerPeace","Judgement","Replay:LoomingThreat","Replay:AllIn"],"picked":"SKIP","floor":24},{"not_picked":["Vault","StuffTheSpire:TitanForm","Replay:Many Hands"],"picked":"Brilliance","floor":33}],"player_experience":77589,"relics_obtained":[{"floor":7,"key":"StuffTheSpire:Barrel"},{"floor":9,"key":"Bird Faced Urn"},{"floor":10,"key":"hubris:TinFlute"},{"floor":13,"key":"White Beast Statue"},{"floor":27,"key":"StuffTheSpire:Expresso"},{"floor":37,"key":"Replay:WaspNest"},{"floor":41,"key":"trackpad:CultistFigurine"},{"floor":43,"key":"Old Coin"},{"floor":46,"key":"Mummified Hand"}],"event_choices":[{"damage_healed":0,"gold_gain":0,"player_choice":"Ignored","damage_taken":0,"max_hp_gain":0,"max_hp_loss":0,"event_name":"Liars Game","floor":3,"gold_loss":0},{"damage_healed":0,"gold_gain":0,"player_choice":"Traded Relic","damage_taken":0,"relics_obtained":["Nloth\u0027s Gift"],"max_hp_gain":0,"max_hp_loss":0,"event_name":"N\u0027loth","floor":19,"relics_lost":["Bird Faced Urn"],"gold_loss":0},{"damage_healed":0,"gold_gain":0,"player_choice":"Paid","damage_taken":0,"relics_obtained":["Red Mask"],"max_hp_gain":0,"max_hp_loss":0,"event_name":"Tomb of Lord Red Mask","floor":36,"gold_loss":358}],"is_beta":false,"boss_relics":[{"not_picked":["energizedSpire:CursedPentagram","Philosopher\u0027s Stone"],"picked":"aspiration:IroncladSkillbook"},{"not_picked":["ReplayTheSpireMod:DimensionalGlitch","VioletLotus","hubris:BlackHole"]}],"items_purged_floors":[],"is_endless":false,"potions_floor_spawned":[1,11,13,14,16,18,21,22,24,25,27,28,30,31,33,35,38,39,41,43,44,46,47,48],"ascension_level":7}}