{"host":"m6ptjq1h7q0nif66","time":1610638475,"event":{"mods":["2.2 Compatiblity","Aspiration","BaseMod","Beaked The Cultist","Better Third Choice","BetterRewards","Colored Map","Colored Powertips","Googly Eyes","Halation","Hermit","Hubris","Infinite Spire","Minty Spire (QoL Compilation)","Permanent Neow","Quick Restart","Relic Stats","Remove Card Discount Mod","Replay The Spire","Shop Mod","StSLib","SuperFastMode","The Construct","The Cursed","The Disciple","The Forsaken"],"gold_per_floor":[118,36,52,52,63,91,109,119,169,169,169],"floor_reached":10,"language":"ENG","playtime":616,"items_purged":[],"score":120,"play_id":"5f6778a7-2df2-4629-a197-05adccfb152e","local_time":"20210114153435","is_ascension_mode":false,"campfire_choices":[],"circlet_count":0,"master_deck":["theForsaken:TheForsaken_Strike","theForsaken:TheForsaken_Strike","theForsaken:TheForsaken_Strike","theForsaken:TheForsaken_Strike","theForsaken:TheForsaken_Defend","theForsaken:TheForsaken_Defend","theForsaken:TheForsaken_Defend","theForsaken:TheForsaken_Defend","theForsaken:Smite","theForsaken:Penitence","theForsaken:MagicWeapon+1","Replay:Dark Deal+1","theForsaken:HymnOfPatience","theForsaken:MagicWeapon+1","theForsaken:WordsOfMight+1","The Bomb","theForsaken:WordsOfMight","theForsaken:FuryStrikes","Pain","theForsaken:StoreUp","Pot Of Greed","Pot Of Greed","theForsaken:WordsOfMight","theForsaken:RainingSunlight","theForsaken:DivineGuidance"],"relics":["theForsaken:JudgementScales","Replay:Bottled Eggs","Art of War","Akabeko","Guide Book","WarpedTongs","Grinning Jar"],"acts_visited":["Exordium"],"potions_floor_usage":[6],"damage_taken":[{"damage":7,"enemies":"Small Slimes","floor":1,"turns":4},{"damage":0,"enemies":"Cultist","floor":3,"turns":2},{"damage":4,"enemies":"2 Louse","floor":5,"turns":3},{"damage":29,"enemies":"Gremlin Nob","floor":6,"turns":5},{"damage":13,"enemies":"Blue Slaver","floor":7,"turns":3},{"damage":2,"enemies":"2 Fungi Beasts","floor":8,"turns":3},{"damage":0,"enemies":"3 Sentries","floor":10,"turns":1}],"seed_played":"-2331112467986728075","potions_obtained":[{"floor":1,"key":"AttackPotion"},{"floor":5,"key":"Block Potion"},{"floor":6,"key":"Milkshake"}],"is_trial":false,"path_per_floor":["M","$","M","?","M","E","M","M","T","E"],"character_chosen":"THE_FORSAKEN","items_purchased":["theForsaken:MagicWeapon","Replay:Dark Deal","theForsaken:HymnOfPatience","theForsaken:MagicWeapon","Replay:Bottled Eggs","Art of War","Akabeko","Guide Book","The Bomb","theForsaken:WordsOfMight","theForsaken:FuryStrikes"],"campfire_rested":0,"item_purchase_floors":[0,0,0,0,0,0,2,2,2,2,2],"current_hp_per_floor":[62,62,62,62,58,32,31,32,32,32,32],"gold":169,"neow_bonus":"","is_daily":false,"chose_seed":false,"campfire_upgraded":0,"win_rate":0.0,"timestamp":1610638475,"path_taken":["M","$","M","?","M","E","?","M","T","E"],"items_purchased_type":["Card","Card","Card","Card","Relic","Relic","Relic","Relic","Card","Card","Card"],"build_version":"2020-12-22","purchased_purges":0,"victory":false,"max_hp_per_floor":[65,65,65,65,65,65,65,65,65,65,65],"relic_stats":{"counters":[75,370],"Art of War":[4],"obtain_stats":[{"Golden Egg":54,"Replay:Accelerometer":53,"Vajra":44,"Bottled Tornado":54,"hubris:MysteriousPyramids":53,"Blood Vial":20,"Centennial Puzzle":47,"Lizard Tail":0,"infinitespire:ShieldingShard":6,"DollysMirror":0,"halation:PrussianBluePaint":0,"MealTicket":36,"HandDrill":36,"hubris:TinFlute":42,"Replay:Bottled Steam":48,"MerchantsRug":20,"halation:OrihimeAndHikoboshiSamaAndTears":5,"Ring of Hypnosis":22,"Oddly Smooth Stone":26,"infinitespire:Beetle Shell":20,"infinitespire:Magic Flask":12,"Akabeko":2,"WarpedTongs":4,"Du-Vu Doll":0,"hubris:Zylophone":28,"infinitespire:EvilPickle":33,"hermit:PetGhost":53,"ReplayTheSpireMod:Shallot":0,"Shuriken":43,"Bronze Scales":11,"Onion Ring":14,"Simple Rune":7,"ReplayTheSpireMod:TigerMarble":12,"Black Star":17,"Grinning Jar":43,"hermit:Momento":0,"Darkstone Periapt":0,"Regal Pillow":36,"Lantern":3,"Singing Bowl":24,"Painkiller Herb":34,"Juzu Bracelet":30,"hubris:SlimyHat":23,"Replay:Mystery Machine":47,"ClockworkSouvenir":29,"Nunchaku":6,"hubris:Icosahedron":22,"Matryoshka":26,"hubris:CuriousFeather":44,"Red Mask":37,"Replay:Bottled Snecko":0,"Replay:Bottled Eggs":0,"halation:LettersToHer":0,"InkBottle":43,"construct:ClawGrip":17,"aspiration:FetidBarrel":54,"Guide Book":2,"betterThird:NestCultRelic":31,"infinitespire:Joker Card":0,"Orichalcum":2,"CaptainsWheel":24,"Anchor":42,"Ring of Misfortune":22,"infinitespire:Satchel":7,"ChewingGum":34,"Ectoplasm":21,"Art of War":0,"Bottled Lightning":11,"Membership Card":0,"halation:AfternoonTea":41,"halation:PinkSoulGem":37},{"Golden Egg":26,"Replay:Accelerometer":55,"Vajra":21,"Bottled Tornado":26,"hubris:MysteriousPyramids":55,"Blood Vial":10,"Centennial Puzzle":53,"Lizard Tail":57,"infinitespire:ShieldingShard":67,"DollysMirror":27,"halation:PrussianBluePaint":63,"MealTicket":47,"HandDrill":47,"hubris:TinFlute":20,"Replay:Bottled Steam":54,"MerchantsRug":10,"halation:OrihimeAndHikoboshiSamaAndTears":3,"Ring of Hypnosis":42,"Oddly Smooth Stone":12,"infinitespire:Beetle Shell":10,"infinitespire:Magic Flask":63,"Akabeko":69,"WarpedTongs":70,"Du-Vu Doll":0,"hubris:Zylophone":44,"infinitespire:EvilPickle":46,"hermit:PetGhost":55,"ReplayTheSpireMod:Shallot":57,"Shuriken":51,"Bronze Scales":36,"Onion Ring":38,"Simple Rune":61,"ReplayTheSpireMod:TigerMarble":6,"Black Star":8,"Grinning Jar":20,"hermit:Momento":0,"Darkstone Periapt":63,"Regal Pillow":47,"Lantern":64,"Singing Bowl":11,"Painkiller Herb":16,"Juzu Bracelet":15,"hubris:SlimyHat":43,"Replay:Mystery Machine":53,"ClockworkSouvenir":44,"Nunchaku":32,"hubris:Icosahedron":10,"Matryoshka":43,"hubris:CuriousFeather":21,"Red Mask":47,"Replay:Bottled Snecko":63,"Replay:Bottled Eggs":68,"halation:LettersToHer":27,"InkBottle":51,"construct:ClawGrip":39,"aspiration:FetidBarrel":56,"Guide Book":69,"betterThird:NestCultRelic":45,"infinitespire:Joker Card":57,"Orichalcum":28,"CaptainsWheel":11,"Anchor":20,"Ring of Misfortune":42,"infinitespire:Satchel":4,"ChewingGum":46,"Ectoplasm":10,"Art of War":68,"Bottled Lightning":5,"Membership Card":27,"halation:AfternoonTea":50,"halation:PinkSoulGem":18},{"Golden Egg":126,"Replay:Accelerometer":287,"Vajra":95,"Bottled Tornado":126,"hubris:MysteriousPyramids":287,"Blood Vial":44,"Centennial Puzzle":270,"Lizard Tail":300,"infinitespire:ShieldingShard":347,"DollysMirror":135,"halation:PrussianBluePaint":332,"MealTicket":238,"HandDrill":238,"hubris:TinFlute":89,"Replay:Bottled Steam":278,"MerchantsRug":44,"halation:OrihimeAndHikoboshiSamaAndTears":12,"Ring of Hypnosis":209,"Oddly Smooth Stone":53,"infinitespire:Beetle Shell":44,"infinitespire:Magic Flask":332,"Akabeko":353,"WarpedTongs":355,"Du-Vu Doll":0,"hubris:Zylophone":218,"infinitespire:EvilPickle":233,"hermit:PetGhost":287,"ReplayTheSpireMod:Shallot":300,"Shuriken":261,"Bronze Scales":183,"Onion Ring":193,"Simple Rune":319,"ReplayTheSpireMod:TigerMarble":27,"Black Star":37,"Grinning Jar":89,"hermit:Momento":0,"Darkstone Periapt":332,"Regal Pillow":238,"Lantern":335,"Singing Bowl":48,"Painkiller Herb":69,"Juzu Bracelet":63,"hubris:SlimyHat":214,"Replay:Mystery Machine":270,"ClockworkSouvenir":218,"Nunchaku":169,"hubris:Icosahedron":44,"Matryoshka":214,"hubris:CuriousFeather":95,"Red Mask":238,"Replay:Bottled Snecko":332,"Replay:Bottled Eggs":349,"halation:LettersToHer":135,"InkBottle":261,"construct:ClawGrip":201,"aspiration:FetidBarrel":292,"Guide Book":353,"betterThird:NestCultRelic":223,"infinitespire:Joker Card":300,"Orichalcum":138,"CaptainsWheel":48,"Anchor":89,"Ring of Misfortune":209,"infinitespire:Satchel":18,"ChewingGum":233,"Ectoplasm":44,"Art of War":349,"Bottled Lightning":22,"Membership Card":135,"halation:AfternoonTea":255,"halation:PinkSoulGem":76}],"WarpedTongs":[15]},"card_choices":[{"not_picked":["theForsaken:QuickAttack","theForsaken:Eulogy"],"picked":"theForsaken:WordsOfMight","floor":1},{"not_picked":["theForsaken:BlindFaith","theForsaken:ScorchingSunlight","theForsaken:DarkBargain"],"picked":"SKIP","floor":3},{"not_picked":["theForsaken:BindingThorns","theForsaken:SolarFlare"],"picked":"theForsaken:StoreUp","floor":5},{"not_picked":["theForsaken:LightRoll","theForsaken:AncientWords"],"picked":"theForsaken:WordsOfMight","floor":6},{"not_picked":["theForsaken:CreepingInfection","theForsaken:BlindFaith"],"picked":"theForsaken:RainingSunlight","floor":7},{"not_picked":["theForsaken:PanicDive","theForsaken:ShieldCharge"],"picked":"theForsaken:DivineGuidance","floor":8}],"player_experience":230038,"relics_obtained":[{"floor":6,"key":"Grinning Jar"}],"event_choices":[{"damage_healed":0,"gold_gain":0,"player_choice":"Rummage","damage_taken":0,"relics_obtained":["WarpedTongs"],"max_hp_gain":0,"max_hp_loss":0,"event_name":"Accursed Blacksmith","floor":4,"gold_loss":0,"cards_obtained":["Pain"]}],"is_beta":false,"boss_relics":[],"items_purged_floors":[],"is_endless":false,"potions_floor_spawned":[1,5,6],"killed_by":"3 Sentries","ascension_level":0}}