{"host":"0mk07bycsqo1qk03","time":1610628485,"event":{"mods":["BaseMod","Bestiary","Downfall","Hermit","Hubris","Minty Spire (QoL Compilation)","Replay The Spire","StSLib","The Cursed","The Servant 0.9.4"],"gold_per_floor":[115,115,115,128,69,69,96,96,122,122,146,146,146,161,161,236,236,246,257,270,270,304,304,34,84,96,108,120,160,172,172],"floor_reached":30,"language":"ENG","playtime":1034,"items_purged":[],"score":508,"play_id":"8d5cbd23-a240-4387-8166-c6e3ea72060f","local_time":"20210114134805","is_ascension_mode":true,"campfire_choices":[{"data":"Rampage","floor":6.0,"key":"SMITH"},{"data":"Rupture","floor":8.0,"key":"SMITH"},{"data":"Hemogenesis","floor":10.0,"key":"SMITH"},{"floor":15.0,"key":"REST"},{"data":"Brutality","floor":23,"key":"SMITH"},{"floor":28,"key":"REST"}],"circlet_count":0,"master_deck":["AscendersBane","Defend_R","Defend_R","Defend_R","Defend_R","Bash","Hemogenesis+1","Rampage+1","Hemokinesis+1","Rupture+1","Brutality+1","Offering","Bite","Bite","Bite","Bite","Bite","ReplayTheSpireMod:Muscle Training+1"],"relics":["Burning Blood","Spirit Poop","Pear","Bronze Scales","Odd Mushroom","hubris:Stopwatch","Red Mask","hubris:IronBody","Ring of Greed","Blue Doll","MawBank","hubris:MedicalManual","The Courier"],"acts_visited":["Exordium","TheCity"],"potions_floor_usage":[22,30],"damage_taken":[{"damage":17.0,"enemies":"Small Slimes","floor":1.0,"turns":6.0},{"damage":12.0,"enemies":"Cultist","floor":4.0,"turns":4.0},{"damage":55.0,"enemies":"Gremlin Nob","floor":7.0,"turns":5.0},{"damage":19.0,"enemies":"The Mushroom Lair","floor":11.0,"turns":4.0},{"damage":4.0,"enemies":"2 Louse","floor":14.0,"turns":3.0},{"damage":59.0,"enemies":"Fading Forest","floor":16.0,"turns":13.0},{"damage":14,"enemies":"2 Thieves","floor":18,"turns":4},{"damage":48,"enemies":"3 Byrds","floor":19,"turns":3},{"damage":57,"enemies":"Centurion and Healer","floor":20,"turns":5},{"damage":32,"enemies":"Masked Bandits","floor":22,"turns":4},{"damage":51,"enemies":"Book of Stabbing","floor":29,"turns":6},{"damage":37,"enemies":"Cultist and Chosen","floor":30,"turns":3}],"seed_played":"5134953962118172276","potions_obtained":[{"floor":1.0,"key":"AttackPotion"},{"floor":14.0,"key":"FairyPotion"},{"floor":20,"key":"ColorlessPotion"},{"floor":29,"key":"GamblersBrew"}],"is_trial":false,"path_per_floor":["M","$","?","M","$","R","E","R","T","R","?","?","?","M","R","B",null,"M","M","M","?","?","R","$","?","T","?","R","E","M"],"character_chosen":"IRONCLAD","items_purchased":["Hemokinesis+1","hubris:IronBody"],"campfire_rested":2,"item_purchase_floors":[5,24],"current_hp_per_floor":[62,62,62,61,61,61,27,27,27,27,22,22,22,32,57,47,76,79,45,31,31,26,26,26,26,26,26,43,24,0,0],"gold":172,"neow_bonus":"THREE_RARE_CARDS","is_daily":false,"chose_seed":false,"campfire_upgraded":4,"win_rate":0.0,"timestamp":1610628485,"path_taken":["M","$","?","M","?","R","E","R","T","R","?","?","?","?","R","BOSS","M","M","M","?","?","R","$","?","T","?","R","E","?"],"items_purchased_type":["Card","Relic"],"build_version":"2020-12-22","purchased_purges":0,"victory":false,"max_hp_per_floor":[75,75,75,75,75,75,85,85,85,85,85,85,85,85,85,85,85,85,85,85,59,59,59,59,59,59,59,59,59,59,59],"card_choices":[{"not_picked":["Double Tap","Berserk"],"picked":"Hemogenesis","floor":0.0},{"not_picked":["Defy Death","Havoc","Replay:Undeath\u0027s Touch"],"picked":"SKIP","floor":1.0},{"not_picked":["Run Through","Burning Pact"],"picked":"Rampage","floor":4.0},{"not_picked":["Sword Boomerang","Anger"],"picked":"Rupture","floor":7.0},{"not_picked":["Wild Strike","Flex"],"picked":"Brutality","floor":11.0},{"not_picked":["ReplayTheSpireMod:Corrosion Curse","Perfected Strike","Rage"],"picked":"SKIP","floor":14.0},{"not_picked":["Feed","Fiend Fire"],"picked":"Offering","floor":16.0},{"not_picked":["hubris:CleavingFinish","Twin Strike","Evolve"],"picked":"SKIP","floor":18},{"not_picked":["Twin Strike","Clash","Reckless Charge"],"picked":"SKIP","floor":19},{"not_picked":["Headbutt+1","Burning Pact","Replay:Undeath\u0027s Touch"],"picked":"SKIP","floor":20},{"not_picked":["Havoc","Perfected Strike"],"picked":"ReplayTheSpireMod:Muscle Training+1","floor":29}],"player_experience":881687,"relics_obtained":[{"floor":7.0,"key":"Pear"},{"floor":9.0,"key":"Bronze Scales"},{"floor":11.0,"key":"Odd Mushroom"},{"floor":22,"key":"Red Mask"},{"floor":25,"key":"Ring of Greed"},{"floor":25,"key":"Blue Doll"},{"floor":25,"key":"MawBank"},{"floor":26,"key":"hubris:MedicalManual"},{"floor":29,"key":"The Courier"}],"event_choices":[{"cards_removed":["ReplayTheSpireMod:Restless Dread"],"damage_healed":0.0,"max_hp_gain":0.0,"max_hp_loss":0.0,"gold_gain":0.0,"event_name":"Bonfire Elementals","player_choice":"Offered Curse","floor":3.0,"gold_loss":0.0,"damage_taken":0.0,"relics_obtained":["Spirit Poop"]},{"damage_healed":0.0,"max_hp_gain":0.0,"max_hp_loss":0.0,"gold_gain":0.0,"event_name":"Mushrooms","player_choice":"Fought Mushrooms","floor":11.0,"gold_loss":0.0,"damage_taken":0.0},{"damage_healed":0.0,"max_hp_gain":0.0,"max_hp_loss":0.0,"gold_gain":0.0,"event_name":"Liars Game","player_choice":"Ignored","floor":12.0,"gold_loss":0.0,"damage_taken":0.0},{"damage_healed":0.0,"max_hp_gain":0.0,"max_hp_loss":0.0,"gold_gain":0.0,"event_name":"Match and Keep!","player_choice":"0 cards matched","floor":13.0,"gold_loss":0.0,"damage_taken":0.0,"cards_obtained":[]},{"damage_healed":0,"gold_gain":0,"player_choice":"Became a vampire","damage_taken":0,"max_hp_gain":0,"max_hp_loss":26,"event_name":"Vampires","floor":21,"gold_loss":0,"cards_obtained":["Bite","Bite","Bite","Bite","Bite"]},{"damage_healed":0,"gold_gain":0,"player_choice":"Fought Bandits","damage_taken":0,"max_hp_gain":0,"max_hp_loss":0,"event_name":"Masked Bandits","floor":22,"gold_loss":0},{"cards_removed":["Sickly"],"damage_healed":0,"gold_gain":0,"player_choice":"Purged","damage_taken":0,"max_hp_gain":0,"max_hp_loss":0,"event_name":"Purifier","floor":27,"gold_loss":0}],"is_beta":false,"boss_relics":[{"not_picked":["hubris:GrandSneckoEye","Coffee Dripper"],"picked":"hubris:Stopwatch"}],"items_purged_floors":[],"is_endless":false,"potions_floor_spawned":[1,14,20,29],"killed_by":"Cultist and Chosen","ascension_level":20}}