{"host":"msa0wxqjs3jv1k3j","time":1610627323,"event":{"mods":["AchievementEnabler","BaseMod","BetterRewards","Colored Map","Highlight Path","KOR Keyword Fix","Keyboard Shortcuts","Minty Spire (QoL Compilation)","Quick Restart","SuperFastMode","everything is the same but u backflip on backflip"],"gold_per_floor":[116,116,141,141,164,207,222,222,222,222,222,237,257,30,30,150,150,169,169,219,235,14,50,50,66,66,80,80,2,2,27,27,27,27],"floor_reached":33,"language":"KOR","playtime":1537,"items_purged":[],"score":292,"play_id":"851da9ca-c18d-4866-8d8d-3993016c7eb2","local_time":"20210114212843","is_ascension_mode":false,"campfire_choices":[{"floor":8,"key":"REST"},{"floor":15,"key":"REST"},{"data":"Eruption","floor":24,"key":"SMITH"},{"floor":30,"key":"DIG"},{"floor":32,"key":"REST"}],"circlet_count":0,"master_deck":["Strike_P+1","Strike_P","Strike_P+1","Strike_P","Defend_P","Defend_P","Defend_P+1","Eruption+1","Vigilance","Crescendo+1","MentalFortress","Adaptation+1","MentalFortress","BattleHymn","ClearTheMind+1"],"relics":["PureWater","Singing Bowl","Matryoshka","HandDrill","Shovel","Golden Idol","Happy Flower","Blood Vial","War Paint","Juzu Bracelet","Sozu","Membership Card","Bronze Scales","Yang","Mercury Hourglass","Gremlin Horn","Tiny Chest","Pen Nib"],"acts_visited":["Exordium","TheCity"],"potions_floor_usage":[6,6,16],"damage_taken":[{"damage":7,"enemies":"Cultist","floor":1,"turns":6},{"damage":3,"enemies":"Jaw Worm","floor":3,"turns":3},{"damage":0,"enemies":"2 Louse","floor":5,"turns":2},{"damage":28,"enemies":"Gremlin Nob","floor":6,"turns":4},{"damage":6,"enemies":"Large Slime","floor":7,"turns":6},{"damage":0,"enemies":"Exordium Thugs","floor":12,"turns":3},{"damage":9,"enemies":"2 Fungi Beasts","floor":13,"turns":3},{"damage":25,"enemies":"The Guardian","floor":16,"turns":7},{"damage":10,"enemies":"Chosen","floor":18,"turns":3},{"damage":0,"enemies":"Spheric Guardian","floor":21,"turns":3},{"damage":18,"enemies":"Gremlin Leader","floor":23,"turns":4},{"damage":31,"enemies":"Snake Plant","floor":25,"turns":2},{"damage":10,"enemies":"Cultist and Chosen","floor":27,"turns":4},{"damage":8,"enemies":"3 Cultists","floor":31,"turns":4},{"damage":60,"enemies":"Champ","floor":33,"turns":7}],"seed_played":"180734739269302365","potions_obtained":[{"floor":3,"key":"SpeedPotion"},{"floor":4,"key":"BottledMiracle"},{"floor":4,"key":"Weak Potion"},{"floor":4,"key":"SneckoOil"},{"floor":12,"key":"SmokeBomb"},{"floor":13,"key":"Dexterity Potion"}],"is_trial":false,"path_per_floor":["M","?","M","?","M","E","M","R","T","?","?","M","M","$","R","B",null,"M","?","?","M","$","E","R","M","T","M","?","$","R","M","R","B"],"character_chosen":"WATCHER","items_purchased":["Singing Bowl","Matryoshka","HandDrill","Juzu Bracelet","BattleHymn","Membership Card","Bronze Scales","Tiny Chest"],"campfire_rested":3,"item_purchase_floors":[0,0,0,14,14,22,22,29],"current_hp_per_floor":[65,47,44,44,46,20,14,36,36,21,21,23,18,18,41,20,80,70,70,70,74,74,60,60,33,33,27,27,27,27,23,50,0,0],"gold":27,"neow_bonus":"","is_daily":false,"chose_seed":false,"campfire_upgraded":1,"win_rate":0.0,"timestamp":1610627323,"path_taken":["M","?","M","?","M","E","?","R","T","?","?","M","?","?","R","BOSS","M","?","?","M","$","E","R","M","T","M","?","?","R","M","R","BOSS"],"items_purchased_type":["Relic","Relic","Relic","Relic","Card","Relic","Relic","Relic"],"build_version":"2020-12-22","purchased_purges":0,"victory":false,"max_hp_per_floor":[72,72,72,72,74,76,76,76,76,76,76,76,78,78,78,80,80,80,80,80,82,82,84,84,86,86,88,88,88,88,90,90,90,90],"card_choices":[{"not_picked":["Prostrate","Halt"],"picked":"Crescendo","floor":1},{"not_picked":["Indignation","Prostrate"],"picked":"MentalFortress","floor":3},{"not_picked":["CutThroughFate","Pray","Tantrum"],"picked":"Singing Bowl","floor":5},{"not_picked":["Weave","JustLucky","Protect"],"picked":"Singing Bowl","floor":6},{"not_picked":["Conclude","Perseverance"],"picked":"Adaptation","floor":7},{"not_picked":["PathToVictory","CutThroughFate"],"picked":"MentalFortress","floor":12},{"not_picked":["ClearTheMind","Omniscience","Crescendo"],"picked":"Singing Bowl","floor":13},{"not_picked":["Judgement","Blasphemy","ConjureBlade"],"picked":"Singing Bowl","floor":16},{"not_picked":["FollowUp+1","EmptyMind"],"picked":"ClearTheMind+1","floor":18},{"not_picked":["Crescendo+1","Consecrate","Halt"],"picked":"Singing Bowl","floor":21},{"not_picked":["SashWhip+1","DeceiveReality+1","Crescendo"],"picked":"Singing Bowl","floor":23},{"not_picked":["Vault","Worship","CutThroughFate"],"picked":"Singing Bowl","floor":25},{"not_picked":["ReachHeaven","SignatureMove","Worship"],"picked":"Singing Bowl","floor":27},{"not_picked":["Evaluate","EmptyBody","FlyingSleeves"],"picked":"Singing Bowl","floor":31}],"player_experience":110379,"relics_obtained":[{"floor":6,"key":"Happy Flower"},{"floor":9,"key":"Blood Vial"},{"floor":9,"key":"War Paint"},{"floor":23,"key":"Yang"},{"floor":26,"key":"Mercury Hourglass"},{"floor":26,"key":"Gremlin Horn"},{"floor":30,"key":"Pen Nib"}],"event_choices":[{"damage_healed":0,"gold_gain":0,"player_choice":"Take Damage","damage_taken":18,"relics_obtained":["Golden Idol"],"max_hp_gain":0,"max_hp_loss":0,"event_name":"Golden Idol","floor":2,"gold_loss":0},{"damage_healed":0,"gold_gain":0,"player_choice":"Got Potions","damage_taken":0,"max_hp_gain":0,"max_hp_loss":0,"event_name":"Lab","floor":4,"gold_loss":0},{"damage_healed":0,"gold_gain":0,"player_choice":"Entered Light","damage_taken":15,"max_hp_gain":0,"max_hp_loss":0,"event_name":"Shining Light","floor":10,"gold_loss":0,"cards_upgraded":["Strike_P","Strike_P"]},{"cards_removed":["Defend_P"],"damage_healed":0,"gold_gain":0,"player_choice":"Offered Basic","damage_taken":0,"max_hp_gain":0,"max_hp_loss":0,"event_name":"Bonfire Elementals","floor":11,"gold_loss":0},{"damage_healed":0,"gold_gain":0,"player_choice":"Ignored","damage_taken":0,"max_hp_gain":0,"max_hp_loss":0,"event_name":"Cursed Tome","floor":19,"gold_loss":0},{"damage_healed":0,"gold_gain":100,"player_choice":"Bet on Murderer","damage_taken":0,"max_hp_gain":0,"max_hp_loss":0,"event_name":"The Joust","floor":20,"gold_loss":50},{"damage_healed":0,"gold_gain":0,"player_choice":"Forge","damage_taken":0,"max_hp_gain":0,"max_hp_loss":0,"event_name":"Accursed Blacksmith","floor":28,"gold_loss":0,"cards_upgraded":["Adaptation"]}],"is_beta":false,"boss_relics":[{"not_picked":["Cursed Key","Fusion Hammer"],"picked":"Sozu"}],"items_purged_floors":[],"is_endless":false,"potions_floor_spawned":[3,5,12,13,21],"killed_by":"Champ","ascension_level":0}}