{"host":"6wux4armhsntp4yb","time":1610616863,"event":{"mods":["BaseMod","Colored Map","DeckTracker","Minty Spire (QoL Compilation)","Relic Stats"],"gold_per_floor":[111,36,36,53,72,72,102,102,183,183,199,233,283,309,309,381,381,401,16,16,16,16,45,60,85,85,111,122,134,134,162,162,236,236,236,254,254,266,280,605,605,616,616,616,642,665,665,688,688,688,688,688,688,12,40,40],"floor_reached":57,"language":"JPN","playtime":5221,"items_purged":["Strike_B"],"score":3320,"play_id":"018daeff-ecd4-4e4b-8821-8372a56229a1","local_time":"20210114183423","is_ascension_mode":true,"campfire_choices":[{"data":"Dualcast","floor":6.0,"key":"SMITH"},{"data":"Streamline","floor":8.0,"key":"SMITH"},{"data":"Defragment","floor":15.0,"key":"SMITH"},{"data":"Capacitor","floor":30.0,"key":"SMITH"},{"data":"Hologram","floor":32.0,"key":"SMITH"},{"data":"Fusion","floor":41.0,"key":"SMITH"},{"data":"Seek","floor":44.0,"key":"SMITH"},{"data":"Defragment","floor":47,"key":"SMITH"},{"floor":49,"key":"RECALL"},{"data":"Chill","floor":53,"key":"SMITH"}],"circlet_count":0,"master_deck":["AscendersBane","Strike_B","Strike_B","Defend_B+1","Defend_B","Defend_B+1","Defend_B","Zap+1","Dualcast+1","Rebound","Ball Lightning","Cold Snap","Streamline+1","All For One","Defragment+1","Electrodynamics","Defragment+1","Capacitor+1","Hologram+1","Self Repair+1","Glacier","Defragment+1","Biased Cognition+1","Go for the Eyes+1","Seek+1","Blizzard+1","Fusion+1","Loop+1","Self Repair+1","Chill+1","Chill","BootSequence","Capacitor+1","Amplify","Thunder Strike+1"],"relics":["Cracked Core","NeowsBlessing","Regal Pillow","Blue Candle","Sundial","Orichalcum","Pantograph","Black Star","Cables","Matryoshka","Anchor","Darkstone Periapt","Art of War","FossilizedHelix","Pen Nib","DataDisk","Frozen Egg 2","Molten Egg 2","Nunchaku","Ornamental Fan","War Paint","Runic Pyramid","Mummified Hand","Old Coin","Gremlin Horn","CeramicFish","Dead Branch","Strawberry","Centennial Puzzle","Shuriken"],"acts_visited":["Exordium","TheCity","TheBeyond","TheEnding"],"potions_floor_usage":[45,45,56],"damage_taken":[{"damage":0.0,"enemies":"Jaw Worm","floor":1.0,"turns":1.0},{"damage":0.0,"enemies":"2 Louse","floor":4.0,"turns":1.0},{"damage":0.0,"enemies":"Cultist","floor":5.0,"turns":1.0},{"damage":6.0,"enemies":"Gremlin Nob","floor":7.0,"turns":3.0},{"damage":11.0,"enemies":"Blue Slaver","floor":11.0,"turns":3.0},{"damage":20.0,"enemies":"3 Sentries","floor":12.0,"turns":5.0},{"damage":15.0,"enemies":"Gremlin Nob","floor":14.0,"turns":4.0},{"damage":0.0,"enemies":"Slime Boss","floor":16.0,"turns":3.0},{"damage":12.0,"enemies":"3 Byrds","floor":18.0,"turns":2.0},{"damage":20.0,"enemies":"Gremlin Leader","floor":23.0,"turns":6.0},{"damage":2.0,"enemies":"2 Thieves","floor":24.0,"turns":2.0},{"damage":5.0,"enemies":"Slavers","floor":25.0,"turns":3.0},{"damage":22.0,"enemies":"Gremlin Leader","floor":27.0,"turns":4.0},{"damage":3.0,"enemies":"Centurion and Healer","floor":28.0,"turns":5.0},{"damage":0.0,"enemies":"Snecko","floor":29.0,"turns":5.0},{"damage":0.0,"enemies":"Book of Stabbing","floor":31.0,"turns":8.0},{"damage":0.0,"enemies":"Champ","floor":33.0,"turns":13.0},{"damage":0.0,"enemies":"3 Darklings","floor":35.0,"turns":2.0},{"damage":0.0,"enemies":"Orb Walker","floor":36.0,"turns":5.0},{"damage":17.0,"enemies":"Jaw Worm Horde","floor":38.0,"turns":4.0},{"damage":22.0,"enemies":"3 Darklings","floor":39.0,"turns":4.0},{"damage":5.0,"enemies":"Giant Head","floor":40.0,"turns":7.0},{"damage":0.0,"enemies":"Spire Growth","floor":42.0,"turns":3.0},{"damage":31,"enemies":"Reptomancer","floor":45,"turns":5},{"damage":0,"enemies":"Sphere and 2 Shapes","floor":46,"turns":3},{"damage":0,"enemies":"Jaw Worm Horde","floor":48,"turns":3},{"damage":15,"enemies":"Donu and Deca","floor":50,"turns":10},{"damage":0,"enemies":"Time Eater","floor":51,"turns":14},{"damage":0,"enemies":"Shield and Spear","floor":55,"turns":8},{"damage":71,"enemies":"The Heart","floor":56,"turns":9}],"seed_played":"-4949329012666590960","potions_obtained":[{"floor":7.0,"key":"EssenceOfDarkness"},{"floor":11.0,"key":"Regen Potion"},{"floor":12.0,"key":"SmokeBomb"},{"floor":16.0,"key":"SpeedPotion"},{"floor":24.0,"key":"SkillPotion"},{"floor":25.0,"key":"ColorlessPotion"},{"floor":28.0,"key":"Strength Potion"},{"floor":38.0,"key":"Strength Potion"},{"floor":46,"key":"SneckoOil"},{"floor":48,"key":"FearPotion"}],"is_trial":false,"path_per_floor":["M","?","?","M","M","R","E","R","T","?","M","E","?","E","R","B",null,"M","$","T","?","T","E","M","E","T","E","M","M","R","E","R","B",null,"M","M","?","M","M","E","R","M","T","R","E","M","R","M","R","B","B",null,"R","$","E","B",null],"character_chosen":"DEFECT","items_purchased":["Cables","Capacitor","Hologram","Capacitor+1","Amplify","Swift Potion","Thunder Strike+1","Strawberry"],"campfire_rested":0,"item_purchase_floors":[19,19,19,54,54,54,54,54],"current_hp_per_floor":[64,64,64,64,64,64,58,58,58,58,47,41,41,26,26,51,66,54,54,54,54,54,34,32,27,27,15,22,32,32,42,42,71,71,71,71,71,64,52,57,57,71,71,71,60,70,70,71,71,71,71,71,71,78,78,17],"gold":40,"neow_bonus":"THREE_ENEMY_KILL","is_daily":false,"chose_seed":false,"campfire_upgraded":9,"win_rate":0.0,"timestamp":1610616863,"path_taken":["M","?","?","?","M","R","E","R","T","?","M","E","?","E","R","BOSS","M","$","?","?","?","E","M","E","T","E","M","?","R","E","R","BOSS","M","M","?","M","M","E","R","M","T","R","E","?","R","M","R","BOSS","BOSS","R","$","E","BOSS"],"items_purchased_type":["Relic","Card","Card","Card","Card","Potion","Card","Relic"],"build_version":"2020-12-22","purchased_purges":1,"victory":true,"max_hp_per_floor":[71,71,71,71,71,71,71,71,71,71,71,71,71,71,71,71,71,71,71,71,71,71,71,71,71,71,71,71,71,71,71,71,71,71,71,71,71,71,71,71,71,71,71,71,71,71,71,71,71,71,71,71,71,78,78,78],"relic_stats":{"Darkstone Periapt":0,"Regal Pillow":0,"Gremlin Horn":[12,12],"counters":[30,145],"Blue Candle":[0],"CeramicFish":45,"Dead Branch":[47],"Pen Nib":[18],"Orichalcum":[198],"War Paint":["Defend_B","Defend_B"],"Cables":[113,52,54,0,7],"Nunchaku":[18],"Centennial Puzzle":[3],"Sundial":[10],"Ornamental Fan":[96],"Mummified Hand":[97],"Shuriken":[1],"Pantograph":50,"Black Star":7,"Art of War":[19],"obtain_stats":[{"Darkstone Periapt":23,"Regal Pillow":3,"Gremlin Horn":43,"CeramicFish":45,"Old Coin":40,"Nunchaku":27,"Centennial Puzzle":55,"Matryoshka":20,"Sundial":9,"Mummified Hand":40,"Pantograph":14,"Strawberry":54,"Cracked Core":0,"Runic Pyramid":34,"NeowsBlessing":0,"Blue Candle":7,"Dead Branch":45,"Pen Nib":25,"Orichalcum":12,"Frozen Egg 2":26,"War Paint":31,"Cables":19,"Anchor":22,"DataDisk":26,"Ornamental Fan":31,"Shuriken":55,"Molten Egg 2":27,"Black Star":17,"Art of War":23,"FossilizedHelix":25},{"Darkstone Periapt":10,"Regal Pillow":1,"Gremlin Horn":23,"CeramicFish":24,"Old Coin":22,"Nunchaku":13,"Centennial Puzzle":29,"Matryoshka":9,"Sundial":4,"Mummified Hand":22,"Pantograph":7,"Strawberry":28,"Cracked Core":0,"Runic Pyramid":17,"NeowsBlessing":0,"Blue Candle":4,"Dead Branch":24,"Pen Nib":12,"Orichalcum":6,"Frozen Egg 2":12,"War Paint":16,"Cables":9,"Anchor":9,"DataDisk":12,"Ornamental Fan":16,"Shuriken":29,"Molten Egg 2":13,"Black Star":8,"Art of War":10,"FossilizedHelix":12},{"Darkstone Periapt":29,"Regal Pillow":1,"Gremlin Horn":94,"CeramicFish":99,"Old Coin":91,"Nunchaku":38,"Centennial Puzzle":137,"Matryoshka":23,"Sundial":6,"Mummified Hand":91,"Pantograph":18,"Strawberry":129,"Cracked Core":0,"Runic Pyramid":69,"NeowsBlessing":0,"Blue Candle":6,"Dead Branch":99,"Pen Nib":34,"Orichalcum":14,"Frozen Egg 2":34,"War Paint":56,"Cables":23,"Anchor":23,"DataDisk":34,"Ornamental Fan":56,"Shuriken":137,"Molten Egg 2":38,"Black Star":21,"Art of War":29,"FossilizedHelix":34}]},"card_choices":[{"not_picked":["Redo","Turbo"],"picked":"Rebound","floor":1.0},{"not_picked":["Barrage","Rebound"],"picked":"Ball Lightning","floor":4.0},{"not_picked":["Chill","FTL"],"picked":"Cold Snap","floor":5.0},{"not_picked":["Redo","Melter"],"picked":"Streamline","floor":7.0},{"not_picked":["Redo","Capacitor"],"picked":"All For One","floor":11.0},{"not_picked":["Sunder","Beam Cell"],"picked":"Defragment","floor":12.0},{"not_picked":["Doom and Gloom","Darkness","Aggregate"],"picked":"SKIP","floor":14.0},{"not_picked":["Amplify","Meteor Strike"],"picked":"Electrodynamics","floor":16.0},{"not_picked":["Hologram","Capacitor"],"picked":"Defragment+1","floor":18.0},{"not_picked":["Sunder","Capacitor"],"picked":"Self Repair+1","floor":23.0},{"not_picked":["Hologram","Storm"],"picked":"Glacier","floor":24.0},{"not_picked":["Gash","Conserve Battery+1"],"picked":"Defragment","floor":25.0},{"not_picked":["Undo","Stack+1"],"picked":"Biased Cognition+1","floor":27.0},{"not_picked":["Rebound+1","Redo"],"picked":"Go for the Eyes+1","floor":28.0},{"not_picked":["Streamline+1","Ball Lightning+1","Turbo+1"],"picked":"SKIP","floor":29.0},{"not_picked":["Rebound+1","Ball Lightning+1","Lockon+1"],"picked":"SKIP","floor":31.0},{"not_picked":["Rebound+1","Ball Lightning+1","Lockon+1"],"picked":"SKIP","floor":31.0},{"not_picked":["Meteor Strike+1","Thunder Strike+1"],"picked":"Seek","floor":33.0},{"not_picked":["Undo","Conserve Battery+1"],"picked":"Blizzard+1","floor":36.0},{"not_picked":["Redo","Rebound+1"],"picked":"Fusion","floor":38.0},{"not_picked":["Conserve Battery","Ball Lightning+1"],"picked":"Loop+1","floor":39.0},{"not_picked":["Glacier","Darkness"],"picked":"Self Repair+1","floor":40.0},{"not_picked":["Turbo","Sweeping Beam+1"],"picked":"Chill","floor":42.0},{"not_picked":["Cold Snap+1","Melter+1","Lockon+1"],"picked":"SKIP","floor":45},{"not_picked":["Compile Driver+1","Hologram"],"picked":"Chill","floor":46},{"not_picked":["Rebound+1","Sweeping Beam+1"],"picked":"BootSequence","floor":48},{"not_picked":["Rebound+1","Melter+1","Stack"],"picked":"SKIP","floor":55}],"player_experience":5784949,"relics_obtained":[{"floor":3.0,"key":"Regal Pillow"},{"floor":7.0,"key":"Blue Candle"},{"floor":9.0,"key":"Sundial"},{"floor":12.0,"key":"Orichalcum"},{"floor":14.0,"key":"Pantograph"},{"floor":20.0,"key":"Matryoshka"},{"floor":22.0,"key":"Anchor"},{"floor":23.0,"key":"Darkstone Periapt"},{"floor":23.0,"key":"Art of War"},{"floor":25.0,"key":"FossilizedHelix"},{"floor":25.0,"key":"Pen Nib"},{"floor":26.0,"key":"DataDisk"},{"floor":26.0,"key":"Frozen Egg 2"},{"floor":27.0,"key":"Molten Egg 2"},{"floor":27.0,"key":"Nunchaku"},{"floor":31.0,"key":"Ornamental Fan"},{"floor":31.0,"key":"War Paint"},{"floor":40.0,"key":"Mummified Hand"},{"floor":40.0,"key":"Old Coin"},{"floor":43.0,"key":"Gremlin Horn"},{"floor":45,"key":"CeramicFish"},{"floor":45,"key":"Dead Branch"},{"floor":55,"key":"Centennial Puzzle"},{"floor":55,"key":"Shuriken"}],"event_choices":[{"cards_removed":["Strike_B"],"damage_healed":0.0,"max_hp_gain":0.0,"max_hp_loss":0.0,"gold_gain":0.0,"event_name":"The Cleric","player_choice":"Card Removal","floor":2.0,"gold_loss":75.0,"damage_taken":0.0},{"damage_healed":0.0,"max_hp_gain":0.0,"max_hp_loss":0.0,"gold_gain":0.0,"event_name":"Wheel of Change","player_choice":"Relic","floor":3.0,"gold_loss":0.0,"damage_taken":0.0},{"damage_healed":0.0,"max_hp_gain":0.0,"max_hp_loss":0.0,"gold_gain":0.0,"event_name":"Liars Game","player_choice":"Ignored","floor":10.0,"gold_loss":0.0,"damage_taken":0.0},{"damage_healed":0.0,"max_hp_gain":0.0,"max_hp_loss":0.0,"gold_gain":50.0,"event_name":"Golden Shrine","player_choice":"Pray","floor":13.0,"gold_loss":0.0,"damage_taken":0.0},{"damage_healed":0.0,"max_hp_gain":0.0,"max_hp_loss":0.0,"gold_gain":0.0,"event_name":"The Mausoleum","player_choice":"Ignored","floor":21.0,"gold_loss":0.0,"damage_taken":0.0},{"damage_healed":0.0,"max_hp_gain":0.0,"max_hp_loss":0.0,"gold_gain":0.0,"event_name":"Upgrade Shrine","player_choice":"Upgraded","floor":37.0,"gold_loss":0.0,"damage_taken":0.0,"cards_upgraded":["Zap"]}],"is_beta":false,"boss_relics":[{"not_picked":["Calling Bell","Tiny House"],"picked":"Black Star"},{"not_picked":["Snecko Eye","Fusion Hammer"],"picked":"Runic Pyramid"}],"items_purged_floors":[54],"is_endless":false,"potions_floor_spawned":[7,11,12,16,24,25,28,35,38,46,48],"ascension_level":20}}