{"host":"w5vfr18i2ft1pzo2","time":1610638901,"event":{"mods":["AchievementEnabler","Act Like it!","Aspiration","BaseMod","Better Debug","Better Third Choice","BetterRewards","Colored Map","Colored Powertips","Conspire","Curses Come First","DNKmod","Defuse TimeMaze Blight","Dota2Spire","Elementarium","Energized Spire","Evolution","Force Act Four","Fox Events","Friendly Minions","Gensokyo","GifTheSpireLib","Gold Saver","GungeonMod","Halation","Hallownest","Hubris","Hyrulean Relics","Infinite Spire","Jedi Mod","Marisa????????","Minty Spire (QoL Compilation)","MostiFishMod","Poor People Problems","Prisma Mod","Remilia??????","Replay The Spire","SacredBarkPlus","Small Relic Pack","Spicy Shops","Spikes Relics","StSLib","Stuff the Spire","SuperFastMode","Synergy Search","The Animator","The Blue Laboratory","The Servant 0.9.4","Trackpad","Treasure Hunter","Uncapped","Wandering Minibosses","Yakumo Yukari mod","noobMod","vexMod","??????REMEMod"],"gold_per_floor":[113,131,62,62,124,223,264,303,326,340,378,396,415,469,469,562,562,575,593,606,406,406,450,450,499,499,512,523,558,558,579,579,665,665,682,682,698,8,20,20,20,32,80,80,106,126,599,611,611,692,794,794,808,808,815,590,587,614,614,647,647,712,712,756,756,756,756,829,829,864,893,916,948,978,1063,963,963,963,1084,1110,1132,1171,1258,1258,1401,1401,1540,1376,1376,1542,1719,1719,1916,1916,1916,2162,2162,2162,2239,2465,2465,2465,2465],"floor_reached":102,"language":"ENG","playtime":4443,"items_purged":["animator:Defend","animator:Defend","animator:Defend","animator:Strike","animator:Strike","animator:Strike","Pain"],"score":7306,"play_id":"cce58911-2e9f-422a-b57e-72f8d0cf2358","local_time":"20210114234141","is_ascension_mode":true,"campfire_choices":[{"floor":15.0,"key":"RECALL"},{"data":"PrismaMod:ChloeAnyCommonTrace","floor":41.0,"key":"SMITH"},{"data":"animator:MaesHughes","floor":44.0,"key":"SMITH"},{"data":"animator:Hans","floor":59.0,"key":"SMITH"},{"data":"animator:Verdia","floor":63.0,"key":"SMITH"},{"data":"animator:Ainz","floor":67.0,"key":"SMITH"},{"data":"animator:Hibiki","floor":77.0,"key":"SMITH"},{"data":"animator:Aqua","floor":84.0,"key":"SMITH"},{"data":"animator:Kazuma","floor":92.0,"key":"SMITH"},{"data":"animator:GazelDwargon","floor":98.0,"key":"SMITH"},{"data":"animator:Aqua","floor":101.0,"key":"SMITH"}],"circlet_count":0,"master_deck":["AscendersBane","animator:Defend_Konosuba","animator:Kazuma+1","animator:Aqua+1","animator:Kazuma","animator:Chris","animator:GazelDwargon+1","animator:Hibiki+1","animator:Mitsurugi","animator:MaesHughes+1","PrismaMod:ChloeAnyCommonTrace+1","animator:Kazuma","animator:Darkness+1","animator:Megumin+37","animator:Rimuru","animator:Hans+1","animator:Eris+1","animator:Kazuma+1","animator:Togame+1","animator:Verdia+1","animator:Darkness+1","animator:Verdia","animator:Darkness","animator:Aqua+1","animator:YunYun","animator:Kazuma","animator:Mitsurugi+1","animator:Ainz+1","animator:Chris","animator:Vanir","animator:Kazuma","animator:Eris","animator:Wiz+1","animator:Hans+1","animator:Hibiki+1","animator:Kuribayashi"],"relics":["animator:LivingPicture","animator:TheMissingPiece","EVO:Axolotl","DaveBox","ice","REME_ComplimentaryCards","animator:PurgingStone","aspiration:FetidBarrel","StuffTheSpire:Gunfinga","infinitespire:FocusingShard","DianDianMeat","SynthV:TestCard","ArrowTower","aspiration:SeaSaltIceCream","ReplayTheSpireMod:Ninjato","Dota2Spire:PhaseBoots","aspiration:ArtOfWarUpgrade","PatriotShield","jedi:heavyjacket","StuffTheSpire:Tea","StuffTheSpire:EmeraldSignet","hubris:ToyBattleship","Pocketwatch","trackpad:WondrousWand","Quantum Egg","animator:CerealBox","Dota2Spire:EchoSabre","wanderingMiniBosses:LockLocket","DemoMod:RiddleOfLead","ice","WarpedTongs","Replay:Bandana","Smiling Mask","White Beast Statue","trackpad:DisasterInABottle","aspiration:BabyByrd","Sundial","aspiration:RitualStick","Golden Egg","DemoMod:SuperHotWatch","Mirror","DemoMod:GlassGuonStoneRelic","trackpad:PetRock","infinitespire:EvilPickle","Sandwich","vexMod:PaidLearning","halation:PinkSoulGem","Gremlin Horn","Dota2Spire:LotusOrb","Black Star","vexMod:GhostlyGear"],"acts_visited":["Exordium","TheCity","TheBeyond","Exordium","TheCity","TheBeyond"],"potions_floor_usage":[],"damage_taken":[{"damage":0.0,"enemies":"Cultist","floor":1.0,"turns":4.0},{"damage":5.0,"enemies":"infinitespire:Voidling","floor":2.0,"turns":3.0},{"damage":0.0,"enemies":"conspire:RoseBush","floor":5.0,"turns":2.0},{"damage":0.0,"enemies":"Lagavulin","floor":6.0,"turns":6.0},{"damage":0.0,"enemies":"Gremlin Gang","floor":7.0,"turns":3.0},{"damage":0.0,"enemies":"Exordium Wildlife","floor":8.0,"turns":3.0},{"damage":0.0,"enemies":"Large Slime","floor":10.0,"turns":4.0},{"damage":0.0,"enemies":"Gremlin Nob","floor":11.0,"turns":4.0},{"damage":0.0,"enemies":"conspire:2 RoseBushes","floor":12.0,"turns":3.0},{"damage":0.0,"enemies":"Blue Slaver","floor":13.0,"turns":2.0},{"damage":0.0,"enemies":"Lagavulin","floor":14.0,"turns":3.0},{"damage":0.0,"enemies":"Fading Forest","floor":16.0,"turns":8.0},{"damage":0.0,"enemies":"conspire:FuzzyDice","floor":18.0,"turns":1.0},{"damage":0.0,"enemies":"Shell Parasite","floor":19.0,"turns":1.0},{"damage":0.0,"enemies":"Centurion and Healer","floor":20.0,"turns":1.0},{"damage":0.0,"enemies":"Book of Stabbing","floor":23.0,"turns":2.0},{"damage":0.0,"enemies":"conspire:Head Lice","floor":25.0,"turns":1.0},{"damage":0.0,"enemies":"Shelled Parasite and Fungi","floor":27.0,"turns":1.0},{"damage":0.0,"enemies":"Snecko","floor":28.0,"turns":1.0},{"damage":0.0,"enemies":"REME_1_Revenger","floor":29.0,"turns":2.0},{"damage":0.0,"enemies":"conspire:HollyBat","floor":31.0,"turns":2.0},{"damage":0.0,"enemies":"Automaton","floor":33.0,"turns":2.0},{"damage":0.0,"enemies":"3 Darklings","floor":35.0,"turns":1.0},{"damage":0.0,"enemies":"Orb Walker","floor":39.0,"turns":1.0},{"damage":0.0,"enemies":"Jaw Worm Horde","floor":42.0,"turns":1.0},{"damage":0.0,"enemies":"Maw","floor":45.0,"turns":2.0},{"damage":0.0,"enemies":"Sphere and 2 Shapes","floor":46.0,"turns":1.0},{"damage":0.0,"enemies":"Transient","floor":47.0,"turns":3.0},{"damage":0.0,"enemies":"Jaw Worm Horde","floor":48.0,"turns":1.0},{"damage":0.0,"enemies":"Donu and Deca","floor":50.0,"turns":2.0},{"damage":0.0,"enemies":"hubris:GrandSnecko","floor":51.0,"turns":2.0},{"damage":0.0,"enemies":"2 Louse","floor":53.0,"turns":1.0},{"damage":0.0,"enemies":"Cultist","floor":55.0,"turns":1.0},{"damage":0.0,"enemies":"Jaw Worm","floor":57.0,"turns":1.0},{"damage":139.0,"enemies":"Nightmare","floor":58.0,"turns":17.0},{"damage":0.0,"enemies":"Gremlin Nob","floor":60.0,"turns":1.0},{"damage":0.0,"enemies":"Lagavulin","floor":62.0,"turns":2.0},{"damage":0.0,"enemies":"Large Slime","floor":64.0,"turns":1.0},{"damage":0.0,"enemies":"Fading Forest","floor":68.0,"turns":13.0},{"damage":5.0,"enemies":"2 Thieves","floor":70.0,"turns":2.0},{"damage":0.0,"enemies":"3 Byrds","floor":71.0,"turns":1.0},{"damage":0.0,"enemies":"Snecko","floor":72.0,"turns":1.0},{"damage":0.0,"enemies":"3 Cultists","floor":73.0,"turns":3.0},{"damage":19.0,"enemies":"Snake Plant","floor":74.0,"turns":4.0},{"damage":340.0,"enemies":"Nightmare_Alpha","floor":75.0,"turns":23.0},{"damage":0.0,"enemies":"Colosseum Slavers","floor":79.0,"turns":4.0},{"damage":0.0,"enemies":"Colosseum Nobs","floor":79.0,"turns":1.0},{"damage":0.0,"enemies":"Centurion and Healer","floor":80.0,"turns":2.0},{"damage":0.0,"enemies":"Cultist and Chosen","floor":81.0,"turns":1.0},{"damage":0.0,"enemies":"Snake Plant","floor":82.0,"turns":1.0},{"damage":0.0,"enemies":"conspire:Head Lice","floor":83.0,"turns":2.0},{"damage":0.0,"enemies":"Pondfish","floor":85.0,"turns":16.0},{"damage":0.0,"enemies":"3 Darklings","floor":87.0,"turns":2.0},{"damage":0.0,"enemies":"Orb Walker","floor":90.0,"turns":1.0},{"damage":0.0,"enemies":"3 Darklings","floor":91.0,"turns":2.0},{"damage":0.0,"enemies":"R_Hoarder","floor":93.0,"turns":3.0},{"damage":0.0,"enemies":"Transient","floor":96.0,"turns":6.0},{"damage":0.0,"enemies":"4 Shapes","floor":99.0,"turns":2.0},{"damage":0.0,"enemies":"Maw","floor":100.0,"turns":2.0},{"damage":0,"enemies":"Awakened One","floor":102,"turns":1}],"seed_played":"3858883130626559369","potions_obtained":[{"floor":1.0,"key":"SteroidPotion"},{"floor":2.0,"key":"PowerPotion"},{"floor":7.0,"key":"infinitespire:BlackPotion"}],"is_trial":false,"path_per_floor":["M","M","$","$","M","E","M","M","T","M","E","M","M","E","R","B",null,"M","M","M","$","$","E","R","E","T","M","M","E","?","M","R_BF","B",null,"M","?","?","$","M","?","R","M","T","R","M","M","M","M","R_BF","B","B",null,"M","?","M","$","M","NM","R","E","T","E","R","M","?","?","R","B",null,"M","M","M","M","M","NM","?","R","T","?","M","M","M","E","R","B",null,"M","$","?","M","M","R","E","?","T","M","AVR","R","M","M","R","B"],"character_chosen":"THE_ANIMATOR","items_purchased":["aspiration:FetidBarrel","animator:Kazuma","animator:Chris","animator:GazelDwargon","StuffTheSpire:Gunfinga","infinitespire:FocusingShard","animator:Hibiki","DianDianMeat","animator:Mitsurugi","animator:Kazuma","trackpad:WondrousWand","Quantum Egg","animator:CerealBox","vexMod:PaidLearning"],"campfire_rested":0,"item_purchase_floors":[0,0,0,0,0,0,0,0,0,3,38,38,38,88],"current_hp_per_floor":[60,65,69,69,75,75,75,75,81,81,97,97,97,106,106,117,117,117,128,128,128,128,140,140,153,153,153,167,167,167,182,182,182,182,198,198,119,119,121,208,208,225,225,225,225,245,264,284,284,284,305,315,315,337,360,360,360,221,221,270,270,270,270,270,270,270,270,296,400,401,431,431,434,417,105,1,1,1,493,493,493,522,552,552,591,591,591,591,591,591,623,623,623,656,656,657,657,657,694,695,695,695,695],"gold":2465,"neow_bonus":"","is_daily":false,"chose_seed":false,"campfire_upgraded":10,"win_rate":0.0,"timestamp":1610638901,"path_taken":["M","M","?","$","?","E","M","M","T","M","E","M","M","E","R","BOSS","M","M","M","?","$","E","R","E","T","M","?","E","?","M","R_BF","BOSS","M","?","?","?","?","?","R","M","T","R","M","?","M","M","R_BF","BOSS","BOSS","M","?","M","$","M","NM","R","E","T","E","R","?","?","?","R","BOSS","M","M","M","M","M","NM","?","R","T","?","?","M","M","E","R","BOSS","M","$","?","M","M","R","E","?","T","M","AVR","R","?","M","R","BOSS"],"items_purchased_type":["Relic","Card","Card","Card","Relic","Relic","Card","Relic","Card","Card","Relic","Relic","Relic","Relic"],"build_version":"2020-12-22","purchased_purges":7,"victory":false,"max_hp_per_floor":[63,66,70,70,75,75,75,75,81,81,97,97,97,106,106,117,117,117,128,128,128,128,140,140,153,153,153,167,167,167,182,182,182,182,198,198,198,198,198,208,208,225,225,225,225,245,264,284,284,284,305,315,315,337,360,360,360,360,360,409,409,409,409,409,409,409,409,435,435,435,462,462,462,462,490,490,490,490,493,493,493,522,552,552,591,591,591,591,591,591,623,623,623,656,656,658,658,658,695,695,695,695,695],"card_choices":[{"not_picked":["animator:Nanami","animator:Assassin"],"picked":"animator:MaesHughes","floor":1.0},{"not_picked":["animator:TukaLunaMarceau","animator:Envy","animator:Jibril","animator:Ciel","animator:GuildGirl"],"picked":"SKIP","floor":2.0},{"not_picked":["animator:PandorasActor","animator:Guy","animator:Yuuichirou","animator:TukaLunaMarceau"],"picked":"animator:Darkness","floor":5.0},{"not_picked":["animator:Raven","animator:Mitsuba","animator:PandorasActor","animator:OrikoMikuni","animator:Pride"],"picked":"SKIP","floor":6.0},{"not_picked":["animator:YaoHaDucy","animator:Souei","animator:MetalKnight","animator:Elsword","animator:RoyMustang"],"picked":"SKIP","floor":7.0},{"not_picked":["animator:Lu","animator:MumenRider","animator:ElricEdward","animator:Rena","animator:ChaikaBohdan"],"picked":"SKIP","floor":8.0},{"not_picked":["TH:ArmorSpikes","TH:CopperCoins","TH:ElvenBoots"],"picked":"TH:TreasureMap","floor":9.0},{"not_picked":["animator:SuzuneAmano","animator:Illya","animator:NagisaMomoe","animator:Tyuule","animator:Kaijin"],"picked":"SKIP","floor":10.0},{"not_picked":["animator:Aqua","animator:Kazuma","animator:YunYun","animator:Darkness"],"picked":"animator:Megumin","floor":11.0},{"not_picked":["animator:GazelDwargon","animator:YaoHaDucy","animator:LizardPriest","animator:PandorasActor"],"picked":"animator:Rimuru","floor":11.0},{"not_picked":["animator:Benimaru","animator:Sonic","animator:IrohaTamaki","animator:KrulTepes","animator:YaoHaDucy"],"picked":"SKIP","floor":12.0},{"not_picked":["animator:Shion","animator:Illya","animator:SakuraMatou","animator:ElricAlphonse","animator:Demiurge"],"picked":"SKIP","floor":13.0},{"not_picked":["animator:SilverFang","animator:EmiyaShirou","animator:Mitsurugi","animator:Witch"],"picked":"animator:Hans","floor":14.0},{"not_picked":["TH:TreasureMap","TH:BikiniMail","TH:ElvenBoots","TH:CopperCoins"],"picked":"SKIP","floor":14.0},{"not_picked":["animator:MadokaKaname","animator:Envy","animator:Rimuru","animator:FeridBathory"],"picked":"animator:Eris","floor":16.0},{"not_picked":["animator:Berserker","animator:SilverFang","animator:DolaSchwi","animator:Demiurge"],"picked":"animator:Kazuma","floor":19.0},{"not_picked":["animator:Scar","animator:ChlammyZell","animator:Mitsuba+1","animator:Hitei","animator:Yuuichirou"],"picked":"SKIP","floor":20.0},{"not_picked":["animator:TsurugaMeisai","animator:Hakurou","animator:Raven","animator:SilverFang"],"picked":"animator:Togame+1","floor":23.0},{"not_picked":["TH:PixieDust","TH:ArmorSpikes","TH:TreasureMap","TH:ElvenBoots"],"picked":"SKIP","floor":23.0},{"not_picked":["animator:Megumin","animator:Kazuma","animator:Vanir","animator:Chris"],"picked":"animator:Verdia","floor":25.0},{"not_picked":["animator:Rimuru","animator:MumenRider","animator:Saitama","animator:IrohaTamaki","animator:WinryRockbell"],"picked":"SKIP","floor":25.0},{"not_picked":["TH:Mimic","TH:CursedSword","TH:CopperCoins","TH:EnergyPotion"],"picked":"SKIP","floor":26.0},{"not_picked":["animator:EmiyaShirou","animator:Melzalgald","animator:Shuna","animator:Lancer","animator:MetalKnight"],"picked":"SKIP","floor":27.0},{"not_picked":["animator:EmiyaShirou","animator:Melzalgald","animator:Shuna","animator:Lancer","animator:MetalKnight"],"picked":"SKIP","floor":27.0},{"not_picked":["animator:Eve","animator:DolaStephanie","animator:TsurugaMeisai","animator:Tatsumaki"],"picked":"animator:Darkness+1","floor":28.0},{"not_picked":["TH:CopperCoins","TH:DeckOfManyThings","TH:CursedSword","TH:ArmorSpikes"],"picked":"SKIP","floor":29.0},{"not_picked":["animator:SuzuneAmano","animator:SilverFang","animator:Shalltear","animator:DwarfShaman","animator:HighElfArcher"],"picked":"SKIP","floor":29.0},{"not_picked":["animator:Kazuma","animator:Aqua","animator:Mitsurugi","animator:Chris"],"picked":"animator:Verdia","floor":31.0},{"not_picked":["animator:Chung+1","animator:ElricEdward","animator:MumenRider+1","animator:Ara"],"picked":"animator:Darkness","floor":35.0},{"not_picked":["animator:SilverFang","animator:ItamiYouji","animator:DolaStephanie","animator:IzunaHatsuse","animator:Rider"],"picked":"SKIP","floor":39.0},{"not_picked":["animator:Jibril","animator:Shuna","animator:Shichika","animator:OrikoMikuni"],"picked":"animator:Aqua","floor":42.0},{"not_picked":["TH:CursedSword","TH:BikiniMail","TH:PixieDust","TH:CopperCoins"],"picked":"SKIP","floor":43.0},{"not_picked":["animator:AcuraAkari","animator:Verdia","animator:SilverFang","animator:Shigure"],"picked":"animator:YunYun","floor":46.0},{"not_picked":["animator:WinryRockbell+1","animator:ElricEdward+1","animator:Envy","animator:Add"],"picked":"animator:Kazuma","floor":47.0},{"not_picked":["animator:SilverFang+1","animator:LizardPriest","animator:Rider","animator:Chung+1"],"picked":"animator:Mitsurugi+1","floor":48.0},{"not_picked":["animator:Guren","animator:Saber","animator:PinaCoLada","animator:Greed"],"picked":"animator:Ainz","floor":51.0},{"not_picked":["animator:EmiyaShirou","animator:Gillette","animator:Chung","animator:Hakurou"],"picked":"animator:Chris","floor":55.0},{"not_picked":["animator:Melzalgald","animator:ElricAlphonse","animator:Priestess","animator:ChaikaTrabant","animator:Rider"],"picked":"SKIP","floor":57.0},{"not_picked":["TH:ArmorSpikes","TH:CursedSword","TH:ElvenBoots","TH:PixieDust"],"picked":"SKIP","floor":58.0},{"not_picked":["animator:CowGirl","animator:Priestess","animator:Kaijin","animator:GazelDwargon","animator:Mitsurugi"],"picked":"SKIP","floor":58.0},{"not_picked":["animator:Mitsurugi","animator:Verdia","animator:YunYun","animator:Kazuma"],"picked":"animator:Vanir","floor":60.0},{"not_picked":["animator:Mikaela","animator:DolaStephanie","animator:Togame","animator:Vanir"],"picked":"animator:Kazuma","floor":60.0},{"not_picked":["TH:EnergyPotion","TH:ArmorSpikes","TH:BikiniMail","TH:Mimic"],"picked":"SKIP","floor":61.0},{"not_picked":["TH:EnergyPotion","TH:Mimic","TH:ArmorSpikes","TH:TreasureMap"],"picked":"SKIP","floor":62.0},{"not_picked":["animator:YunYun","animator:SayakaMiki","animator:Tet","animator:GoblinSlayer","animator:SilverFang"],"picked":"SKIP","floor":62.0},{"not_picked":["animator:Benimaru","animator:Raven","animator:Mitsuba","animator:IzunaHatsuse","animator:ElricAlphonse"],"picked":"SKIP","floor":64.0},{"not_picked":["animator:PinaCoLada","animator:MadokaKaname","animator:Boros","animator:AcuraShin"],"picked":"animator:Eris","floor":68.0},{"not_picked":["animator:GazelDwargon","animator:Ara","animator:Gillette","animator:MumenRider","animator:Kuribayashi+1"],"picked":"SKIP","floor":70.0},{"not_picked":["animator:Vanir","animator:YunYun","animator:Verdia","animator:Kazuma"],"picked":"animator:Megumin","floor":71.0},{"not_picked":["animator:Kazuma","animator:Shigure","animator:PandorasActor","animator:Ain","animator:LeleiLaLalena"],"picked":"SKIP","floor":72.0},{"not_picked":["animator:MaesHughes+1","animator:Hitei+1","animator:AcuraAkari","animator:Verdia","animator:Mikaela"],"picked":"SKIP","floor":73.0},{"not_picked":["animator:MumenRider+1","animator:Kuribayashi","animator:Demiurge","animator:DolaStephanie","animator:Geryuganshoop"],"picked":"SKIP","floor":74.0},{"not_picked":["animator:YunYun","animator:Mitsurugi","animator:Kazuma","animator:Verdia"],"picked":"animator:Megumin","floor":75.0},{"not_picked":["animator:KrulTepes","animator:Ciel","animator:Kuribayashi","animator:Saitama","animator:PandorasActor"],"picked":"SKIP","floor":75.0},{"not_picked":["TH:PixieDust","TH:Mimic","TH:EnergyPotion","TH:ArmorSpikes"],"picked":"SKIP","floor":78.0},{"not_picked":["animator:DolaRiku","animator:AcuraAkari","animator:SakuraMatou","animator:Tyuule","animator:Mitsuba"],"picked":"SKIP","floor":80.0},{"not_picked":["animator:Kazuma","animator:ItamiYouji","animator:TukaLunaMarceau","animator:Evileye","animator:Geryuganshoop"],"picked":"SKIP","floor":81.0},{"not_picked":["animator:Darkness","animator:Mitsurugi","animator:YunYun","animator:Kazuma"],"picked":"animator:Megumin","floor":82.0},{"not_picked":["animator:OrikoMikuni","animator:DolaStephanie","animator:Sonic+1","animator:Mikaela"],"picked":"animator:Wiz","floor":83.0},{"not_picked":["TH:PixieDust","TH:Mimic","TH:EnergyPotion","TH:CursedSword"],"picked":"SKIP","floor":83.0},{"not_picked":["animator:Greed","animator:Saitama","animator:FeridBathory","animator:Sora"],"picked":"animator:Hans","floor":85.0},{"not_picked":["animator:Ara","animator:LeleiLaLalena","animator:Togame","animator:Shion","animator:Guy"],"picked":"SKIP","floor":87.0},{"not_picked":["animator:MadokaKaname","animator:PandorasActor+1","animator:IzunaHatsuse","animator:Sonic","animator:Kuribayashi"],"picked":"SKIP","floor":90.0},{"not_picked":["animator:Kazuma","animator:Vanir","animator:YunYun","animator:Verdia"],"picked":"animator:Megumin","floor":91.0},{"not_picked":["TH:DeckOfManyThings","TH:ArmorSpikes","TH:CursedSword","TH:ElvenBoots"],"picked":"SKIP","floor":93.0},{"not_picked":["animator:FeridBathory","animator:Shion","animator:ChlammyZell+1","animator:Bozes","animator:Gluttony"],"picked":"SKIP","floor":93.0},{"not_picked":["TH:TreasureMap","TH:CopperCoins","TH:ArmorSpikes","TH:EnergyPotion"],"picked":"SKIP","floor":95.0},{"not_picked":["animator:Shuna+1","animator:MumenRider","animator:Ciel+1","animator:Sebas+1","animator:Shigure+1"],"picked":"SKIP","floor":96.0},{"not_picked":["animator:Guren","animator:Raven+1","animator:SakuraMatou","animator:RinTohsaka+1"],"picked":"animator:Kuribayashi","floor":99.0}],"player_experience":444324,"relics_obtained":[{"floor":1.0,"key":"SynthV:TestCard"},{"floor":6.0,"key":"aspiration:SeaSaltIceCream"},{"floor":11.0,"key":"Dota2Spire:PhaseBoots"},{"floor":14.0,"key":"Art of War"},{"floor":23.0,"key":"jedi:heavyjacket"},{"floor":25.0,"key":"StuffTheSpire:Tea"},{"floor":26.0,"key":"StuffTheSpire:EmeraldSignet"},{"floor":29.0,"key":"hubris:ToyBattleship"},{"floor":37.0,"key":"Pocketwatch"},{"floor":43.0,"key":"Dota2Spire:EchoSabre"},{"floor":47.0,"key":"wanderingMiniBosses:LockLocket"},{"floor":58.0,"key":"Replay:Bandana"},{"floor":60.0,"key":"Smiling Mask"},{"floor":61.0,"key":"White Beast Statue"},{"floor":62.0,"key":"trackpad:DisasterInABottle"},{"floor":75.0,"key":"Sundial"},{"floor":78.0,"key":"Golden Egg"},{"floor":79.0,"key":"DemoMod:SuperHotWatch"},{"floor":79.0,"key":"Mirror"},{"floor":83.0,"key":"trackpad:PetRock"},{"floor":93.0,"key":"Gremlin Horn"},{"floor":95.0,"key":"Dota2Spire:LotusOrb"}],"event_choices":[{"cards_removed":["TH:TreasureMap"],"damage_healed":77.0,"max_hp_gain":10.0,"max_hp_loss":0.0,"gold_gain":0.0,"event_name":"Bonfire Elementals","player_choice":"Offered Rare","floor":40.0,"gold_loss":0.0,"damage_taken":0.0},{"damage_healed":0.0,"max_hp_gain":0.0,"max_hp_loss":0.0,"gold_gain":0.0,"event_name":"Accursed Blacksmith","player_choice":"Rummage","floor":54.0,"gold_loss":0.0,"damage_taken":0.0,"relics_obtained":["WarpedTongs"],"cards_obtained":["Pain"]},{"damage_healed":0.0,"max_hp_gain":0.0,"max_hp_loss":0.0,"gold_gain":0.0,"event_name":"Colosseum","player_choice":"Fight","floor":79.0,"gold_loss":0.0,"damage_taken":0.0},{"damage_healed":0.0,"max_hp_gain":0.0,"max_hp_loss":0.0,"gold_gain":0.0,"event_name":"Colosseum","player_choice":"Fought Nobs","floor":79.0,"gold_loss":0.0,"damage_taken":0.0},{"damage_healed":0.0,"max_hp_gain":0.0,"max_hp_loss":0.0,"gold_gain":0.0,"cards_transformed":["animator:Strike_Konosuba"],"event_name":"Transmorgrifier","player_choice":"Transformed","floor":94.0,"gold_loss":0.0,"damage_taken":0.0,"cards_obtained":["animator:Hibiki"]}],"is_beta":false,"boss_relics":[{"not_picked":["trackpad:StolenKidneys","RhineSuit"],"picked":"PatriotShield"},{"not_picked":["Mark of Pain","StuffTheSpire:Kangaroo","infinitespire:Cupcake"]},{"not_picked":["hubris:VirtuousBlindfold","REME_ChargedStone"],"picked":"DemoMod:RiddleOfLead"},{"not_picked":["hubris:BlackHole","hubris:VirtuousBlindfold","hubris:HollowSoul"]},{"not_picked":["Honey Jar","jedi:paperlyon"],"picked":"Sandwich"}],"items_purged_floors":[0,0,0,0,0,21,56],"is_endless":true,"potions_floor_spawned":[1,2,7,8,10,12,16,20,23,25,46,47,48,50,51,53,55,62,64,68,70,71,72,73,74,75,79,79,80,81,82,83,85,87,90,91,93,96,99,100],"killed_by":"Awakened One","ascension_level":20}}