{"host":"jnjxzd6rarbui4j8","time":1610600199,"event":{"mods":["AchievementEnabler","BaseMod","Colored Map","Highlight Path","Minty Spire (QoL Compilation)","Relic Stats","StSLib"],"gold_per_floor":[114,130,141,152,152,178,178,203,249,284,284,284,300,313,313,388,388,407,417,433,433,452,452,485,485,485,485,512,529,56,85,85,162,162,175,175,193,212,232,562,562,594,594,612,646,646,407,423,423,423,423,423,423,56,85,85],"floor_reached":57,"language":"ENG","playtime":11399,"items_purged":["Strike_G","Infinite Blades","Grand Finale"],"score":2883,"play_id":"061e27de-60c3-4599-bc63-f35b0a3b05f4","local_time":"20210113235639","is_ascension_mode":true,"campfire_choices":[{"data":"Acrobatics","floor":15.0,"key":"SMITH"},{"data":"Envenom","floor":23.0,"key":"SMITH"},{"data":"Noxious Fumes","floor":25.0,"key":"SMITH"},{"data":"Choke","floor":27.0,"key":"SMITH"},{"data":"Dagger Spray","floor":32.0,"key":"SMITH"},{"data":"Wraith Form v2","floor":41.0,"key":"SMITH"},{"floor":46.0,"key":"RECALL"},{"data":"Acrobatics","floor":49.0,"key":"SMITH"},{"data":"Defend_G","floor":53.0,"key":"SMITH"}],"circlet_count":0,"master_deck":["AscendersBane","Defend_G+1","Defend_G+1","Defend_G","Defend_G+1","Defend_G","Survivor+1","Neutralize+1","Poisoned Stab+1","Acrobatics+1","Poisoned Stab","Acrobatics+1","Choke+1","Bane","Deflect+1","Backflip+1","Envenom+1","Escape Plan+1","Deflect+1","Noxious Fumes+1","Bouncing Flask+1","Bouncing Flask+1","Metamorphosis+1","PiercingWail+1","Dagger Spray+1","Deflect+1","Bullet Time+1","Tactician+1","Wraith Form v2+1","Deadly Poison+1","Bouncing Flask+1","Tactician+1","Cloak And Dagger+1","Blur+1","Calculated Gamble+1","Deflect+1","Finesse+1","Backflip+1"],"relics":["Coffee Dripper","Bottled Lightning","Toxic Egg 2","War Paint","Snake Skull","Runic Pyramid","Bag of Marbles","Strawberry","Pen Nib","Empty Cage","Old Coin","Oddly Smooth Stone","InkBottle","Blue Candle"],"acts_visited":["Exordium","TheCity","TheBeyond","TheEnding"],"potions_floor_usage":[56,56],"damage_taken":[{"damage":0.0,"enemies":"Small Slimes","floor":1.0,"turns":4.0},{"damage":0.0,"enemies":"2 Louse","floor":2.0,"turns":2.0},{"damage":0.0,"enemies":"Cultist","floor":3.0,"turns":4.0},{"damage":3.0,"enemies":"Lots of Slimes","floor":4.0,"turns":5.0},{"damage":1.0,"enemies":"Gremlin Nob","floor":6.0,"turns":3.0},{"damage":29.0,"enemies":"3 Sentries","floor":8.0,"turns":9.0},{"damage":1.0,"enemies":"Gremlin Nob","floor":10.0,"turns":3.0},{"damage":0.0,"enemies":"Blue Slaver","floor":13.0,"turns":2.0},{"damage":0.0,"enemies":"Exordium Wildlife","floor":14.0,"turns":3.0},{"damage":13.0,"enemies":"The Guardian","floor":16.0,"turns":11.0},{"damage":0.0,"enemies":"3 Byrds","floor":18.0,"turns":4.0},{"damage":2.0,"enemies":"Spheric Guardian","floor":19.0,"turns":5.0},{"damage":20.0,"enemies":"Snecko","floor":20.0,"turns":5.0},{"damage":9.0,"enemies":"Snake Plant","floor":22.0,"turns":4.0},{"damage":10.0,"enemies":"Book of Stabbing","floor":24.0,"turns":5.0},{"damage":0.0,"enemies":"Cultist and Chosen","floor":29.0,"turns":5.0},{"damage":16.0,"enemies":"Gremlin Leader","floor":31.0,"turns":5.0},{"damage":21.0,"enemies":"Champ","floor":33.0,"turns":7.0},{"damage":2.0,"enemies":"3 Shapes","floor":35.0,"turns":4.0},{"damage":1.0,"enemies":"3 Darklings","floor":37.0,"turns":3.0},{"damage":11.0,"enemies":"Jaw Worm Horde","floor":38.0,"turns":4.0},{"damage":0.0,"enemies":"Maw","floor":39.0,"turns":6.0},{"damage":3.0,"enemies":"Reptomancer","floor":40.0,"turns":6.0},{"damage":0.0,"enemies":"Nemesis","floor":42.0,"turns":5.0},{"damage":0.0,"enemies":"Sphere and 2 Shapes","floor":44.0,"turns":4.0},{"damage":3.0,"enemies":"Reptomancer","floor":45.0,"turns":5.0},{"damage":0.0,"enemies":"Transient","floor":48.0,"turns":6.0},{"damage":4.0,"enemies":"Donu and Deca","floor":50.0,"turns":6.0},{"damage":11.0,"enemies":"Awakened One","floor":51.0,"turns":10.0},{"damage":22.0,"enemies":"Shield and Spear","floor":55.0,"turns":7.0},{"damage":12,"enemies":"The Heart","floor":56,"turns":8}],"seed_played":"6973189324635954741","potions_obtained":[{"floor":1.0,"key":"PowerPotion"},{"floor":2.0,"key":"SpeedPotion"},{"floor":8.0,"key":"PowerPotion"},{"floor":16.0,"key":"Regen Potion"},{"floor":18.0,"key":"Energy Potion"},{"floor":22.0,"key":"FearPotion"},{"floor":33.0,"key":"AttackPotion"},{"floor":39.0,"key":"SpeedPotion"},{"floor":40.0,"key":"LiquidMemories"},{"floor":45.0,"key":"Swift Potion"}],"is_trial":false,"path_per_floor":["M","M","M","M","?","E","?","E","T","E","?","?","M","M","R","B",null,"M","M","M","?","M","R","E","R","T","R","T","M","$","E","R","B",null,"M","?","M","M","M","E","R","E","T","M","E","R","$","M","R","B","B",null,"R","$","E","B",null],"character_chosen":"THE_SILENT","items_purchased":["Bouncing Flask+1","Metamorphosis+1","PiercingWail+1","Dagger Spray","Cloak And Dagger+1","Blur+1","Ancient Potion","Deflect+1","Finesse+1"],"campfire_rested":0,"item_purchase_floors":[30,30,30,30,47,47,54,54,54],"current_hp_per_floor":[59,59,59,56,36,35,35,6,6,5,5,76,76,76,76,63,73,73,71,51,51,56,56,46,46,46,46,53,53,53,37,37,16,66,64,64,63,52,52,49,49,49,49,49,46,46,46,46,46,42,31,70,70,70,48,36],"gold":85,"neow_bonus":"BOSS_RELIC","is_daily":false,"chose_seed":false,"campfire_upgraded":8,"win_rate":0.0,"timestamp":1610600199,"path_taken":["M","M","M","M","?","E","?","E","T","E","?","?","?","M","R","BOSS","M","M","?","?","M","R","E","R","T","R","?","?","$","E","R","BOSS","M","?","M","M","M","E","R","E","T","M","E","R","$","M","R","BOSS","BOSS","R","$","E","BOSS"],"items_purchased_type":["Card","Card","Card","Card","Card","Card","Potion","Card","Card"],"build_version":"2020-12-22","purchased_purges":3,"victory":true,"max_hp_per_floor":[66,66,66,66,66,66,66,66,66,66,66,76,76,76,76,76,76,76,76,76,76,76,76,76,76,76,76,83,83,83,83,83,83,83,83,83,83,83,83,83,83,83,83,83,83,83,83,83,83,83,83,83,83,83,83,83],"relic_stats":{"counters":[31,160],"Blue Candle":[0],"Snake Skull":[558],"Pen Nib":[15],"War Paint":["Survivor","Defend_G"],"obtain_stats":[{"Blue Candle":55,"Oddly Smooth Stone":42,"Snake Skull":10,"Pen Nib":31,"War Paint":9,"Empty Cage":34,"Old Coin":40,"Strawberry":28,"Coffee Dripper":0,"Bag of Marbles":24,"Bottled Lightning":6,"Toxic Egg 2":8,"InkBottle":43,"Ring of the Snake":0,"Runic Pyramid":17},{"Blue Candle":30,"Oddly Smooth Stone":24,"Snake Skull":7,"Pen Nib":17,"War Paint":6,"Empty Cage":18,"Old Coin":23,"Strawberry":15,"Coffee Dripper":0,"Bag of Marbles":15,"Bottled Lightning":5,"Toxic Egg 2":6,"InkBottle":24,"Ring of the Snake":0,"Runic Pyramid":10},{"Blue Candle":152,"Oddly Smooth Stone":114,"Snake Skull":30,"Pen Nib":79,"War Paint":27,"Empty Cage":86,"Old Coin":109,"Strawberry":69,"Coffee Dripper":0,"Bag of Marbles":69,"Bottled Lightning":18,"Toxic Egg 2":27,"InkBottle":114,"Ring of the Snake":0,"Runic Pyramid":46}],"InkBottle":[24]},"card_choices":[{"not_picked":["Caltrops","Underhanded Strike"],"picked":"Poisoned Stab","floor":1.0},{"not_picked":["Heel Hook","All Out Attack"],"picked":"Acrobatics","floor":2.0},{"not_picked":["Slice","Flechettes"],"picked":"Poisoned Stab","floor":3.0},{"not_picked":["Poisoned Stab","Dodge and Roll"],"picked":"Acrobatics","floor":4.0},{"not_picked":["Slice","Accuracy"],"picked":"Choke","floor":6.0},{"not_picked":["Skewer","Quick Slash"],"picked":"Glass Knife","floor":8.0},{"not_picked":["Acrobatics+1","Heel Hook"],"picked":"Bane","floor":10.0},{"not_picked":["Underhanded Strike","Slice"],"picked":"Deflect+1","floor":13.0},{"not_picked":["Blade Dance+1","Accuracy"],"picked":"Backflip+1","floor":14.0},{"not_picked":["Malaise+1","Venomology+1"],"picked":"Envenom","floor":16.0},{"not_picked":["Underhanded Strike","Quick Slash"],"picked":"Escape Plan+1","floor":18.0},{"not_picked":["Predator+1","Escape Plan+1"],"picked":"Deflect+1","floor":19.0},{"not_picked":["Eviscerate","Choke","Masterful Stab"],"picked":"SKIP","floor":20.0},{"not_picked":["Finisher","Dagger Throw","Predator"],"picked":"SKIP","floor":22.0},{"not_picked":["Dagger Throw","Predator"],"picked":"Grand Finale","floor":24.0},{"not_picked":["Deadly Poison+1","Sucker Punch"],"picked":"Bouncing Flask+1","floor":29.0},{"not_picked":["Predator","Dagger Spray"],"picked":"Deflect+1","floor":31.0},{"not_picked":["Phantasmal Killer+1","Envenom"],"picked":"Bullet Time+1","floor":33.0},{"not_picked":["Poisoned Stab+1","Acrobatics+1"],"picked":"Tactician+1","floor":35.0},{"not_picked":["Dagger Spray","Bane"],"picked":"Wraith Form v2","floor":37.0},{"not_picked":["All Out Attack","Dagger Spray","Eviscerate"],"picked":"SKIP","floor":38.0},{"not_picked":["Finisher+1","Outmaneuver+1"],"picked":"Deadly Poison+1","floor":39.0},{"not_picked":["Outmaneuver+1","Quick Slash"],"picked":"Bouncing Flask+1","floor":40.0},{"not_picked":["Well Laid Plans","Outmaneuver+1","Glass Knife"],"picked":"SKIP","floor":42.0},{"not_picked":["Poisoned Stab","Accuracy"],"picked":"Tactician+1","floor":44.0},{"not_picked":["Infinite Blades","Predator","Quick Slash+1"],"picked":"SKIP","floor":45.0},{"not_picked":["Sucker Punch","PiercingWail+1"],"picked":"Calculated Gamble+1","floor":48.0},{"not_picked":["Eviscerate","Dash"],"picked":"Backflip+1","floor":55.0}],"player_experience":2433091,"relics_obtained":[{"floor":6.0,"key":"Bottled Lightning"},{"floor":8.0,"key":"Toxic Egg 2"},{"floor":9.0,"key":"War Paint"},{"floor":10.0,"key":"Snake Skull"},{"floor":24.0,"key":"Bag of Marbles"},{"floor":28.0,"key":"Strawberry"},{"floor":31.0,"key":"Pen Nib"},{"floor":40.0,"key":"Old Coin"},{"floor":42.0,"key":"Oddly Smooth Stone"},{"floor":43.0,"key":"InkBottle"},{"floor":55.0,"key":"Blue Candle"}],"event_choices":[{"damage_healed":0.0,"max_hp_gain":0.0,"max_hp_loss":0.0,"gold_gain":0.0,"event_name":"Shining Light","player_choice":"Entered Light","floor":5.0,"gold_loss":0.0,"damage_taken":20.0,"cards_upgraded":["Poisoned Stab","Defend_G"]},{"damage_healed":0.0,"max_hp_gain":0.0,"max_hp_loss":0.0,"gold_gain":0.0,"event_name":"Scrap Ooze","player_choice":"Fled","floor":7.0,"gold_loss":0.0,"damage_taken":0.0},{"damage_healed":0.0,"max_hp_gain":0.0,"max_hp_loss":0.0,"gold_gain":0.0,"event_name":"Living Wall","player_choice":"Grow","floor":11.0,"gold_loss":0.0,"damage_taken":0.0,"cards_upgraded":["Neutralize"]},{"cards_removed":["Glass Knife"],"damage_healed":61.0,"max_hp_gain":10.0,"max_hp_loss":0.0,"gold_gain":0.0,"event_name":"Bonfire Elementals","player_choice":"Offered Rare","floor":12.0,"gold_loss":0.0,"damage_taken":0.0},{"damage_healed":0.0,"max_hp_gain":0.0,"max_hp_loss":0.0,"gold_gain":0.0,"cards_transformed":["Strike_G","Strike_G"],"event_name":"Drug Dealer","player_choice":"Became Test Subject","floor":21.0,"gold_loss":0.0,"damage_taken":0.0,"cards_obtained":["Noxious Fumes","Infinite Blades"]},{"damage_healed":0.0,"max_hp_gain":0.0,"max_hp_loss":0.0,"gold_gain":0.0,"event_name":"Tomb of Lord Red Mask","player_choice":"Ignored","floor":36.0,"gold_loss":0.0,"damage_taken":0.0}],"is_beta":false,"boss_relics":[{"not_picked":["Cursed Key","Calling Bell"],"picked":"Runic Pyramid"},{"not_picked":["Velvet Choker","Black Star"],"picked":"Empty Cage"}],"items_purged_floors":[30,47,54],"is_endless":false,"potions_floor_spawned":[1,2,3,8,16,18,22,33,39,40,45,48],"ascension_level":20}}