{"host":"19t2eyow02s954g8","time":1610632950,"event":{"mods":["BaseMod","Colored Map","DeckTracker","Minty Spire (QoL Compilation)","StSLib","SuperFastMode"],"gold_per_floor":[115,115,165,178,178,178,205,205,205,238,32,43,71,91,91,170,170,181,193,34,52,102,102,132,142,218,218,232,232,244,60,60,139,139,150,150,204,22,22,22],"floor_reached":39,"language":"KOR","playtime":1179,"items_purged":["Strike_G","Strike_G","Glass Knife"],"score":1134,"play_id":"674029bc-3bcd-47be-b0e6-35d54e954eed","local_time":"20210114230230","is_ascension_mode":true,"campfire_choices":[{"data":"Deadly Poison","floor":6.0,"key":"SMITH"},{"data":"Catalyst","floor":8.0,"key":"SMITH"},{"data":"Neutralize","floor":15.0,"key":"SMITH"},{"data":"Calculated Gamble","floor":23.0,"key":"SMITH"},{"data":"Acrobatics","floor":27,"key":"SMITH"},{"floor":32,"key":"REST"}],"circlet_count":0,"master_deck":["AscendersBane","Survivor","Neutralize+1","Deadly Poison+1","Catalyst+1","Calculated Gamble+1","Crippling Poison","Footwork","Acrobatics+1","Flechettes","Corpse Explosion","PiercingWail","Tactician","Well Laid Plans","Night Terror+1","Backflip+1","Glass Knife","Dagger Spray","Night Terror+1","Acrobatics+1","Grand Finale","Storm of Steel+1","Prepared+1"],"relics":["Ring of the Snake","NeowsBlessing","CaptainsWheel","Question Card","Letter Opener","Bottled Lightning","ClockworkSouvenir","Ginger","Busted Crown","Lantern","Toxic Egg 2","Pandora\u0027s Box","Peace Pipe"],"acts_visited":["Exordium","TheCity","TheBeyond"],"potions_floor_usage":[25,33,33],"damage_taken":[{"damage":0.0,"enemies":"Jaw Worm","floor":1.0,"turns":1.0},{"damage":0.0,"enemies":"2 Louse","floor":4.0,"turns":1.0},{"damage":0.0,"enemies":"Lagavulin","floor":7.0,"turns":1.0},{"damage":0.0,"enemies":"Gremlin Nob","floor":10.0,"turns":3.0},{"damage":0.0,"enemies":"Cultist","floor":12.0,"turns":2.0},{"damage":0.0,"enemies":"3 Sentries","floor":13.0,"turns":2.0},{"damage":7.0,"enemies":"Exordium Thugs","floor":14.0,"turns":6.0},{"damage":0.0,"enemies":"The Guardian","floor":16.0,"turns":8.0},{"damage":3.0,"enemies":"Spheric Guardian","floor":18.0,"turns":4.0},{"damage":3.0,"enemies":"Shell Parasite","floor":19.0,"turns":4.0},{"damage":21.0,"enemies":"Shelled Parasite and Fungi","floor":21.0,"turns":2.0},{"damage":22,"enemies":"Slavers","floor":24,"turns":3},{"damage":0,"enemies":"Centurion and Healer","floor":25,"turns":5},{"damage":19,"enemies":"Snake Plant","floor":28,"turns":5},{"damage":0,"enemies":"3 Cultists","floor":30,"turns":2},{"damage":5,"enemies":"Automaton","floor":33,"turns":4},{"damage":0,"enemies":"3 Shapes","floor":35,"turns":4},{"damage":38,"enemies":"2 Orb Walkers","floor":37,"turns":3},{"damage":24,"enemies":"Orb Walker","floor":39,"turns":2}],"seed_played":"-4295658637426842757","potions_obtained":[{"floor":4.0,"key":"EntropicBrew"},{"floor":7.0,"key":"Block Potion"},{"floor":12.0,"key":"Regen Potion"},{"floor":14.0,"key":"Poison Potion"},{"floor":21.0,"key":"DuplicationPotion"},{"floor":30,"key":"Energy Potion"},{"floor":37,"key":"PowerPotion"}],"is_trial":false,"path_per_floor":["M","?","?","M","T","R","E","R","T","E","$","M","E","M","R","B",null,"M","M","$","M","?","R","E","M","T","R","M","?","M","$","R","B",null,"M","?","?","$","M"],"character_chosen":"THE_SILENT","items_purchased":["ClockworkSouvenir","Crippling Poison","Tactician","DuplicationPotion","Prepared+1"],"campfire_rested":1,"item_purchase_floors":[11,11,20,31,38],"current_hp_per_floor":[59,64,64,64,64,64,64,64,64,64,64,64,64,57,57,57,68,65,62,62,41,34,34,12,27,27,27,8,8,8,8,29,24,59,59,59,21,21,0,0],"gold":22,"neow_bonus":"THREE_ENEMY_KILL","is_daily":false,"chose_seed":false,"campfire_upgraded":5,"win_rate":0.0,"timestamp":1610632950,"path_taken":["M","?","?","?","?","R","E","R","T","E","$","M","E","M","R","BOSS","M","?","$","M","?","R","E","M","T","R","?","?","M","$","R","BOSS","M","?","?","$","M"],"items_purchased_type":["Relic","Card","Card","Potion","Card"],"build_version":"2020-12-22","purchased_purges":3,"victory":false,"max_hp_per_floor":[66,71,71,71,71,71,71,71,71,71,71,71,71,71,71,71,71,71,71,71,71,71,71,71,71,71,71,71,71,71,71,71,71,71,71,67,67,67,67,67],"card_choices":[{"not_picked":["Poisoned Stab","Slice"],"picked":"Deadly Poison","floor":1.0},{"not_picked":["Acrobatics","Masterful Stab"],"picked":"Catalyst","floor":4.0},{"not_picked":["Flechettes","Terror"],"picked":"Calculated Gamble","floor":7.0},{"not_picked":["Heel Hook","A Thousand Cuts","Dagger Spray","Accuracy"],"picked":"SKIP","floor":10.0},{"not_picked":["Sucker Punch","Leg Sweep","Cloak And Dagger"],"picked":"Footwork","floor":12.0},{"not_picked":["Grand Finale","Unload","Sucker Punch"],"picked":"Acrobatics","floor":13.0},{"not_picked":["Underhanded Strike","Prepared","Slice"],"picked":"Flechettes","floor":14.0},{"not_picked":["After Image","Venomology","Storm of Steel"],"picked":"Corpse Explosion","floor":16.0},{"not_picked":["Dagger Throw"],"picked":"PiercingWail","floor":18.0},{"not_picked":["Poisoned Stab","Dagger Spray"],"picked":"SKIP","floor":19.0},{"not_picked":["Endless Agony","Riddle With Holes"],"picked":"SKIP","floor":21.0},{"not_picked":["Deflect","Envenom"],"picked":"SKIP","floor":24},{"not_picked":["Slice","Distraction"],"picked":"SKIP","floor":25},{"not_picked":["Dagger Throw","Underhanded Strike"],"picked":"SKIP","floor":28},{"not_picked":["Noxious Fumes"],"picked":"Well Laid Plans","floor":30},{"not_picked":["A Thousand Cuts"],"picked":"Night Terror+1","floor":33},{"not_picked":["Slice+1","Poisoned Stab"],"picked":"SKIP","floor":35}],"player_experience":4269877,"relics_obtained":[{"floor":5.0,"key":"CaptainsWheel"},{"floor":7.0,"key":"Question Card"},{"floor":9.0,"key":"Letter Opener"},{"floor":10.0,"key":"Bottled Lightning"},{"floor":13.0,"key":"Ginger"},{"floor":24,"key":"Lantern"},{"floor":26,"key":"Toxic Egg 2"},{"floor":37,"key":"Peace Pipe"}],"event_choices":[{"damage_healed":0.0,"max_hp_gain":5.0,"max_hp_loss":0.0,"gold_gain":0.0,"event_name":"Big Fish","player_choice":"Donut","floor":2.0,"gold_loss":0.0,"damage_taken":0.0},{"damage_healed":0.0,"max_hp_gain":0.0,"max_hp_loss":0.0,"gold_gain":50.0,"event_name":"Golden Shrine","player_choice":"Pray","floor":3.0,"gold_loss":0.0,"damage_taken":0.0},{"damage_healed":0.0,"max_hp_gain":0.0,"max_hp_loss":0.0,"gold_gain":50.0,"event_name":"FaceTrader","player_choice":"Touch","floor":22.0,"gold_loss":0.0,"damage_taken":7.0},{"damage_healed":0,"gold_gain":0,"player_choice":"Ignored","damage_taken":0,"max_hp_gain":0,"max_hp_loss":0,"event_name":"The Mausoleum","floor":29,"gold_loss":0},{"damage_healed":0,"gold_gain":0,"player_choice":"Max HP","damage_taken":0,"max_hp_gain":0,"max_hp_loss":4,"event_name":"Winding Halls","floor":36,"gold_loss":0},{"damage_healed":0,"gold_gain":0,"player_choice":"Fight","damage_taken":0,"max_hp_gain":0,"max_hp_loss":0,"event_name":"Mysterious Sphere","floor":37,"gold_loss":0}],"is_beta":false,"boss_relics":[{"not_picked":["Snecko Eye","Coffee Dripper"],"picked":"Busted Crown"},{"not_picked":["HoveringKite","Runic Dome"],"picked":"Pandora\u0027s Box"}],"items_purged_floors":[20,31,38],"is_endless":false,"potions_floor_spawned":[4,7,12,14,19,21,24,30,37],"killed_by":"Orb Walker","ascension_level":20}}