{"host":"fnk117zi8wf5078t","time":1610594242,"event":{"mods":["AchievementEnabler","BaseMod","Colored Map","Minty Spire (QoL Compilation)","Rare Cards Sparkle","SuperFastMode","everything is the same but u backflip on backflip"],"gold_per_floor":[110,31,43,60,75,100,100,100,100,100,118,135,146,146,146,220,220,236,236,64,90,106,106,119,119,119,147,166,166,180,20,20,91,91,108,33,44,44,59,90,90,103,103,117,36,49,49,81,81,81,81],"floor_reached":52,"language":"KOR","playtime":2466,"items_purged":["Strike_R"],"score":1922,"play_id":"4bc562be-652b-4e1b-a0c5-20897dbc8cca","local_time":"20210114121722","is_ascension_mode":true,"campfire_choices":[{"floor":8.0,"key":"REST"},{"data":"Fire Breathing","floor":10.0,"key":"SMITH"},{"floor":15.0,"key":"REST"},{"data":"Offering","floor":23.0,"key":"SMITH"},{"floor":25.0,"key":"REST"},{"data":"Dark Embrace","floor":29.0,"key":"SMITH"},{"floor":32.0,"key":"REST"},{"floor":41.0,"key":"REST"},{"floor":47.0,"key":"REST"},{"data":"Barricade","floor":49.0,"key":"SMITH"}],"circlet_count":0,"master_deck":["AscendersBane","Defend_R","Defend_R","Defend_R","Defend_R","Bash","Exhume","Fire Breathing","Offering+1","Fire Breathing+1","Wild Strike","Wild Strike","Sentinel","Warcry","Double Tap","Exhume","CurseOfTheBell","Ghostly Armor","Immolate","Second Wind","Shockwave","Havoc+1","Power Through+1","Reckless Charge+1","Dark Embrace+1","Evolve+1","Barricade+1","Fire Breathing+1","Entrench"],"relics":["Burning Blood","Gremlin Horn","Charon\u0027s Ashes","Calling Bell","Incense Burner","Ornamental Fan","Red Skull","Orrery","Anchor","White Beast Statue","Lizard Tail","Medical Kit","Empty Cage","Regal Pillow","Mercury Hourglass","Self Forming Clay"],"acts_visited":["Exordium","TheCity","TheBeyond"],"potions_floor_usage":[51],"damage_taken":[{"damage":10.0,"enemies":"2 Louse","floor":1.0,"turns":3.0},{"damage":26.0,"enemies":"Small Slimes","floor":3.0,"turns":4.0},{"damage":18.0,"enemies":"Jaw Worm","floor":4.0,"turns":3.0},{"damage":16.0,"enemies":"Exordium Thugs","floor":5.0,"turns":3.0},{"damage":17.0,"enemies":"3 Sentries","floor":6.0,"turns":3.0},{"damage":12.0,"enemies":"Looter","floor":11.0,"turns":2.0},{"damage":11.0,"enemies":"Gremlin Gang","floor":12.0,"turns":3.0},{"damage":1.0,"enemies":"3 Louse","floor":13.0,"turns":2.0},{"damage":47.0,"enemies":"Hexaghost","floor":16.0,"turns":7.0},{"damage":12.0,"enemies":"Chosen","floor":18.0,"turns":2.0},{"damage":17.0,"enemies":"Shell Parasite","floor":22.0,"turns":6.0},{"damage":24.0,"enemies":"Snake Plant","floor":24.0,"turns":3.0},{"damage":6.0,"enemies":"Slavers","floor":27.0,"turns":2.0},{"damage":19.0,"enemies":"Sentry and Sphere","floor":28.0,"turns":4.0},{"damage":11.0,"enemies":"Snecko","floor":30.0,"turns":5.0},{"damage":38.0,"enemies":"Automaton","floor":33.0,"turns":6.0},{"damage":17.0,"enemies":"Orb Walker","floor":35.0,"turns":4.0},{"damage":9.0,"enemies":"3 Shapes","floor":37.0,"turns":3.0},{"damage":3.0,"enemies":"Transient","floor":39.0,"turns":6.0},{"damage":39.0,"enemies":"Nemesis","floor":40.0,"turns":5.0},{"damage":52.0,"enemies":"Sphere and 2 Shapes","floor":42.0,"turns":4.0},{"damage":30.0,"enemies":"3 Darklings","floor":44.0,"turns":3.0},{"damage":6.0,"enemies":"Spire Growth","floor":46.0,"turns":3.0},{"damage":18.0,"enemies":"Giant Head","floor":48.0,"turns":6.0},{"damage":19.0,"enemies":"Donu and Deca","floor":50.0,"turns":4.0},{"damage":36,"enemies":"Awakened One","floor":51,"turns":6}],"seed_played":"-3293020900039515589","potions_obtained":[{"floor":1.0,"key":"Regen Potion"},{"floor":4.0,"key":"Fruit Juice"},{"floor":12.0,"key":"Energy Potion"},{"floor":13.0,"key":"DistilledChaos"},{"floor":19.0,"key":"Swift Potion"},{"floor":27.0,"key":"Ancient Potion"},{"floor":28.0,"key":"Fire Potion"},{"floor":30.0,"key":"SkillPotion"},{"floor":33.0,"key":"Fire Potion"},{"floor":35.0,"key":"Ancient Potion"},{"floor":39.0,"key":"Energy Potion"},{"floor":40.0,"key":"Dexterity Potion"},{"floor":44.0,"key":"PowerPotion"},{"floor":46.0,"key":"SneckoOil"}],"is_trial":false,"path_per_floor":["M","$","M","M","M","E","?","R","T","R","M","M","M","?","R","B",null,"M","?","$","T","M","R","M","R","T","E","M","R","M","$","R","B",null,"M","$","M","?","M","E","R","M","T","M","$","M","R","E","R","B","B",null],"character_chosen":"IRONCLAD","items_purchased":["Offering","Orrery","Medical Kit","Entrench"],"campfire_rested":6,"item_purchase_floors":[2,20,31,45],"current_hp_per_floor":[64,64,44,37,27,25,25,49,49,49,43,38,43,36,60,19,65,59,59,59,59,48,48,30,54,54,54,41,41,36,36,60,28,67,56,56,53,53,56,23,62,16,16,34,34,34,73,61,61,48,18],"gold":81,"neow_bonus":"ONE_RANDOM_RARE_CARD","is_daily":false,"chose_seed":false,"campfire_upgraded":4,"win_rate":0.0,"timestamp":1610594242,"path_taken":["M","$","M","M","M","E","?","R","T","R","M","M","M","?","R","BOSS","M","?","$","?","M","R","M","R","T","E","M","R","M","$","R","BOSS","M","$","M","?","M","E","R","M","T","M","$","M","R","E","R","BOSS","BOSS"],"items_purchased_type":["Card","Relic","Relic","Card"],"build_version":"2020-12-22","purchased_purges":1,"victory":true,"max_hp_per_floor":[75,75,75,80,80,80,80,80,80,80,80,80,80,80,80,80,80,80,80,80,80,80,80,80,80,80,80,80,80,80,80,80,80,80,80,80,80,80,80,80,80,80,80,80,80,80,80,80,80,80,80],"card_choices":[{"not_picked":["Iron Wave","True Grit"],"picked":"Fire Breathing","floor":1.0},{"not_picked":["Burning Pact","Wild Strike"],"picked":"Fire Breathing","floor":3.0},{"not_picked":["Flame Barrier","Cleave"],"picked":"Wild Strike","floor":4.0},{"not_picked":["Ghostly Armor","Rage"],"picked":"Wild Strike","floor":5.0},{"not_picked":["Limit Break","Thunderclap"],"picked":"Sentinel","floor":6.0},{"not_picked":["Iron Wave","True Grit","Anger"],"picked":"SKIP","floor":11.0},{"not_picked":["Clothesline","Pummel"],"picked":"Intimidate","floor":12.0},{"not_picked":["Anger","Clash"],"picked":"Double Tap","floor":13.0},{"not_picked":["Demon Form","Bludgeon"],"picked":"Exhume","floor":16.0},{"not_picked":["Clash","Twin Strike","Clothesline"],"picked":"SKIP","floor":18.0},{"not_picked":["Anger","Body Slam"],"picked":"Ghostly Armor","floor":20.0},{"not_picked":["Heavy Blade","Twin Strike"],"picked":"Immolate","floor":20.0},{"not_picked":["Twin Strike","Dual Wield"],"picked":"Second Wind","floor":20.0},{"not_picked":["Intimidate","Twin Strike"],"picked":"Shockwave","floor":20.0},{"not_picked":["Bludgeon","Pommel Strike"],"picked":"Havoc+1","floor":22.0},{"not_picked":["Perfected Strike","Sentinel"],"picked":"Power Through+1","floor":24.0},{"not_picked":["Power Through+1","Spot Weakness"],"picked":"Reckless Charge+1","floor":27.0},{"not_picked":["Sever Soul","Clothesline"],"picked":"Dark Embrace","floor":28.0},{"not_picked":["Searing Blow","Clash"],"picked":"Evolve+1","floor":30.0},{"not_picked":["Impervious","Double Tap"],"picked":"Barricade","floor":33.0},{"not_picked":["Headbutt","Ghostly Armor+1","True Grit"],"picked":"SKIP","floor":35.0},{"not_picked":["Dropkick","Clothesline+1","Searing Blow"],"picked":"SKIP","floor":37.0},{"not_picked":["Iron Wave","Combust","Infernal Blade"],"picked":"SKIP","floor":39.0},{"not_picked":["Thunderclap","True Grit+1"],"picked":"Fire Breathing+1","floor":40.0},{"not_picked":["Twin Strike","Headbutt","Sever Soul"],"picked":"SKIP","floor":42.0},{"not_picked":["Cleave+1","Iron Wave","Uppercut"],"picked":"SKIP","floor":44.0},{"not_picked":["Inflame","Clothesline+1","Heavy Blade"],"picked":"SKIP","floor":46.0},{"not_picked":["Cleave","Sever Soul","Flame Barrier"],"picked":"SKIP","floor":48.0}],"player_experience":398292,"relics_obtained":[{"floor":6.0,"key":"Gremlin Horn"},{"floor":9.0,"key":"Charon\u0027s Ashes"},{"floor":17.0,"key":"Incense Burner"},{"floor":17.0,"key":"Ornamental Fan"},{"floor":17.0,"key":"Red Skull"},{"floor":21.0,"key":"Anchor"},{"floor":26.0,"key":"White Beast Statue"},{"floor":27.0,"key":"Lizard Tail"},{"floor":40.0,"key":"Regal Pillow"},{"floor":43.0,"key":"Mercury Hourglass"},{"floor":48.0,"key":"Self Forming Clay"}],"event_choices":[{"damage_healed":0.0,"max_hp_gain":0.0,"max_hp_loss":0.0,"gold_gain":0.0,"cards_transformed":["Strike_R"],"event_name":"Living Wall","player_choice":"Change","floor":7.0,"gold_loss":0.0,"damage_taken":0.0,"cards_obtained":["Warcry"]},{"cards_removed":["Strike_R"],"damage_healed":0.0,"max_hp_gain":0.0,"max_hp_loss":0.0,"gold_gain":0.0,"event_name":"Golden Wing","player_choice":"Card Removal","floor":14.0,"gold_loss":0.0,"damage_taken":7.0},{"damage_healed":0.0,"max_hp_gain":0.0,"max_hp_loss":0.0,"gold_gain":0.0,"event_name":"Lab","player_choice":"Got Potions","floor":19.0,"gold_loss":0.0,"damage_taken":0.0},{"cards_removed":["Intimidate"],"damage_healed":0.0,"max_hp_gain":0.0,"max_hp_loss":0.0,"gold_gain":0.0,"event_name":"Falling","player_choice":"Removed Skill","floor":38.0,"gold_loss":0.0,"damage_taken":0.0}],"is_beta":false,"boss_relics":[{"not_picked":["Runic Pyramid","Busted Crown"],"picked":"Calling Bell"},{"not_picked":["Coffee Dripper","Black Blood"],"picked":"Empty Cage"}],"items_purged_floors":[36],"is_endless":false,"potions_floor_spawned":[1,4,12,13,22,27,28,30,33,35,37,39,40,42,44,46,48],"ascension_level":20}}