{"host":"uzcks4yhskks9i02","time":1610597861,"event":{"mods":["BaseMod","Minty Spire (QoL Compilation)","Quick Restart"],"gold_per_floor":[119,137,147,159,178,209,209,242,268,268,295,295,315,315,315,388,388,408,426,141,141,155,180,180,200,200,64,76,76,89,116,116,116,116],"floor_reached":33,"language":"ENG","playtime":1671,"items_purged":[],"score":491,"play_id":"28b63f64-e545-4017-a2a8-4b2b11559d2c","local_time":"20210113211741","is_ascension_mode":true,"campfire_choices":[{"data":"Demon Form","floor":7,"key":"SMITH"},{"floor":10,"key":"REST"},{"floor":15,"key":"REST"},{"floor":24,"key":"REST"},{"data":"Offering","floor":29,"key":"SMITH"},{"floor":32,"key":"REST"}],"circlet_count":0,"master_deck":["AscendersBane","Strike_R","Strike_R","Strike_R","Strike_R","Strike_R","Defend_R","Defend_R","Defend_R","Defend_R","Bash","Swift Strike","Hemokinesis","Shockwave","Iron Wave","Metallicize","Demon Form+1","Rage","Sword Boomerang","Pommel Strike","Offering+1","True Grit+1","Warcry","Cleave","Flex+1","Sword Boomerang","Inflame+1","Dramatic Entrance+1","Inflame+1","Headbutt+1"],"relics":["Burning Blood","WingedGreaves","Shovel","Bronze Scales","Regal Pillow","Orichalcum","Art of War","Mark of Pain","Self Forming Clay","Frozen Egg 2","Molten Egg 2","Vajra"],"acts_visited":["Exordium","TheCity"],"potions_floor_usage":[6,13,22,23,23,23,30,30],"damage_taken":[{"damage":9.0,"enemies":"Jaw Worm","floor":1.0,"turns":3.0},{"damage":3.0,"enemies":"Cultist","floor":2.0,"turns":3.0},{"damage":2.0,"enemies":"2 Louse","floor":3.0,"turns":2.0},{"damage":6.0,"enemies":"2 Fungi Beasts","floor":4.0,"turns":4.0},{"damage":23.0,"enemies":"Exordium Thugs","floor":5.0,"turns":4.0},{"damage":19,"enemies":"Lagavulin","floor":6,"turns":10},{"damage":27,"enemies":"3 Sentries","floor":8,"turns":13},{"damage":9,"enemies":"Lagavulin","floor":11,"turns":6},{"damage":8,"enemies":"Lots of Slimes","floor":13,"turns":1},{"damage":27,"enemies":"Slime Boss","floor":16,"turns":6},{"damage":6,"enemies":"Chosen","floor":18,"turns":5},{"damage":21,"enemies":"3 Byrds","floor":19,"turns":4},{"damage":25,"enemies":"Snake Plant","floor":22,"turns":4},{"damage":33,"enemies":"Slavers","floor":23,"turns":5},{"damage":9,"enemies":"Snecko","floor":25,"turns":4},{"damage":27,"enemies":"Centurion and Healer","floor":28,"turns":4},{"damage":30,"enemies":"Snake Plant","floor":30,"turns":4},{"damage":64,"enemies":"Automaton","floor":33,"turns":6}],"seed_played":"-4031574879038808504","potions_obtained":[{"floor":1.0,"key":"HeartOfIron"},{"floor":2.0,"key":"ColorlessPotion"},{"floor":11,"key":"Explosive Potion"},{"floor":13,"key":"Fire Potion"},{"floor":16,"key":"Block Potion"},{"floor":19,"key":"SkillPotion"},{"floor":21,"key":"EssenceOfSteel"},{"floor":21,"key":"EntropicBrew"},{"floor":22,"key":"Explosive Potion"},{"floor":28,"key":"BloodPotion"}],"is_trial":false,"path_per_floor":["M","M","M","M","M","E","R","E","T","R","E","?","M","?","R","B",null,"M","M","$","?","M","E","R","M","T","$","M","R","M","T","R","B"],"character_chosen":"IRONCLAD","items_purchased":["Self Forming Clay","Cleave","Inflame+1","Dramatic Entrance+1"],"campfire_rested":4,"item_purchase_floors":[20,20,27,27],"current_hp_per_floor":[65,68,72,72,55,42,42,21,21,43,40,40,38,13,50,29,64,64,49,49,49,30,18,55,52,52,52,31,31,22,22,59,0,0],"gold":116,"neow_bonus":"RANDOM_COLORLESS","is_daily":false,"chose_seed":false,"campfire_upgraded":2,"win_rate":0.0,"timestamp":1610597861,"path_taken":["M","M","M","M","M","E","R","E","T","R","E","?","?","?","R","BOSS","M","M","$","?","?","E","R","M","T","?","M","R","M","?","R","BOSS"],"items_purchased_type":["Relic","Card","Card","Card"],"build_version":"2020-12-22","purchased_purges":0,"victory":false,"max_hp_per_floor":[75,75,75,75,75,75,75,75,75,75,75,75,75,75,75,75,75,75,75,75,75,75,75,75,75,75,75,75,75,75,75,75,75,75],"card_choices":[{"not_picked":["Panacea","Good Instincts"],"picked":"Swift Strike","floor":0.0},{"not_picked":["Headbutt","Battle Trance"],"picked":"Hemokinesis","floor":1.0},{"not_picked":["Wild Strike","True Grit"],"picked":"Shockwave","floor":2.0},{"not_picked":["Armaments","Thunderclap"],"picked":"Iron Wave","floor":3.0},{"not_picked":["Wild Strike","Clothesline"],"picked":"Metallicize","floor":4.0},{"not_picked":["Armaments","Clash"],"picked":"Iron Wave","floor":5.0},{"not_picked":["Dark Embrace","Spot Weakness"],"picked":"Demon Form","floor":6},{"not_picked":["True Grit","Body Slam"],"picked":"Rage","floor":8},{"not_picked":["Burning Pact","True Grit"],"picked":"Sword Boomerang","floor":11},{"not_picked":["Metallicize","Clash"],"picked":"Pommel Strike","floor":13},{"not_picked":["Bludgeon","Fiend Fire"],"picked":"Offering","floor":16},{"not_picked":["Anger","Wild Strike"],"picked":"True Grit+1","floor":18},{"not_picked":["Wild Strike","Body Slam"],"picked":"Warcry","floor":19},{"not_picked":["Havoc","Rupture","Dark Embrace+1"],"picked":"SKIP","floor":22},{"not_picked":["Thunderclap","Perfected Strike"],"picked":"Flex+1","floor":23},{"not_picked":["Cleave","Dual Wield"],"picked":"Sword Boomerang","floor":25},{"not_picked":["Bloodletting","True Grit+1"],"picked":"Inflame+1","floor":28},{"not_picked":["Heavy Blade+1","Sever Soul+1"],"picked":"Headbutt+1","floor":30}],"player_experience":501657,"relics_obtained":[{"floor":6,"key":"WingedGreaves"},{"floor":8,"key":"Shovel"},{"floor":9,"key":"Bronze Scales"},{"floor":11,"key":"Regal Pillow"},{"floor":23,"key":"Frozen Egg 2"},{"floor":26,"key":"Molten Egg 2"},{"floor":31,"key":"Vajra"}],"event_choices":[{"cards_removed":["Iron Wave"],"damage_healed":0,"gold_gain":0,"player_choice":"Gave Card","damage_taken":0,"relics_obtained":["Orichalcum"],"max_hp_gain":0,"max_hp_loss":0,"event_name":"WeMeetAgain","floor":12,"gold_loss":0},{"damage_healed":0,"gold_gain":0,"player_choice":"Success","damage_taken":25,"relics_obtained":["Art of War"],"max_hp_gain":0,"max_hp_loss":0,"event_name":"Scrap Ooze","floor":14,"gold_loss":0},{"damage_healed":0,"gold_gain":0,"player_choice":"Got Potions","damage_taken":0,"max_hp_gain":0,"max_hp_loss":0,"event_name":"Lab","floor":21,"gold_loss":0}],"is_beta":false,"boss_relics":[{"not_picked":["Sozu","Tiny House"],"picked":"Mark of Pain"}],"items_purged_floors":[],"is_endless":false,"potions_floor_spawned":[1,2,11,13,16,19,22,28],"killed_by":"Automaton","ascension_level":14}}