{"host":"ELF","time":1610641895,"event":{"mods":["BaseMod","Minty Spire (QoL Compilation)"],"gold_per_floor":[119,12,162,175,13,13,33,13,39,39,57,57,67,97,97,97,97],"floor_reached":16,"language":"ENG","playtime":463,"items_purged":[],"score":190,"play_id":"2e8da587-d3f7-45f2-9afe-cf3358795801","local_time":"20210114103135","is_ascension_mode":true,"campfire_choices":[{"data":"True Grit","floor":6,"key":"SMITH"},{"floor":12,"key":"REST"},{"data":"Feel No Pain","floor":15,"key":"SMITH"}],"circlet_count":0,"master_deck":["AscendersBane","Strike_R","Strike_R","Strike_R","Strike_R","Defend_R","Defend_R","Defend_R","Defend_R","Bash","Iron Wave","Clothesline","Inflame","Shrug It Off","Doubt","True Grit+1","Wild Strike","Fire Breathing","Shrug It Off","Feel No Pain+1","Ghostly Armor"],"relics":["Burning Blood","Membership Card","Self Forming Clay","Ancient Tea Set"],"acts_visited":["Exordium"],"potions_floor_usage":[14],"damage_taken":[{"damage":11,"enemies":"Cultist","floor":1,"turns":4},{"damage":7,"enemies":"2 Louse","floor":4,"turns":3},{"damage":16,"enemies":"Jaw Worm","floor":7,"turns":6},{"damage":16,"enemies":"3 Louse","floor":11,"turns":4},{"damage":10,"enemies":"Large Slime","floor":13,"turns":6},{"damage":27,"enemies":"Gremlin Nob","floor":14,"turns":5},{"damage":21,"enemies":"Hexaghost","floor":16,"turns":9}],"seed_played":"2000949787365900362","potions_obtained":[{"floor":1,"key":"Strength Potion"}],"is_trial":false,"path_per_floor":["M","$","?","M","$","R","M","$","T","?","M","R","M","E","R","B"],"character_chosen":"IRONCLAD","items_purchased":["Inflame","Shrug It Off","Membership Card","Fire Breathing"],"campfire_rested":1,"item_purchase_floors":[2,2,5,8],"current_hp_per_floor":[63,63,63,62,62,62,52,52,52,34,24,46,42,21,21,0,0],"gold":97,"neow_bonus":"TRANSFORM_CARD","is_daily":false,"chose_seed":false,"campfire_upgraded":2,"win_rate":0.0,"timestamp":1610641895,"path_taken":["M","?","?","M","$","R","M","$","T","?","M","R","M","E","R","BOSS"],"items_purchased_type":["Card","Card","Relic","Card"],"build_version":"2020-12-18","purchased_purges":0,"victory":false,"max_hp_per_floor":[75,75,75,75,75,75,75,75,75,75,75,75,75,75,75,75,75],"card_choices":[{"not_picked":["Bloodletting","Clash"],"picked":"Clothesline","floor":1},{"not_picked":["Body Slam","Anger"],"picked":"True Grit","floor":4},{"not_picked":["Headbutt","Clothesline"],"picked":"Wild Strike","floor":7},{"not_picked":["Heavy Blade","Limit Break"],"picked":"Shrug It Off","floor":11},{"not_picked":["Headbutt","Armaments"],"picked":"Feel No Pain","floor":13},{"not_picked":["Shockwave","Whirlwind"],"picked":"Ghostly Armor","floor":14}],"player_experience":3200779,"relics_obtained":[{"floor":14,"key":"Ancient Tea Set"}],"event_choices":[{"damage_healed":0,"gold_gain":150,"player_choice":"AGREE","damage_taken":0,"max_hp_gain":0,"max_hp_loss":0,"event_name":"Liars Game","floor":3,"gold_loss":0,"cards_obtained":["Doubt"]},{"damage_healed":0,"gold_gain":0,"player_choice":"Success","damage_taken":18,"relics_obtained":["Self Forming Clay"],"max_hp_gain":0,"max_hp_loss":0,"event_name":"Scrap Ooze","floor":10,"gold_loss":0}],"is_beta":true,"boss_relics":[],"items_purged_floors":[],"is_endless":false,"potions_floor_spawned":[1],"killed_by":"Hexaghost","ascension_level":18}}