{"host":"f6f8cjhjgha9mpdq","time":1610627045,"event":{"mods":["BaseMod","Minty Spire (QoL Compilation)","Permanent Neow","StSLib","SuperFastMode"],"gold_per_floor":[113,113,131,206,216,249,249,249,249,276,295,295,220,220,220,295,295,310,310,210,224,244,244,259,259,259,259,276,302,302,321,321,400,400,410,390,408,408,408,408,433,433,458,50,50,64,89,104,104,104,104,104,8,40,40,40],"floor_reached":55,"language":"KOR","playtime":2340,"items_purged":["Strike_P","Strike_P","Writhe"],"score":1285,"play_id":"5de4ba1e-addd-43af-a8bf-f815cc051641","local_time":"20210114212405","is_ascension_mode":true,"campfire_choices":[{"data":"TalkToTheHand","floor":8.0,"key":"SMITH"},{"data":"WreathOfFlame","floor":12.0,"key":"SMITH"},{"data":"Conclude","floor":15.0,"key":"SMITH"},{"data":"Vault","floor":23.0,"key":"SMITH"},{"data":"Vigilance","floor":27.0,"key":"SMITH"},{"data":"WheelKick","floor":32.0,"key":"SMITH"},{"floor":40.0,"key":"RECALL"},{"data":"InnerPeace","floor":42.0,"key":"SMITH"},{"data":"Strike_P","floor":49.0,"key":"SMITH"},{"data":"Defend_P","floor":52.0,"key":"SMITH"}],"circlet_count":0,"master_deck":["AscendersBane","Strike_P+1","Strike_P+1","Defend_P+1","Defend_P","Eruption+1","Vigilance+1","TalkToTheHand+1","WreathOfFlame+1","Conclude+1","CrushJoints+1","Vault+1","Protect+1","WheelKick+1","InnerPeace+1","ThirdEye+1","Wireheading"],"relics":["Velvet Choker","Shuriken","MealTicket","Busted Crown","White Beast Statue","Happy Flower","SacredBark","Regal Pillow","Omamori","Yang","CaptainsWheel","Kunai"],"acts_visited":["Exordium","TheCity","TheBeyond","TheEnding"],"potions_floor_usage":[54],"damage_taken":[{"damage":1.0,"enemies":"2 Louse","floor":1.0,"turns":3.0},{"damage":0.0,"enemies":"Jaw Worm","floor":3.0,"turns":3.0},{"damage":3.0,"enemies":"Small Slimes","floor":5.0,"turns":4.0},{"damage":6.0,"enemies":"Lagavulin","floor":6.0,"turns":4.0},{"damage":2.0,"enemies":"Looter","floor":11.0,"turns":3.0},{"damage":31.0,"enemies":"The Guardian","floor":16.0,"turns":6.0},{"damage":5.0,"enemies":"Spheric Guardian","floor":18.0,"turns":4.0},{"damage":0.0,"enemies":"Chosen","floor":21.0,"turns":3.0},{"damage":0.0,"enemies":"3 Cultists","floor":22.0,"turns":4.0},{"damage":0.0,"enemies":"Snecko","floor":24.0,"turns":3.0},{"damage":0.0,"enemies":"Centurion and Healer","floor":28.0,"turns":3.0},{"damage":7.0,"enemies":"Slavers","floor":29.0,"turns":3.0},{"damage":2.0,"enemies":"Snake Plant","floor":31.0,"turns":3.0},{"damage":53.0,"enemies":"Champ","floor":33.0,"turns":7.0},{"damage":0.0,"enemies":"Orb Walker","floor":35.0,"turns":3.0},{"damage":7.0,"enemies":"3 Darklings","floor":37.0,"turns":4.0},{"damage":4.0,"enemies":"Nemesis","floor":41.0,"turns":4.0},{"damage":0.0,"enemies":"Writhing Mass","floor":46.0,"turns":5.0},{"damage":0.0,"enemies":"Mind Bloom Boss Battle","floor":47.0,"turns":4.0},{"damage":0.0,"enemies":"Sphere and 2 Shapes","floor":48.0,"turns":3.0},{"damage":59.0,"enemies":"Donu and Deca","floor":50.0,"turns":10.0},{"damage":52,"enemies":"Shield and Spear","floor":54,"turns":7},{"damage":33,"enemies":"The Heart","floor":55,"turns":3}],"seed_played":"890516966828132672","potions_obtained":[{"floor":3.0,"key":"Strength Potion"},{"floor":6.0,"key":"Weak Potion"},{"floor":11.0,"key":"ColorlessPotion"},{"floor":16.0,"key":"SkillPotion"},{"floor":18.0,"key":"StancePotion"},{"floor":22.0,"key":"ColorlessPotion"},{"floor":28.0,"key":"SpeedPotion"},{"floor":29.0,"key":"Strength Potion"},{"floor":31.0,"key":"LiquidMemories"},{"floor":33.0,"key":"ColorlessPotion"},{"floor":35.0,"key":"Fire Potion"},{"floor":36.0,"key":"DuplicationPotion"},{"floor":37.0,"key":"Regen Potion"},{"floor":41.0,"key":"BlessingOfTheForge"},{"floor":46.0,"key":"Dexterity Potion"},{"floor":48.0,"key":"DuplicationPotion"},{"floor":54,"key":"SteroidPotion"}],"is_trial":false,"path_per_floor":["M","?","M","?","M","E","?","R","T","T","M","R","$","?","R","B",null,"M","?","$","M","M","R","M","?","T","R","M","E","?","M","R","B",null,"M","?","M","?","?","R","E","R","T","$","?","M","?","M","R","B",null,"R","$","E","B"],"character_chosen":"WATCHER","items_purchased":["Yang","PowerPotion","Wireheading"],"campfire_rested":0,"item_purchase_floors":[44,53,53],"current_hp_per_floor":[60,65,65,54,51,45,23,23,23,23,21,21,36,36,36,5,56,51,51,66,66,66,66,66,66,66,66,66,59,59,57,57,4,56,56,56,49,49,64,64,60,60,60,73,73,73,73,73,73,14,58,58,73,21,0,0],"gold":40,"neow_bonus":"BOSS_RELIC","is_daily":false,"chose_seed":false,"campfire_upgraded":9,"win_rate":0.0,"timestamp":1610627045,"path_taken":["M","?","M","?","M","E","?","R","T","?","M","R","?","?","R","BOSS","M","?","$","M","?","R","M","?","T","R","?","E","?","M","R","BOSS","M","?","?","?","?","R","E","R","T","$","?","?","?","M","R","BOSS","R","$","E","BOSS"],"items_purchased_type":["Relic","Potion","Card"],"build_version":"2020-12-22","purchased_purges":3,"victory":false,"max_hp_per_floor":[68,73,73,73,73,73,73,73,73,73,73,73,73,73,73,73,73,73,73,73,73,73,73,73,73,73,73,73,73,73,73,73,73,73,73,73,73,73,73,73,73,73,73,73,73,73,73,73,73,73,73,73,73,73,73,73],"card_choices":[{"not_picked":["Prostrate","CarveReality"],"picked":"TalkToTheHand","floor":1.0},{"not_picked":["EmptyMind","Swivel"],"picked":"WreathOfFlame","floor":3.0},{"not_picked":["CutThroughFate","SashWhip"],"picked":"Conclude","floor":5.0},{"not_picked":["Wireheading","Halt","Pray"],"picked":"SKIP","floor":6.0},{"not_picked":["ClearTheMind","JustLucky"],"picked":"CrushJoints","floor":11.0},{"not_picked":["CrushJoints"],"picked":"SKIP","floor":18.0},{"not_picked":[],"picked":"Protect+1","floor":21.0},{"not_picked":[],"picked":"WheelKick","floor":22.0},{"not_picked":["Meditate"],"picked":"SKIP","floor":24.0},{"not_picked":["FlurryOfBlows"],"picked":"SKIP","floor":28.0},{"not_picked":["Indignation"],"picked":"SKIP","floor":29.0},{"not_picked":["Vengeance"],"picked":"SKIP","floor":31.0},{"not_picked":["JustLucky+1"],"picked":"SKIP","floor":35.0},{"not_picked":["Meditate+1"],"picked":"SKIP","floor":37.0},{"not_picked":["Meditate+1"],"picked":"SKIP","floor":37.0},{"not_picked":["InnerPeace"],"picked":"SKIP","floor":41.0},{"not_picked":[],"picked":"InnerPeace","floor":41.0},{"not_picked":[],"picked":"ThirdEye+1","floor":46.0},{"not_picked":["Evaluate"],"picked":"SKIP","floor":48.0},{"not_picked":["CrushJoints+1"],"picked":"SKIP","floor":54}],"player_experience":565748,"relics_obtained":[{"floor":6.0,"key":"Shuriken"},{"floor":10.0,"key":"MealTicket"},{"floor":26.0,"key":"White Beast Statue"},{"floor":29.0,"key":"Happy Flower"},{"floor":41.0,"key":"Regal Pillow"},{"floor":43.0,"key":"Omamori"},{"floor":47.0,"key":"CaptainsWheel"},{"floor":54,"key":"Kunai"}],"event_choices":[{"damage_healed":0.0,"max_hp_gain":5.0,"max_hp_loss":0.0,"gold_gain":0.0,"event_name":"Big Fish","player_choice":"Donut","floor":2.0,"gold_loss":0.0,"damage_taken":0.0},{"damage_healed":0.0,"max_hp_gain":0.0,"max_hp_loss":0.0,"gold_gain":75.0,"event_name":"World of Goop","player_choice":"Gather Gold","floor":4.0,"gold_loss":0.0,"damage_taken":11.0},{"damage_healed":0.0,"max_hp_gain":0.0,"max_hp_loss":0.0,"gold_gain":0.0,"event_name":"Shining Light","player_choice":"Entered Light","floor":7.0,"gold_loss":0.0,"damage_taken":22.0,"cards_upgraded":["Strike_P","Eruption"]},{"damage_healed":0.0,"max_hp_gain":0.0,"max_hp_loss":0.0,"gold_gain":0.0,"event_name":"Living Wall","player_choice":"Grow","floor":14.0,"gold_loss":0.0,"damage_taken":0.0,"cards_upgraded":["CrushJoints"]},{"damage_healed":0.0,"max_hp_gain":0.0,"max_hp_loss":0.0,"gold_gain":0.0,"event_name":"Match and Keep!","player_choice":"1 cards matched","floor":19.0,"gold_loss":0.0,"damage_taken":0.0,"cards_obtained":["Vault"]},{"cards_removed":["Defend_P"],"damage_healed":0.0,"max_hp_gain":0.0,"max_hp_loss":0.0,"gold_gain":0.0,"event_name":"Purifier","player_choice":"Purged","floor":25.0,"gold_loss":0.0,"damage_taken":0.0},{"damage_healed":0.0,"max_hp_gain":0.0,"max_hp_loss":0.0,"gold_gain":0.0,"event_name":"Vampires","player_choice":"Ignored","floor":30.0,"gold_loss":0.0,"damage_taken":0.0},{"damage_healed":0.0,"max_hp_gain":0.0,"max_hp_loss":0.0,"gold_gain":0.0,"event_name":"The Woman in Blue","player_choice":"Bought 1 Potion","floor":36.0,"gold_loss":0.0,"damage_taken":0.0},{"damage_healed":0.0,"max_hp_gain":0.0,"max_hp_loss":0.0,"gold_gain":0.0,"event_name":"Tomb of Lord Red Mask","player_choice":"Ignored","floor":38.0,"gold_loss":0.0,"damage_taken":0.0},{"damage_healed":15.0,"max_hp_gain":0.0,"max_hp_loss":0.0,"gold_gain":0.0,"event_name":"Winding Halls","player_choice":"Writhe","floor":39.0,"gold_loss":0.0,"damage_taken":0.0,"cards_obtained":["Writhe"]},{"cards_removed":["Defend_P"],"damage_healed":0.0,"max_hp_gain":0.0,"max_hp_loss":0.0,"gold_gain":0.0,"event_name":"Falling","player_choice":"Removed Skill","floor":45.0,"gold_loss":0.0,"damage_taken":0.0},{"damage_healed":0.0,"max_hp_gain":0.0,"max_hp_loss":0.0,"gold_gain":0.0,"event_name":"MindBloom","player_choice":"Fight","floor":47.0,"gold_loss":0.0,"damage_taken":0.0}],"is_beta":false,"boss_relics":[{"not_picked":["VioletLotus","Empty Cage"],"picked":"Busted Crown"},{"not_picked":["Cursed Key","Runic Pyramid"],"picked":"SacredBark"}],"items_purged_floors":[13,20,44],"is_endless":false,"potions_floor_spawned":[3,6,11,16,18,22,28,29,31,33,35,37,41,46,47,48,54],"killed_by":"The Heart","ascension_level":18}}