{"host":"yttw759xqm3gosmj","time":1610585865,"event":{"mods":["AchievementEnabler","Bard","BaseMod","Better Note","Better Third Choice","BetterRewards","Clockwork Mod","Colored Map","Colorless Booster Pack","Conspire","Custom Start","Dio Mod","Downfall","Energized Spire","GifTheSpireLib","Glutton Mod","Googly Eyes","Hermit","Hubris","Infinite Spire","Mimic Mod","Minty Spire (QoL Compilation)","MostiFishMod","Rare Cards Sparkle","Replay The Spire","Shop Mod","Spicy Shops","Spikes Relics","Spire Birthday Party","StSLib","Stuff the Spire","The Alterego","The Animator","The Bladedancer","The Cursed","The Edgeheg","The Forsaken","The Hierophant","The Judge","The Jungle","The Kombatant","The Necromancer","The Poker Player","The Servant 0.9.4","The Trickster","TheSwordswoman","TheVacant","Trackpad","Useless Jewels Mod","Waifu the Spire","WarShipGirlsR/????R mod","egg","slay the spire mod where everything is the same but ironclad has a cowboy hat","??????REMEMod"],"gold_per_floor":[88,118,118,133,51,85,102,102,102,133,26,26,301,319,319,319,319],"floor_reached":16,"language":"ENG","playtime":1205,"items_purged":[],"score":108,"play_id":"94e879fb-d2e5-40e5-9ca9-8ee0f3cfa460","local_time":"20210113195745","is_ascension_mode":false,"campfire_choices":[{"floor":8,"key":"RECALL"},{"data":"theEdgeheg:BlankCard","floor":12,"key":"SMITH"},{"floor":15,"key":"REST"}],"circlet_count":0,"master_deck":["theEdgeheg:StarterShootAttack","theEdgeheg:StarterShootAttack","theEdgeheg:StarterShootAttack","theEdgeheg:StarterShootAttack","theEdgeheg:StarterDodgeSkill","theEdgeheg:StarterDodgeSkill","theEdgeheg:StarterDodgeSkill","theEdgeheg:BloodyKatana","theEdgeheg:ChaosControlSkill","theEdgeheg:GatherChaos","Panache","theEdgeheg:EmeraldGirlfriend","theEdgeheg:RollAndShoot","theEdgeheg:GunSteal","theEdgeheg:CSGun","theEdgeheg:Birthday","theEdgeheg:Sniper","theEdgeheg:BlankCard+1","theEdgeheg:Shotgun","theEdgeheg:PlayRandomCard+1","Regret","theEdgeheg:SephirotKatana"],"relics":["theEdgeheg:UltimateLifeformRelic","theEdgeheg:GreenEmeraldRelic","DaveBox","REME_ComplimentaryCards","Vajra","OriginationStaff","SynthV:TestCard","StuffTheSpire:Barrel","Juzu Bracelet","Boot"],"acts_visited":["Exordium"],"potions_floor_usage":[14,16,16],"damage_taken":[{"damage":0,"enemies":"Small Slimes","floor":1,"turns":5},{"damage":2,"enemies":"conspire:MimicChest","floor":2,"turns":5},{"damage":0,"enemies":"2 Louse","floor":4,"turns":4},{"damage":1,"enemies":"Replay:BlueRogue","floor":6,"turns":8},{"damage":0,"enemies":"Jaw Worm","floor":7,"turns":3},{"damage":1,"enemies":"Lagavulin","floor":10,"turns":11},{"damage":2,"enemies":"conspire:2 RoseBushes","floor":14,"turns":3},{"damage":2,"enemies":"The Guardian","floor":16,"turns":3}],"seed_played":"7464710447000189845","potions_obtained":[{"floor":2,"key":"Block Potion"},{"floor":7,"key":"Venom Potion"},{"floor":10,"key":"Strength Potion"}],"is_trial":false,"path_per_floor":["M","?","?","M","$","E","M","R","T","E","$","R","?","M","R","B"],"character_chosen":"THE_DEFAULT","items_purchased":["theEdgeheg:CSGun","theEdgeheg:Shotgun","theEdgeheg:PlayRandomCard+1"],"campfire_rested":1,"item_purchase_floors":[5,11,11],"current_hp_per_floor":[5,4,4,5,5,4,4,4,4,3,3,3,3,1,2,0,0],"gold":319,"neow_bonus":"RANDOM_COMMON_RELIC","is_daily":false,"chose_seed":false,"campfire_upgraded":1,"win_rate":0.0,"timestamp":1610585865,"path_taken":["M","?","?","M","$","E","M","R","T","E","?","R","?","M","R","BOSS"],"items_purchased_type":["Card","Card","Card"],"build_version":"2020-12-22","purchased_purges":0,"victory":false,"max_hp_per_floor":[5,5,5,5,5,5,5,5,5,5,5,5,5,5,5,5,5],"card_choices":[{"not_picked":["theEdgeheg:ChaosGrenade","theEdgeheg:QuickDraw"],"picked":"theEdgeheg:EmeraldGirlfriend","floor":1},{"not_picked":["theEdgeheg:BlackKatana","theEdgeheg:PlayRandomCard","theEdgeheg:Reload","theEdgeheg:Disrobe"],"picked":"theEdgeheg:RollAndShoot","floor":2},{"not_picked":["theEdgeheg:SexyGirlfriend","theEdgeheg:MachineGun","theEdgeheg:SkateboardTrick","theEdgeheg:Heh"],"picked":"theEdgeheg:GunSteal","floor":4},{"not_picked":["theEdgeheg:RollAndShoot","theEdgeheg:ChaosCards","theEdgeheg:ChaosGrenade","theEdgeheg:KatanaGF"],"picked":"theEdgeheg:Birthday","floor":6},{"not_picked":["theEdgeheg:Parry","theEdgeheg:ChaosWhip","theEdgeheg:TimmyBackflip","theEdgeheg:DualPistols"],"picked":"theEdgeheg:Sniper","floor":7},{"not_picked":["theEdgeheg:DrawGun","theEdgeheg:CoolExplosion","theEdgeheg:SelfHarmIsNotCool","theEdgeheg:DieDieDie"],"picked":"theEdgeheg:BlankCard","floor":10},{"not_picked":["theEdgeheg:SkateboardTrick","theEdgeheg:DualPistols","theEdgeheg:KatanaGF","theEdgeheg:ChaosControlSkill"],"picked":"theEdgeheg:SephirotKatana","floor":14}],"player_experience":90717,"relics_obtained":[{"floor":1,"key":"SynthV:TestCard"},{"floor":2,"key":"StuffTheSpire:Barrel"},{"floor":6,"key":"Juzu Bracelet"},{"floor":10,"key":"Boot"}],"event_choices":[{"damage_healed":0,"gold_gain":0,"player_choice":"Leave","damage_taken":0,"max_hp_gain":0,"max_hp_loss":0,"event_name":"The Cleric","floor":3,"gold_loss":0},{"damage_healed":0,"gold_gain":275,"player_choice":"Desecrate","damage_taken":0,"max_hp_gain":0,"max_hp_loss":0,"event_name":"Golden Shrine","floor":13,"gold_loss":0,"cards_obtained":["Regret"]}],"is_beta":false,"boss_relics":[],"items_purged_floors":[],"is_endless":false,"potions_floor_spawned":[2,7,10],"killed_by":"The Guardian","ascension_level":0}}