{"host":"bbdwwpc15nggbv3k","time":1610652470,"event":{"mods":["AchievementEnabler","Aspiration","BaseMod","BetterRewards","Colored Map","Colored Powertips","Conspire","Hermit","Hubris","Minty Spire (QoL Compilation)","StSLib","The Jungle"],"gold_per_floor":[116,134,134,38,51,51,77,77,77,77,96,112,112,125,125,248,248,264,29,44,64,83,114,134,134,134,159,10,28,63,11,11,142,142,155,12,26,49,74,105,105,105,158,177,192,223,223,263,263,263],"floor_reached":51,"language":"ENG","playtime":1629,"items_purged":["Strike_R","Strike_R"],"score":1208,"play_id":"ae772822-5eca-42ae-b6c2-46f9e412f9df","local_time":"20210114192750","is_ascension_mode":false,"campfire_choices":[{"data":"Warcry","floor":6,"key":"SMITH"},{"data":"Offering","floor":10,"key":"SMITH"},{"data":"Whirlwind","floor":13,"key":"SMITH"},{"data":"Flex","floor":15,"key":"SMITH"},{"data":"Infernal Blade","floor":25,"key":"SMITH"},{"floor":32,"key":"DIG"},{"floor":41,"key":"DIG"},{"floor":47,"key":"DIG"},{"floor":49,"key":"DIG"}],"circlet_count":0,"master_deck":["Strike_R","Strike_R","Strike_R","Defend_R","Defend_R","Defend_R+1","Defend_R+1","Bash","Whirlwind+1","Flex+1","Warcry+1","Thunderclap","Cleave+1","Offering+1","Flex","Inflame","Offering+1","Infernal Blade+1","Spot Weakness","Limit Break","Seeing Red+1","Anger+1","Spot Weakness"],"relics":["Burning Blood","hubris:EmptyBottle","Anchor","Vajra","Bag of Preparation","conspire:RunicOctahedron","hubris:Spice","Golden Idol","Centennial Puzzle","aspiration:SecretTechniqueScroll","DollysMirror","War Paint","Shovel","hubris:ToyBattleship","hubris:Reverence","Fusion Hammer","Nunchaku","Whetstone","hubris:Towel","Happy Flower"],"acts_visited":["Exordium","TheCity","TheBeyond"],"potions_floor_usage":[7,7,7,7,16,16,16,16,22,23,23,30,33,33,33,33,33,50,50,50,50,50,50],"damage_taken":[{"damage":0,"enemies":"2 Louse","floor":1,"turns":1},{"damage":1,"enemies":"Jaw Worm","floor":2,"turns":2},{"damage":0,"enemies":"Cultist","floor":5,"turns":2},{"damage":8,"enemies":"3 Sentries","floor":7,"turns":4},{"damage":0,"enemies":"Gremlin Gang","floor":11,"turns":2},{"damage":0,"enemies":"2 Fungi Beasts","floor":12,"turns":2},{"damage":0,"enemies":"3 Louse","floor":14,"turns":1},{"damage":21,"enemies":"The Guardian","floor":16,"turns":4},{"damage":6,"enemies":"Spheric Guardian","floor":18,"turns":2},{"damage":6,"enemies":"Chosen","floor":20,"turns":1},{"damage":12,"enemies":"Centurion and Healer","floor":21,"turns":1},{"damage":0,"enemies":"Snake Plant","floor":22,"turns":3},{"damage":6,"enemies":"Gremlin Leader","floor":23,"turns":2},{"damage":12,"enemies":"Shelled Parasite and Fungi","floor":24,"turns":1},{"damage":6,"enemies":"Centurion and Healer","floor":27,"turns":1},{"damage":6,"enemies":"Snake Plant","floor":29,"turns":1},{"damage":12,"enemies":"conspire:Head Lice","floor":30,"turns":1},{"damage":39,"enemies":"hubris:MusketHawk","floor":33,"turns":3},{"damage":2,"enemies":"3 Shapes","floor":35,"turns":1},{"damage":6,"enemies":"Orb Walker","floor":37,"turns":2},{"damage":6,"enemies":"Jaw Worm Horde","floor":38,"turns":1},{"damage":2,"enemies":"4 Shapes","floor":39,"turns":1},{"damage":14,"enemies":"Giant Head","floor":40,"turns":1},{"damage":12,"enemies":"Maw","floor":44,"turns":2},{"damage":6,"enemies":"Transient","floor":45,"turns":4},{"damage":6,"enemies":"Reptomancer","floor":46,"turns":1},{"damage":0,"enemies":"Giant Head","floor":48,"turns":2},{"damage":12,"enemies":"hubris:GrandSnecko","floor":50,"turns":2}],"seed_played":"3958081431589725442","potions_obtained":[{"floor":1,"key":"LiquidMemories"},{"floor":11,"key":"FearPotion"},{"floor":12,"key":"Energy Potion"},{"floor":18,"key":"Ancient Potion"},{"floor":20,"key":"Block Potion"},{"floor":24,"key":"Block Potion"},{"floor":29,"key":"ColorlessPotion"},{"floor":33,"key":"EssenceOfSteel"},{"floor":35,"key":"Ancient Potion"},{"floor":37,"key":"BlessingOfTheForge"}],"is_trial":false,"path_per_floor":["M","M","?","$","M","R","E","?","T","R","M","M","R","M","R","B",null,"M","$","M","M","M","E","M","R","T","M","$","M","E","$","R","B",null,"M","$","M","M","M","E","R","?","T","M","M","E","R","E","R","B",null],"character_chosen":"IRONCLAD","items_purchased":["Whirlwind","hubris:EmptyBottle","Anchor","Vajra","Flex","Bag of Preparation","DistilledChaos","Thunderclap","Cleave","Inflame","DollysMirror","SkillPotion","FearPotion","SkillPotion","Nunchaku"],"campfire_rested":0,"item_purchase_floors":[0,0,0,0,0,0,0,4,4,19,19,19,28,31,36],"current_hp_per_floor":[47,52,52,52,58,58,64,64,64,64,70,76,76,81,81,66,81,81,81,81,75,81,81,75,75,75,75,75,75,69,69,69,36,81,81,81,81,81,81,73,81,81,81,75,73,57,49,49,49,43],"gold":263,"neow_bonus":"","is_daily":false,"chose_seed":false,"campfire_upgraded":5,"win_rate":0.0,"timestamp":1610652470,"path_taken":["M","M","?","$","M","R","E","?","T","R","M","?","R","?","R","BOSS","M","$","M","M","M","E","M","R","T","M","$","M","E","$","R","BOSS","M","$","?","M","M","E","R","?","T","M","M","E","R","E","R","BOSS"],"items_purchased_type":["Card","Relic","Relic","Relic","Card","Relic","Potion","Card","Card","Card","Relic","Potion","Potion","Potion","Relic"],"build_version":"2020-12-22","purchased_purges":2,"victory":true,"max_hp_per_floor":[80,80,80,80,80,80,88,81,81,81,81,81,81,81,81,81,81,81,81,81,81,81,81,81,81,81,81,81,81,81,81,81,81,81,81,81,81,81,81,81,89,89,81,81,73,57,49,49,49,49],"card_choices":[{"not_picked":["conspire:Charge","Clothesline","Headbutt"],"picked":"SKIP","floor":1},{"not_picked":["Combust","Reckless Charge"],"picked":"Warcry","floor":2},{"not_picked":["Headbutt","Thunderclap","Dark Embrace"],"picked":"SKIP","floor":5},{"not_picked":["hubris:ReadiedAction","Headbutt"],"picked":"Offering","floor":7},{"not_picked":["Ghostly Armor","Thunderclap","Perfected Strike"],"picked":"SKIP","floor":11},{"not_picked":["Whirlwind","Headbutt"],"picked":"Flex","floor":12},{"not_picked":["conspire:ExplosiveBarrier","Entrench","Heavy Blade"],"picked":"SKIP","floor":14},{"not_picked":["Combust+1","Clash","Headbutt"],"picked":"SKIP","floor":18},{"not_picked":["Sword Boomerang+1","Pommel Strike","True Grit"],"picked":"SKIP","floor":20},{"not_picked":["Combust","Dropkick","Wild Strike"],"picked":"SKIP","floor":21},{"not_picked":["Headbutt","Armaments"],"picked":"Infernal Blade","floor":22},{"not_picked":["Combust+1","Iron Wave+1","Heavy Blade+1"],"picked":"SKIP","floor":23},{"not_picked":["Shrug It Off","Shockwave","Armaments"],"picked":"SKIP","floor":24},{"not_picked":["Impervious","Armaments","Battle Trance+1"],"picked":"SKIP","floor":27},{"not_picked":["Heavy Blade","Clothesline","Hemokinesis+1"],"picked":"SKIP","floor":29},{"not_picked":["Battle Trance","Sever Soul"],"picked":"Spot Weakness","floor":30},{"not_picked":["Bludgeon","Immolate"],"picked":"Limit Break","floor":33},{"not_picked":["Iron Wave+1","Whirlwind","Sword Boomerang"],"picked":"SKIP","floor":35},{"not_picked":["Feel No Pain","Headbutt"],"picked":"Seeing Red+1","floor":37},{"not_picked":["conspire:Charge","Headbutt+1"],"picked":"Anger","floor":38},{"not_picked":["Dropkick","Havoc","Feel No Pain"],"picked":"SKIP","floor":39},{"not_picked":["Havoc+1","Blood for Blood+1","Carnage"],"picked":"SKIP","floor":40},{"not_picked":["Clash","Warcry","Headbutt+1"],"picked":"SKIP","floor":44},{"not_picked":["Shrug It Off+1","Juggernaut"],"picked":"hubris:SpiceAddiction","floor":45},{"not_picked":["hubris:ReadiedAction+1","Burning Pact+1"],"picked":"hubris:SpiceAddiction","floor":46},{"not_picked":["Reckless Charge","True Grit+1"],"picked":"Spot Weakness","floor":48}],"player_experience":8334,"relics_obtained":[{"floor":7,"key":"hubris:Spice"},{"floor":9,"key":"Centennial Puzzle"},{"floor":23,"key":"War Paint"},{"floor":26,"key":"Shovel"},{"floor":30,"key":"hubris:ToyBattleship"},{"floor":32,"key":"hubris:Reverence"},{"floor":40,"key":"Whetstone"},{"floor":41,"key":"hubris:Spice"},{"floor":43,"key":"hubris:Spice"},{"floor":46,"key":"hubris:Spice"},{"floor":47,"key":"hubris:Spice"},{"floor":48,"key":"Happy Flower"}],"event_choices":[{"damage_healed":0,"gold_gain":0,"player_choice":"Lose Max HP","damage_taken":0,"relics_obtained":["Golden Idol"],"max_hp_gain":0,"max_hp_loss":7,"event_name":"Golden Idol","floor":8,"gold_loss":0}],"is_beta":false,"boss_relics":[{"not_picked":["hubris:Spice","Empty Cage"],"picked":"aspiration:SecretTechniqueScroll"},{"not_picked":["Runic Dome","SacredBark"],"picked":"Fusion Hammer"}],"items_purged_floors":[0,28],"is_endless":false,"potions_floor_spawned":[1,11,12,18,20,24,29,33,35,37,45,48],"ascension_level":0}}