{"host":"19t2eyow02s954g8","time":1610624034,"event":{"mods":["BaseMod","Colored Map","DeckTracker","Minty Spire (QoL Compilation)","StSLib","SuperFastMode"],"gold_per_floor":[114,39,50,125,136,136,167,127,127,92,92,92],"floor_reached":11,"language":"KOR","playtime":249,"items_purged":["Strike_G"],"score":142,"play_id":"9a81db9d-1928-4c32-83d1-2dab3015ae98","local_time":"20210114203354","is_ascension_mode":true,"campfire_choices":[{"data":"Neutralize","floor":6,"key":"SMITH"}],"circlet_count":0,"master_deck":["AscendersBane","Strike_G","Strike_G","Strike_G","Defend_G","Defend_G","Defend_G","Defend_G","Survivor","Neutralize+1","Flying Knee","Dagger Spray","Flying Knee","PiercingWail","Well Laid Plans"],"relics":["Ring of the Snake","Torii","Sundial"],"acts_visited":["Exordium"],"potions_floor_usage":[7],"damage_taken":[{"damage":0,"enemies":"2 Louse","floor":1,"turns":4},{"damage":2,"enemies":"Jaw Worm","floor":3,"turns":5},{"damage":0,"enemies":"Cultist","floor":5,"turns":4},{"damage":24,"enemies":"3 Sentries","floor":7,"turns":8},{"damage":2,"enemies":"Looter","floor":8,"turns":4},{"damage":42,"enemies":"Gremlin Nob","floor":11,"turns":4}],"seed_played":"-1408067909002930969","potions_obtained":[{"floor":5,"key":"FearPotion"}],"is_trial":false,"path_per_floor":["M","$","M","?","M","R","E","M","T","?","E"],"character_chosen":"THE_SILENT","items_purchased":[],"campfire_rested":0,"item_purchase_floors":[],"current_hp_per_floor":[59,59,57,46,46,46,22,20,20,35,0,0],"gold":92,"neow_bonus":"REMOVE_TWO","is_daily":false,"chose_seed":false,"campfire_upgraded":1,"win_rate":0.0,"timestamp":1610624034,"path_taken":["M","$","M","?","M","R","E","M","T","?","E"],"items_purchased_type":[],"build_version":"2020-12-22","purchased_purges":1,"victory":false,"max_hp_per_floor":[60,60,60,60,60,60,60,60,60,60,60,60],"card_choices":[{"not_picked":["Accuracy","Outmaneuver"],"picked":"Flying Knee","floor":1},{"not_picked":["Quick Slash","Footwork"],"picked":"Dagger Spray","floor":3},{"not_picked":["Eviscerate","Slice"],"picked":"Flying Knee","floor":5},{"not_picked":["Sucker Punch","Choke"],"picked":"PiercingWail","floor":7},{"not_picked":["Outmaneuver","Concentrate"],"picked":"Well Laid Plans","floor":8}],"player_experience":4264939,"relics_obtained":[{"floor":7,"key":"Torii"},{"floor":9,"key":"Sundial"}],"event_choices":[{"damage_healed":0,"gold_gain":75,"player_choice":"Gather Gold","damage_taken":11,"max_hp_gain":0,"max_hp_loss":0,"event_name":"World of Goop","floor":4,"gold_loss":0},{"damage_healed":15,"gold_gain":0,"player_choice":"Healed","damage_taken":0,"max_hp_gain":0,"max_hp_loss":0,"event_name":"The Cleric","floor":10,"gold_loss":35}],"is_beta":false,"boss_relics":[],"items_purged_floors":[2],"is_endless":false,"potions_floor_spawned":[5],"killed_by":"Gremlin Nob","ascension_level":20}}