{"host":"vje6bedaj0fhalec","time":1610649877,"event":{"mods":["Act Like it!","BaseMod","Minty Spire (QoL Compilation)","Quick Restart","StSLib"],"gold_per_floor":[110,110,125,125,125,125,157,173,173,248,248,264,291,304,304,404,404,417,266,279,295,315,315,329,329,329,379,379,28,48,61,61,161,161,172,189,0,10,30,30,49,49,49],"floor_reached":42,"language":"ZHS","playtime":2104,"items_purged":["Strike_G","Strike_G"],"score":461,"play_id":"1c9f593d-e13c-4992-ad68-297e4bcbc868","local_time":"20210115024437","is_ascension_mode":true,"campfire_choices":[{"data":"Deadly Poison","floor":6.0,"key":"SMITH"},{"data":"Neutralize","floor":11.0,"key":"SMITH"},{"data":"Noxious Fumes","floor":15.0,"key":"SMITH"},{"data":"Corpse Explosion","floor":23.0,"key":"SMITH"},{"data":"Tools of the Trade","floor":28.0,"key":"SMITH"},{"data":"Deadly Poison","floor":32.0,"key":"SMITH"},{"data":"Backflip","floor":40,"key":"SMITH"}],"circlet_count":0,"master_deck":["Strike_G","Strike_G+1","Defend_G","Defend_G","Defend_G","Defend_G","Survivor+1","Neutralize+1","Deadly Poison+1","Tools of the Trade+1","Acrobatics","Noxious Fumes+1","Reflex","Bane","Reflex","Corpse Explosion+1","Poisoned Stab","Noxious Fumes","Prepared","Outmaneuver+1","Deadly Poison+1","Prepared+1","Burst","Backflip+1","Prepared+1"],"relics":["Ring of the Snake","NeowsBlessing","Matryoshka","Toy Ornithopter","Darkstone Periapt","Nunchaku","Busted Crown","Kunai","Pantograph","Meat on the Bone","Membership Card","Eternal Feather","Coffee Dripper","Red Mask"],"acts_visited":["Exordium","TheCity","TheBeyond"],"potions_floor_usage":[33],"damage_taken":[{"damage":0.0,"enemies":"Jaw Worm","floor":1.0,"turns":1.0},{"damage":0.0,"enemies":"2 Louse","floor":3.0,"turns":1.0},{"damage":0.0,"enemies":"3 Sentries","floor":7.0,"turns":2.0},{"damage":3.0,"enemies":"Small Slimes","floor":8.0,"turns":4.0},{"damage":8.0,"enemies":"3 Louse","floor":12.0,"turns":3.0},{"damage":22.0,"enemies":"Lagavulin","floor":13.0,"turns":6.0},{"damage":5.0,"enemies":"Looter","floor":14.0,"turns":3.0},{"damage":14.0,"enemies":"The Guardian","floor":16.0,"turns":7.0},{"damage":0.0,"enemies":"3 Byrds","floor":18.0,"turns":3.0},{"damage":5.0,"enemies":"Chosen","floor":20.0,"turns":4.0},{"damage":11.0,"enemies":"Snecko","floor":21.0,"turns":4.0},{"damage":1.0,"enemies":"3 Cultists","floor":22.0,"turns":3.0},{"damage":23.0,"enemies":"Snake Plant","floor":24.0,"turns":4.0},{"damage":24.0,"enemies":"Sentry and Sphere","floor":30.0,"turns":5.0},{"damage":19.0,"enemies":"Shelled Parasite and Fungi","floor":31.0,"turns":4.0},{"damage":61,"enemies":"Automaton","floor":33,"turns":7},{"damage":7,"enemies":"3 Shapes","floor":35,"turns":3},{"damage":3,"enemies":"Orb Walker","floor":36,"turns":3},{"damage":15,"enemies":"Transient","floor":38,"turns":5},{"damage":16,"enemies":"Writhing Mass","floor":39,"turns":5},{"damage":30,"enemies":"Maw","floor":41,"turns":6},{"damage":57,"enemies":"Giant Head","floor":42,"turns":6}],"seed_played":"9159776977510469635","potions_obtained":[{"floor":1.0,"key":"CunningPotion"},{"floor":7.0,"key":"PowerPotion"},{"floor":8.0,"key":"Regen Potion"},{"floor":14.0,"key":"Poison Potion"},{"floor":16.0,"key":"Fire Potion"},{"floor":18.0,"key":"EssenceOfSteel"},{"floor":33,"key":"Explosive Potion"}],"is_trial":false,"path_per_floor":["M","?","M","?","?","R","E","M","T","?","R","M","E","M","R","B",null,"M","$","M","M","M","R","M","?","T","?","R","$","M","M","R","B",null,"M","M","?","M","M","R","M","E"],"character_chosen":"THE_SILENT","items_purchased":["Noxious Fumes","Membership Card","Deadly Poison","Eternal Feather"],"campfire_rested":0,"item_purchase_floors":[19,29,29,29],"current_hp_per_floor":[70,70,70,56,49,49,49,46,46,35,35,27,25,20,20,16,70,70,70,65,54,53,53,30,30,30,30,30,30,23,21,33,14,70,63,60,60,45,41,56,38,0,0],"gold":49,"neow_bonus":"THREE_ENEMY_KILL","is_daily":false,"chose_seed":false,"campfire_upgraded":7,"win_rate":0.0,"timestamp":1610649877,"path_taken":["M","?","M","?","?","R","E","M","T","?","R","M","E","M","R","BOSS","M","$","M","M","M","R","M","?","T","?","R","$","M","M","R","BOSS","M","?","?","M","M","R","M","E"],"items_purchased_type":["Card","Relic","Card","Relic"],"build_version":"2020-12-22","purchased_purges":2,"victory":false,"max_hp_per_floor":[70,70,70,70,70,70,70,70,70,70,70,70,70,70,70,70,70,70,70,70,70,70,70,70,70,70,70,70,70,70,70,70,70,70,70,70,70,70,70,70,70,70,70],"card_choices":[{"not_picked":["Footwork","Outmaneuver"],"picked":"Deadly Poison","floor":1.0},{"not_picked":["Distraction","Prepared"],"picked":"Acrobatics","floor":3.0},{"not_picked":["Flying Knee","Endless Agony"],"picked":"Noxious Fumes","floor":7.0},{"not_picked":["Expertise","PiercingWail"],"picked":"Reflex","floor":8.0},{"not_picked":["Endless Agony","Dagger Spray"],"picked":"Bane","floor":12.0},{"not_picked":["Underhanded Strike","Slice"],"picked":"Reflex","floor":13.0},{"not_picked":["Endless Agony","Skewer","Caltrops"],"picked":"SKIP","floor":14.0},{"not_picked":["Venomology","Envenom"],"picked":"Corpse Explosion","floor":16.0},{"not_picked":[],"picked":"Poisoned Stab","floor":18.0},{"not_picked":[],"picked":"Prepared","floor":20.0},{"not_picked":[],"picked":"Outmaneuver+1","floor":21.0},{"not_picked":["Outmaneuver"],"picked":"SKIP","floor":22.0},{"not_picked":["Terror"],"picked":"SKIP","floor":24.0},{"not_picked":["Distraction+1"],"picked":"SKIP","floor":30.0},{"not_picked":[],"picked":"Prepared+1","floor":31.0},{"not_picked":[],"picked":"Burst","floor":33},{"not_picked":[],"picked":"Backflip","floor":35},{"not_picked":["Underhanded Strike+1"],"picked":"SKIP","floor":36},{"not_picked":[],"picked":"Prepared+1","floor":38},{"not_picked":["Footwork"],"picked":"SKIP","floor":39},{"not_picked":["Caltrops+1"],"picked":"SKIP","floor":41}],"player_experience":86916,"relics_obtained":[{"floor":7.0,"key":"Matryoshka"},{"floor":9.0,"key":"Toy Ornithopter"},{"floor":9.0,"key":"Darkstone Periapt"},{"floor":13.0,"key":"Nunchaku"},{"floor":26.0,"key":"Pantograph"},{"floor":26.0,"key":"Meat on the Bone"}],"event_choices":[{"damage_healed":0.0,"max_hp_gain":0.0,"max_hp_loss":0.0,"gold_gain":0.0,"cards_transformed":["Defend_G"],"event_name":"Living Wall","player_choice":"Change","floor":2.0,"gold_loss":0.0,"damage_taken":0.0,"cards_obtained":["Tools of the Trade"]},{"damage_healed":0.0,"max_hp_gain":0.0,"max_hp_loss":0.0,"gold_gain":0.0,"event_name":"Shining Light","player_choice":"Entered Light","floor":4.0,"gold_loss":0.0,"damage_taken":14.0,"cards_upgraded":["Survivor","Strike_G"]},{"cards_removed":["Strike_G"],"damage_healed":0.0,"max_hp_gain":0.0,"max_hp_loss":0.0,"gold_gain":0.0,"event_name":"Golden Wing","player_choice":"Card Removal","floor":5.0,"gold_loss":0.0,"damage_taken":7.0},{"damage_healed":0.0,"max_hp_gain":0.0,"max_hp_loss":0.0,"gold_gain":75.0,"event_name":"World of Goop","player_choice":"Gather Gold","floor":10.0,"gold_loss":0.0,"damage_taken":11.0},{"damage_healed":0.0,"max_hp_gain":0.0,"max_hp_loss":0.0,"gold_gain":0.0,"event_name":"The Mausoleum","player_choice":"Opened","floor":25.0,"gold_loss":0.0,"damage_taken":0.0,"relics_obtained":["Kunai"]},{"damage_healed":0.0,"max_hp_gain":0.0,"max_hp_loss":0.0,"gold_gain":100.0,"event_name":"The Joust","player_choice":"Bet on Murderer","floor":27.0,"gold_loss":50.0,"damage_taken":0.0},{"damage_healed":0,"gold_gain":0,"player_choice":"Paid","damage_taken":0,"relics_obtained":["Red Mask"],"max_hp_gain":0,"max_hp_loss":0,"event_name":"Tomb of Lord Red Mask","floor":37,"gold_loss":189}],"is_beta":false,"boss_relics":[{"not_picked":["WristBlade","Ring of the Serpent"],"picked":"Busted Crown"},{"not_picked":["Runic Pyramid","Fusion Hammer"],"picked":"Coffee Dripper"}],"items_purged_floors":[19,29],"is_endless":false,"potions_floor_spawned":[1,7,8,14,16,18,22,24,33],"killed_by":"Giant Head","ascension_level":1}}