{"host":"l4jj3li0klahglqo","time":1610602946,"event":{"mods":["BaseMod","Conspire","Hubris","Infinite Spire","Marisa????????","Minty Spire (QoL Compilation)","Quick Restart","Replay The Spire","Shop Mod","StSLib","The Animator"],"gold_per_floor":[116,116,127,137,137,137,137,165,179,179,202,228,11,29,29,40,40,40,40],"floor_reached":18,"language":"ENG","playtime":1064,"items_purged":[],"score":159,"play_id":"c2123415-6ad8-46bd-8a87-24f27b044472","local_time":"20210113234226","is_ascension_mode":true,"campfire_choices":[{"floor":10,"key":"REST"},{"floor":17,"key":"REST"}],"circlet_count":0,"master_deck":["Strike_G","Strike_G","Strike_G","Strike_G","Strike_G","Defend_G","Defend_G","Defend_G","Survivor","Neutralize","Deadly Poison","Toxin Wave","Deadly Poison","Footwork","Draining Mist","Poison Darts","Poisoned Stab","Poisoned Stab","PiercingWail","ReplayTheSpireMod:From All Sides","Footwork","Corpse Explosion","conspire:PoisonWeapons","Dash"],"relics":["Ring of the Snake","Dream Catcher","Replay:Baseball","Art of War"],"acts_visited":["Exordium"],"potions_floor_usage":[8,12,16,18],"damage_taken":[{"damage":9,"enemies":"Jaw Worm","floor":1,"turns":5},{"damage":0,"enemies":"Cultist","floor":3,"turns":3},{"damage":2,"enemies":"Small Slimes","floor":4,"turns":3},{"damage":36,"enemies":"Gremlin Nob","floor":8,"turns":5},{"damage":16,"enemies":"Exordium Wildlife","floor":9,"turns":4},{"damage":24,"enemies":"Replay:BlueRogue","floor":12,"turns":4},{"damage":5,"enemies":"Looter","floor":14,"turns":2},{"damage":14,"enemies":"Gremlin Gang","floor":16,"turns":4},{"damage":28,"enemies":"Slime Boss","floor":18,"turns":3}],"seed_played":"-1583326820254354549","potions_obtained":[{"floor":3,"key":"Ancient Potion"},{"floor":4,"key":"Block Potion"},{"floor":9,"key":"Regen Potion"},{"floor":16,"key":"Dexterity Potion"}],"is_trial":false,"path_per_floor":["M","?","M","M","PTL","PTL","?","E","M","R","T","E","$","M","$","M","R","B"],"character_chosen":"THE_SILENT","items_purchased":["ReplayTheSpireMod:From All Sides","Footwork"],"campfire_rested":2,"item_purchase_floors":[13,13],"current_hp_per_floor":[61,61,61,59,59,59,59,23,7,30,30,20,20,15,15,1,24,0,0],"gold":40,"neow_bonus":"TEN_PERCENT_HP_BONUS","is_daily":false,"chose_seed":false,"campfire_upgraded":0,"win_rate":0.0,"timestamp":1610602946,"path_taken":["M","?","?","?","PTL","PTL","?","E","M","R","T","E","$","M","?","M","R","BOSS"],"items_purchased_type":["Card","Card"],"build_version":"2020-12-22","purchased_purges":0,"victory":false,"max_hp_per_floor":[77,77,77,77,77,77,77,77,77,77,77,77,77,77,77,77,77,77,77],"card_choices":[{"not_picked":["Well Laid Plans","Quick Slash"],"picked":"Deadly Poison","floor":1},{"not_picked":["Infinite Blades","Dodge and Roll"],"picked":"Deadly Poison","floor":3},{"not_picked":["Endless Agony","PiercingWail"],"picked":"Footwork","floor":4},{"not_picked":["hubris:Sniper","Dodge and Roll"],"picked":"Poison Darts","floor":8},{"not_picked":["ReplayTheSpireMod:Tripwire","Underhanded Strike"],"picked":"Poisoned Stab","floor":9},{"not_picked":["hubris:Counter","Deflect"],"picked":"Poisoned Stab","floor":10},{"not_picked":["Underhanded Strike","Dagger Throw"],"picked":"PiercingWail","floor":12},{"not_picked":["ReplayTheSpireMod:Tripwire","Riddle With Holes"],"picked":"Corpse Explosion","floor":14},{"not_picked":["Deflect","Flying Knee"],"picked":"conspire:PoisonWeapons","floor":16},{"not_picked":["Quick Slash","Outmaneuver"],"picked":"Dash","floor":17}],"player_experience":1213768,"relics_obtained":[{"floor":8,"key":"Dream Catcher"},{"floor":11,"key":"Replay:Baseball"},{"floor":12,"key":"Art of War"}],"event_choices":[{"damage_healed":0,"gold_gain":0,"cards_transformed":["Defend_G"],"player_choice":"Transformed","damage_taken":0,"max_hp_gain":0,"max_hp_loss":0,"event_name":"Transmorgrifier","floor":2,"gold_loss":0,"cards_obtained":["Toxin Wave"]},{"damage_healed":0,"gold_gain":0,"cards_transformed":["Defend_G"],"player_choice":"Change","damage_taken":0,"max_hp_gain":0,"max_hp_loss":0,"event_name":"Living Wall","floor":7,"gold_loss":0,"cards_obtained":["Draining Mist"]}],"is_beta":false,"boss_relics":[],"items_purged_floors":[],"is_endless":false,"potions_floor_spawned":[3,4,9,16],"killed_by":"Slime Boss","ascension_level":6}}