{"host":"tnsigirk6wurdark","time":1610593617,"event":{"mods":["BaseMod","Colored Map","Colored Powertips","Highlight Path","Minty Spire (QoL Compilation)","Quick Restart","Relic Sorter","StSLib","Synergy Search"],"gold_per_floor":[116,116,116,129,146,146,179,179,179,179,329,329,329],"floor_reached":12,"language":"ENG","playtime":485,"items_purged":[],"score":137,"play_id":"a3239c62-d4b8-46f4-b737-751055c0cd22","local_time":"20210114030657","is_ascension_mode":true,"campfire_choices":[{"data":"Dodge and Roll","floor":6,"key":"SMITH"},{"floor":8,"key":"REST"},{"floor":10,"key":"REST"}],"circlet_count":0,"master_deck":["AscendersBane","Strike_G","Strike_G","Strike_G","Strike_G","Defend_G","Defend_G","Defend_G","Defend_G","Defend_G","Survivor","Neutralize","Dodge and Roll+1","PiercingWail","Dash","Doubt"],"relics":["Ring of the Snake","NeowsBlessing","Gremlin Horn","Anchor"],"acts_visited":["Exordium"],"potions_floor_usage":[7,12],"damage_taken":[{"damage":0,"enemies":"Cultist","floor":1,"turns":1},{"damage":0,"enemies":"Small Slimes","floor":4,"turns":1},{"damage":0,"enemies":"Jaw Worm","floor":5,"turns":1},{"damage":50,"enemies":"3 Sentries","floor":7,"turns":25},{"damage":58,"enemies":"Gremlin Nob","floor":12,"turns":7}],"seed_played":"585191737508739967","potions_obtained":[{"floor":4,"key":"ColorlessPotion"},{"floor":7,"key":"Weak Potion"}],"is_trial":false,"path_per_floor":["M","$","?","M","M","R","E","R","T","R","?","E"],"character_chosen":"THE_SILENT","items_purchased":[],"campfire_rested":2,"item_purchase_floors":[],"current_hp_per_floor":[59,59,52,52,52,52,2,21,21,40,40,0,0],"gold":329,"neow_bonus":"THREE_ENEMY_KILL","is_daily":false,"chose_seed":false,"campfire_upgraded":1,"win_rate":0.0,"timestamp":1610593617,"path_taken":["M","?","?","?","M","R","E","R","T","R","?","E"],"items_purchased_type":[],"build_version":"2020-12-22","purchased_purges":0,"victory":false,"max_hp_per_floor":[66,66,66,66,66,66,66,66,66,66,66,66,66],"card_choices":[{"not_picked":["Bane","Reflex"],"picked":"Dodge and Roll","floor":1},{"not_picked":["Finisher","Crippling Poison"],"picked":"PiercingWail","floor":4},{"not_picked":["Outmaneuver","Crippling Poison","Slice"],"picked":"SKIP","floor":5},{"not_picked":["Reflex","Cloak And Dagger"],"picked":"Dash","floor":7}],"player_experience":730776,"relics_obtained":[{"floor":7,"key":"Gremlin Horn"},{"floor":9,"key":"Anchor"}],"event_choices":[{"cards_removed":["Strike_G"],"damage_healed":0,"gold_gain":0,"player_choice":"Card Removal","damage_taken":7,"max_hp_gain":0,"max_hp_loss":0,"event_name":"Golden Wing","floor":3,"gold_loss":0},{"damage_healed":0,"gold_gain":150,"player_choice":"AGREE","damage_taken":0,"max_hp_gain":0,"max_hp_loss":0,"event_name":"Liars Game","floor":11,"gold_loss":0,"cards_obtained":["Doubt"]}],"is_beta":false,"boss_relics":[],"items_purged_floors":[],"is_endless":false,"potions_floor_spawned":[4,7],"killed_by":"Gremlin Nob","ascension_level":16}}