{"host":"0cm5wy4nhuju7tij","time":1610604215,"event":{"mods":["100% Spire Juice","2.2 Compatiblity","AchievementEnabler","Aspiration","BaseMod","Better Third Choice","BetterRewards","CCEM","CapriCore","Colored Powertips","Curses Come First","Custom Start","Displayed Cursed Tome","Downfall","Energized Spire","Evolution","Filter the Spire","Highlight Path","Jess\u0027s Bottle","Minty Spire (QoL Compilation)","Permanent Neow","QueenMod","Relic Stats","SOS???????","Shop Mod","Spicy Shops","StSLib","The Cursed","The Fake Hero","The Juggle","The Sage","The Vixen","TheFirefly","thorton"],"gold_per_floor":[516,516,528,493,7,7,22,54,134,151,151,168,110,70,70,175,175,193,211,211,211,211],"floor_reached":21,"language":"ENG","playtime":1165,"items_purged":["luka_mod:Surrender"],"score":179,"play_id":"df6a98f9-9529-4eea-bde2-0e1fbc75b926","local_time":"20210114010335","is_ascension_mode":false,"campfire_choices":[{"data":"luka_mod:Sylph","floor":6,"key":"SMITH"},{"data":"luka_mod:Meditation","floor":11,"key":"SMITH"},{"floor":15,"key":"REST"}],"circlet_count":0,"master_deck":["luka_mod:StrikeLukaOne","luka_mod:StrikeLukaTwo","luka_mod:StrikeLukaThree","luka_mod:StrikeLukaFour","luka_mod:StrikeLukaFive","luka_mod:StrikeLukaSix","luka_mod:Salt","luka_mod:Guard","luka_mod:Edging","luka_mod:FlailWildly","luka_mod:Meditation+1","luka_mod:FireSlash","luka_mod:Sylph+1","luka_mod:DemonSkullBeheading","luka_mod:WindSlash","luka_mod:GuardedStrike","luka_mod:LightningSwordFlash","luka_mod:Salamander","luka_mod:Determination","luka_mod:Ora","luka_mod:FireSlash+1"],"relics":["luka_mod:KeepsakeRing","EVO:Axolotl","White Beast Statue","Dead Branch","CCEMRelics:Barrel","Singing Bowl","CCEMRelics:CocoNut","Black Star","sagemod:Creepy_Carousel"],"acts_visited":["Exordium","TheCity"],"potions_floor_usage":[16,16],"damage_taken":[{"damage":12,"enemies":"Small Slimes","floor":1,"turns":3},{"damage":11,"enemies":"Jaw Worm","floor":3,"turns":2},{"damage":6,"enemies":"Cultist","floor":7,"turns":3},{"damage":45,"enemies":"3 Sentries","floor":8,"turns":8},{"damage":17,"enemies":"3 Louse","floor":10,"turns":4},{"damage":16,"enemies":"Large Slime","floor":12,"turns":3},{"damage":30,"enemies":"Hexaghost","floor":16,"turns":7},{"damage":20,"enemies":"Spheric Guardian","floor":18,"turns":4},{"damage":36,"enemies":"3 Byrds","floor":19,"turns":5},{"damage":14,"enemies":"Snake Plant","floor":21,"turns":2}],"seed_played":"-7980110005426902460","potions_obtained":[{"floor":1,"key":"champ:CounterPotion"},{"floor":7,"key":"Ancient Potion"},{"floor":8,"key":"DistilledChaos"},{"floor":10,"key":"PowerPotion"},{"floor":16,"key":"FearPotion"},{"floor":19,"key":"Guardian:BlockOnCardUsePotion"}],"is_trial":false,"path_per_floor":["M","?","M","?","$","R","M","E","T","M","R","M","?","$","R","B",null,"M","M","?","M"],"character_chosen":"LUKA_CLASS","items_purchased":["White Beast Statue","Dead Branch","luka_mod:Determination"],"campfire_rested":1,"item_purchase_floors":[5,5,14],"current_hp_per_floor":[33,33,22,32,32,32,34,24,24,27,27,24,29,29,42,12,45,27,14,14,0,0],"gold":211,"neow_bonus":"TRANSFORM_CARD","is_daily":false,"chose_seed":false,"campfire_upgraded":2,"win_rate":0.0,"timestamp":1610604215,"path_taken":["M","?","M","?","$","R","?","E","T","M","R","M","?","?","R","BOSS","M","M","?","M"],"items_purchased_type":["Relic","Relic","Card"],"build_version":"2020-12-22","purchased_purges":1,"victory":false,"max_hp_per_floor":[40,40,40,40,40,40,40,40,40,40,40,40,45,45,45,45,45,47,47,47,47,47],"relic_stats":{"Singing Bowl":2,"counters":[10,41],"Dead Branch":[11],"Black Star":0,"obtain_stats":[{"CCEMRelics:Barrel":8,"luka_mod:KeepsakeRing":0,"Singing Bowl":9,"Dead Branch":5,"sagemod:Creepy_Carousel":20,"CCEMRelics:CocoNut":13,"Black Star":17,"EVO:Axolotl":0,"White Beast Statue":5},{"CCEMRelics:Barrel":4,"luka_mod:KeepsakeRing":0,"Singing Bowl":4,"Dead Branch":2,"sagemod:Creepy_Carousel":9,"CCEMRelics:CocoNut":6,"Black Star":7,"EVO:Axolotl":0,"White Beast Statue":2},{"CCEMRelics:Barrel":16,"luka_mod:KeepsakeRing":0,"Singing Bowl":16,"Dead Branch":5,"sagemod:Creepy_Carousel":39,"CCEMRelics:CocoNut":23,"Black Star":30,"EVO:Axolotl":0,"White Beast Statue":5}]},"card_choices":[{"not_picked":["luka_mod:HeavenlyDemonRevival","luka_mod:FlashKill"],"picked":"luka_mod:Sylph","floor":1},{"not_picked":["luka_mod:StrikeLuka","luka_mod:StressRelief"],"picked":"luka_mod:DemonSkullBeheading","floor":3},{"not_picked":["luka_mod:Overexert","luka_mod:GuardedStrike"],"picked":"luka_mod:WindSlash","floor":7},{"not_picked":["luka_mod:Daystar","luka_mod:RestrictedStrike"],"picked":"luka_mod:GuardedStrike","floor":8},{"not_picked":["luka_mod:RestrictedStrike","luka_mod:DemonSkullBeheading"],"picked":"luka_mod:LightningSwordFlash","floor":10},{"not_picked":["luka_mod:Tamamo","luka_mod:PeacePreach"],"picked":"luka_mod:Salamander","floor":12},{"not_picked":["luka_mod:SealingStrike","luka_mod:Alice"],"picked":"luka_mod:Ora","floor":16},{"not_picked":["luka_mod:EarthSlash+1","luka_mod:ThunderThrust","luka_mod:EarthRumblingDecapitation"],"picked":"Singing Bowl","floor":18},{"not_picked":["luka_mod:ThunderThrust","luka_mod:AlicesGuard"],"picked":"luka_mod:FireSlash+1","floor":19}],"player_experience":206803,"relics_obtained":[{"floor":8,"key":"CCEMRelics:Barrel"},{"floor":9,"key":"Singing Bowl"}],"event_choices":[{"damage_healed":0,"gold_gain":0,"player_choice":"Ignored","damage_taken":516,"max_hp_gain":0,"max_hp_loss":0,"event_name":"betterThird:BetterSerpent","floor":2,"gold_loss":0},{"damage_healed":10,"gold_gain":0,"player_choice":"Healed","damage_taken":0,"max_hp_gain":0,"max_hp_loss":0,"event_name":"The Cleric","floor":4,"gold_loss":35},{"damage_healed":0,"gold_gain":0,"player_choice":"Paid Gold","damage_taken":0,"relics_obtained":["CCEMRelics:CocoNut"],"max_hp_gain":0,"max_hp_loss":0,"event_name":"WeMeetAgain","floor":13,"gold_loss":58},{"damage_healed":0,"gold_gain":0,"player_choice":"Opened","damage_taken":0,"relics_obtained":["sagemod:Creepy_Carousel"],"max_hp_gain":0,"max_hp_loss":0,"event_name":"The Mausoleum","floor":20,"gold_loss":0}],"is_beta":false,"boss_relics":[{"not_picked":["energizedSpire:HugeHouse","SacredBark"],"picked":"Black Star"}],"items_purged_floors":[5],"is_endless":false,"potions_floor_spawned":[1,7,8,10,12,16,18,19],"killed_by":"Snake Plant","ascension_level":0}}