{"host":"szp1d6dso4pv7ddl","time":1610603384,"event":{"mods":["AchievementEnabler","Alarm Clock","BaseMod","Bestiary","Colored Map","Curses Come First","Dark Map","Displayed Cursed Tome","Highlight Path","Minty Spire (QoL Compilation)","Permanent Neow","Quick Restart","Relic Sorter","Relic Stats","StSLib","Synergy Search"],"gold_per_floor":[118,118,59,59,69,69,96,96,120,135,170,170,188,36,36,110,110,128,128,148,161,72,105,105,105,105,53,67,85,85,85],"floor_reached":30,"language":"ENG","playtime":1698,"items_purged":["Parasite"],"score":595,"play_id":"ccad5dbb-a4d7-4c2d-89ab-1219cbef0e77","local_time":"20210113214944","is_ascension_mode":true,"campfire_choices":[{"floor":8,"key":"REST"},{"floor":15,"key":"REST"},{"floor":24,"key":"REST"}],"circlet_count":0,"master_deck":["AscendersBane","Strike_G","Strike_G+1","Strike_G","Strike_G+1","Strike_G","Defend_G","Defend_G","Defend_G","Defend_G","Defend_G","Survivor","Neutralize","Deflect","Blade Dance+1","Deflect","Infinite Blades","Slice","A Thousand Cuts","Dagger Throw","Footwork","Burst","Deflect","Escape Plan","Deflect","Escape Plan","Finesse","Neutralize","Clumsy","Dagger Spray","Deflect","Backflip+1"],"relics":["WristBlade","Shuriken","Whetstone","Anchor","SlaversCollar","Centennial Puzzle","Matryoshka"],"acts_visited":["Exordium","TheCity"],"potions_floor_usage":[23,30],"damage_taken":[{"damage":4,"enemies":"Small Slimes","floor":1,"turns":5},{"damage":0,"enemies":"Jaw Worm","floor":5,"turns":3},{"damage":22,"enemies":"Lagavulin","floor":7,"turns":6},{"damage":0,"enemies":"Cultist","floor":10,"turns":2},{"damage":26,"enemies":"Gremlin Nob","floor":11,"turns":4},{"damage":5,"enemies":"2 Fungi Beasts","floor":13,"turns":3},{"damage":0,"enemies":"Slime Boss","floor":16,"turns":6},{"damage":4,"enemies":"3 Byrds","floor":18,"turns":5},{"damage":18,"enemies":"Spheric Guardian","floor":20,"turns":4},{"damage":16,"enemies":"Chosen and Byrds","floor":21,"turns":5},{"damage":14,"enemies":"Gremlin Leader","floor":23,"turns":5},{"damage":23,"enemies":"3 Cultists","floor":28,"turns":5},{"damage":21,"enemies":"Shelled Parasite and Fungi","floor":29,"turns":6},{"damage":9,"enemies":"Colosseum Slavers","floor":30,"turns":2}],"seed_played":"-7418273169721832814","potions_obtained":[{"floor":7,"key":"FairyPotion"},{"floor":13,"key":"GamblersBrew"},{"floor":16,"key":"Strength Potion"},{"floor":29,"key":"ColorlessPotion"}],"is_trial":false,"path_per_floor":["M","?","$","?","M","?","E","R","T","M","E","?","M","$","R","B",null,"M","?","M","M","$","E","R","?","T","$","M","M","?"],"character_chosen":"THE_SILENT","items_purchased":["Blade Dance","Footwork","Finesse","Dagger Spray"],"campfire_rested":3,"item_purchase_floors":[3,14,22,27],"current_hp_per_floor":[55,55,55,55,55,55,33,52,52,52,26,42,37,37,55,55,61,57,57,39,23,23,9,27,27,27,27,4,4,0,0],"gold":85,"neow_bonus":"BOSS_RELIC","is_daily":false,"chose_seed":false,"campfire_upgraded":0,"win_rate":0.0,"timestamp":1610603384,"path_taken":["M","?","$","?","?","?","E","R","T","M","E","?","?","?","R","BOSS","M","?","M","M","?","E","R","?","T","$","M","?","?"],"items_purchased_type":["Card","Card","Card","Card"],"build_version":"2020-12-22","purchased_purges":1,"victory":false,"max_hp_per_floor":[66,66,66,66,66,66,66,66,66,66,66,66,66,63,63,63,63,63,63,63,63,63,63,63,63,63,63,63,63,63,63],"relic_stats":{"Centennial Puzzle":[6],"counters":[14,61],"Shuriken":[28],"Whetstone":["Strike_G","Strike_G"],"obtain_stats":[{"SlaversCollar":17,"Anchor":11,"Centennial Puzzle":23,"Matryoshka":26,"WristBlade":0,"Shuriken":7,"Whetstone":9,"Ring of the Snake":0},{"SlaversCollar":7,"Anchor":5,"Centennial Puzzle":11,"Matryoshka":11,"WristBlade":0,"Shuriken":3,"Whetstone":3,"Ring of the Snake":0},{"SlaversCollar":29,"Anchor":20,"Centennial Puzzle":48,"Matryoshka":48,"WristBlade":0,"Shuriken":14,"Whetstone":14,"Ring of the Snake":0}]},"card_choices":[{"not_picked":["Quick Slash","Setup"],"picked":"Deflect","floor":1},{"not_picked":["Well Laid Plans","Quick Slash"],"picked":"Deflect","floor":5},{"not_picked":["Flechettes","Heel Hook"],"picked":"Infinite Blades","floor":7},{"not_picked":["Poisoned Stab","Dagger Throw"],"picked":"Slice","floor":10},{"not_picked":["Choke","Quick Slash"],"picked":"A Thousand Cuts","floor":11},{"not_picked":["Outmaneuver","Acrobatics"],"picked":"Dagger Throw","floor":13},{"not_picked":["Envenom","Grand Finale"],"picked":"Burst","floor":16},{"not_picked":["Caltrops+1","Quick Slash"],"picked":"Deflect","floor":18},{"not_picked":["Tactician","All Out Attack"],"picked":"Deflect","floor":20},{"not_picked":["Slice","Bane"],"picked":"Escape Plan","floor":21},{"not_picked":["Flying Knee","Reflex","Distraction"],"picked":"SKIP","floor":23},{"not_picked":["Deadly Poison","Flying Knee"],"picked":"Deflect","floor":28},{"not_picked":["Quick Slash+1","Finisher"],"picked":"Backflip+1","floor":29}],"player_experience":1169922,"relics_obtained":[{"floor":7,"key":"Shuriken"},{"floor":9,"key":"Whetstone"},{"floor":11,"key":"Anchor"},{"floor":23,"key":"Centennial Puzzle"},{"floor":26,"key":"Matryoshka"}],"event_choices":[{"damage_healed":0,"gold_gain":0,"player_choice":"Ignored","damage_taken":0,"max_hp_gain":0,"max_hp_loss":0,"event_name":"Shining Light","floor":2,"gold_loss":0},{"damage_healed":0,"gold_gain":0,"player_choice":"Forge","damage_taken":0,"max_hp_gain":0,"max_hp_loss":0,"event_name":"Accursed Blacksmith","floor":4,"gold_loss":0,"cards_upgraded":["Blade Dance"]},{"damage_healed":0,"gold_gain":0,"player_choice":"Ignored","damage_taken":0,"max_hp_gain":0,"max_hp_loss":0,"event_name":"Golden Idol","floor":6,"gold_loss":0},{"damage_healed":16,"gold_gain":0,"player_choice":"Healed and dodged fight","damage_taken":0,"max_hp_gain":0,"max_hp_loss":0,"event_name":"Mushrooms","floor":12,"gold_loss":0,"cards_obtained":["Parasite"]},{"damage_healed":0,"gold_gain":0,"player_choice":"Read","damage_taken":0,"max_hp_gain":0,"max_hp_loss":0,"event_name":"The Library","floor":19,"gold_loss":0,"cards_obtained":["Escape Plan"]},{"damage_healed":0,"gold_gain":0,"player_choice":"2 cards matched","damage_taken":0,"max_hp_gain":0,"max_hp_loss":0,"event_name":"Match and Keep!","floor":25,"gold_loss":0,"cards_obtained":["Neutralize","Clumsy"]},{"damage_healed":0,"gold_gain":0,"player_choice":"Fight","damage_taken":0,"max_hp_gain":0,"max_hp_loss":0,"event_name":"Colosseum","floor":30,"gold_loss":0}],"is_beta":false,"boss_relics":[{"not_picked":["Fusion Hammer","Pandora\u0027s Box"],"picked":"SlaversCollar"}],"items_purged_floors":[14],"is_endless":false,"potions_floor_spawned":[7,13,16,21,29],"killed_by":"Colosseum Slavers","ascension_level":17}}