{"host":"ct28ocsd8g8yr2ah","time":1610649943,"event":{"mods":["BaseMod","Better Third Choice","Hermit","KinomotoSakuraMod(????)","Koishi","Marisa????????","Minty Spire (QoL Compilation)","Reimu??????","Remilia??????","StSLib","The Animator","The Gatherer","The Servant 0.9.4","Waifu the Spire"],"gold_per_floor":[115,115,115,190,201,201,126,26,53,53,86,86,86,97,97,97,97],"floor_reached":16,"language":"RUS","playtime":425,"items_purged":["Koishi:BasicStrike","Koishi:BasicStrike"],"score":96,"play_id":"1d3dd52b-7f8b-4758-b467-70df36b2d266","local_time":"20210114234543","is_ascension_mode":false,"campfire_choices":[{"data":"Koishi:RacingHeart","floor":6,"key":"SMITH"},{"floor":10,"key":"REST"},{"data":"Koishi:TremblingHands","floor":12,"key":"SMITH"},{"floor":15,"key":"REST"}],"circlet_count":0,"master_deck":["Koishi:BasicStrike","Koishi:BasicDefend","Koishi:BasicDefend","Koishi:BasicDefend","Koishi:BasicDefend","Koishi:Provoke","Koishi:HauntingSlash","Koishi:ConfinedInnocent","Koishi:SubconsciousSweep","Koishi:RacingHeart+1","Koishi:TremblingHands+1","Koishi:TerrifyingSpectre","BootSequence","Koishi:PredatoryInstincts","Koishi:EmbersOfLove"],"relics":["Koishi:ImaginaryFriend","Mastiff:ReiMu","Dream Catcher","Tiny Chest","Pen Nib"],"acts_visited":["Exordium"],"potions_floor_usage":[11],"damage_taken":[{"damage":11,"enemies":"Jaw Worm","floor":1,"turns":6},{"damage":2,"enemies":"2 Louse","floor":5,"turns":2},{"damage":18,"enemies":"Gremlin Nob","floor":11,"turns":5},{"damage":0,"enemies":"Small Slimes","floor":14,"turns":3},{"damage":60,"enemies":"The Guardian","floor":16,"turns":13}],"seed_played":"6596283971239349144","potions_obtained":[{"floor":1,"key":"ColorlessPotion"}],"is_trial":false,"path_per_floor":["M","?","T","?","M","R","$","$","T","R","E","R","?","M","R","B"],"character_chosen":"KOISHI","items_purchased":[],"campfire_rested":2,"item_purchase_floors":[],"current_hp_per_floor":[52,52,52,41,40,40,40,40,40,58,48,48,43,43,60,0,0],"gold":97,"neow_bonus":"ONE_RANDOM_RARE_CARD","is_daily":false,"chose_seed":false,"campfire_upgraded":2,"win_rate":0.0,"timestamp":1610649943,"path_taken":["M","?","?","?","M","R","?","$","T","R","E","R","?","M","R","BOSS"],"items_purchased_type":[],"build_version":"2020-12-22","purchased_purges":2,"victory":false,"max_hp_per_floor":[60,60,60,60,60,60,60,60,60,60,60,60,60,60,60,60,60],"card_choices":[{"not_picked":["Koishi:TraumaticStroke","Koishi:FreudianInstinct"],"picked":"Koishi:SubconsciousSweep","floor":1},{"not_picked":["Koishi:SubterraneanRose","Koishi:UnconsciousUprising"],"picked":"Koishi:RacingHeart","floor":5},{"not_picked":["Koishi:UnansweredLove","Koishi:Whimsy"],"picked":"Koishi:TremblingHands","floor":10},{"not_picked":["Koishi:RacingHeart","Koishi:VengefulSpirit"],"picked":"Koishi:TerrifyingSpectre","floor":11},{"not_picked":["Koishi:Prune","Koishi:ReflexRadar"],"picked":"Koishi:PredatoryInstincts","floor":14},{"not_picked":["Koishi:EmbryosDream","Koishi:BloodcurdlingScream"],"picked":"Koishi:EmbersOfLove","floor":15}],"player_experience":533473,"relics_obtained":[{"floor":3,"key":"Mastiff:ReiMu"},{"floor":9,"key":"Dream Catcher"},{"floor":11,"key":"Tiny Chest"}],"event_choices":[{"cards_removed":["Koishi:BasicStrike"],"damage_healed":0,"gold_gain":0,"player_choice":"Forget","damage_taken":0,"max_hp_gain":0,"max_hp_loss":0,"event_name":"Living Wall","floor":2,"gold_loss":0},{"damage_healed":0,"gold_gain":75,"player_choice":"Gold","damage_taken":11,"max_hp_gain":0,"max_hp_loss":0,"event_name":"betterThird:BetterGoop","floor":4,"gold_loss":0}],"is_beta":false,"boss_relics":[],"items_purged_floors":[7,8],"is_endless":false,"potions_floor_spawned":[1],"killed_by":"The Guardian","ascension_level":0}}