{"host":"mhk64yc8b8cafbgt","time":1610634627,"event":{"mods":["100% Spire Juice","ATMod(阿瑾Mod)","Act Like it!","BaseMod","BetterRewards","CapriCore","Energized Spire","Friendly Minions","GifTheSpireLib","Gold Saver","Marked Mod","Minty Spire (QoL Compilation)","MostiFishMod","Quick Restart","READ ME - Guardian Mod","Robot Space Explorer","RumiaBox-露米娅的神秘盒子","Ryuuou龙王","Shop Mod","Spicy Shops","StSLib","TestMod","The Blackbeard","The Dragon Tamer","Uncapped","[IsaacMod]以撒尖塔","noobMod","vexMod","【功能Mod】混沌之环修复补丁","【遗物卡牌】REMEMod","残留之物"],"gold_per_floor":[1933,1466,1482,536,554,582,582,602,671,44,64,89,89,89,89,186,186,196,196,213,213,62,62,62,62],"floor_reached":24,"language":"ZHS","playtime":1438,"items_purged":["Moonworks:Strike","Moonworks:Strike","Doubt","Moonworks:Strike"],"score":331,"play_id":"4526f3a5-bf11-4ffd-a0ef-098a65181b75","local_time":"20210114223027","is_ascension_mode":false,"campfire_choices":[{"floor":7.0,"key":"RECALL"},{"data":"Moonworks:TacticalRetreat","floor":13,"key":"SMITH"},{"data":"Moonworks:Ambush","floor":15,"key":"SMITH"},{"data":"testmod-WeaknessCounterattack","floor":23,"key":"SMITH"}],"circlet_count":0,"master_deck":["Moonworks:Strike","Moonworks:Defend","Moonworks:Defend","Moonworks:Defend","Moonworks:Defend","Moonworks:Ambush+1","Moonworks:LongDistanceShot","Expertise","Moonworks:JonathanRush","Moonworks:TacticalRetreat+1","Moonworks:RagingMadness","Moonworks:PlushieMaster+1","Moonworks:Gamble","Moonworks:WeAreWaruda+1","testmod-WeaknessCounterattack+1","Moonworks:DeployBits","Moonworks:EvilSpyWorkPreparation"],"relics":["Moonworks:BrokenBomb","Moonworks:Homemark","REME_ComplimentaryCards","DaveBox","testmod-TestBox","HushsDoor","KeepersGift","ice","AT_ATBox","NeowsBlessing","MerchantsRug","vexMod:Cooldron","Bag of Preparation","vexMod:FocusSash","Happy Flower","testmod-Justice","Chaos","Calipers","SlaversCollar","Damocles","Unceasing Top","testmod-BlackFramedGlasses"],"acts_visited":["Exordium","TheCity"],"potions_floor_usage":[12,12],"damage_taken":[{"damage":0.0,"enemies":"Jaw Worm","floor":1.0,"turns":1.0},{"damage":0.0,"enemies":"Small Slimes","floor":2.0,"turns":1.0},{"damage":0.0,"enemies":"2 Louse","floor":3.0,"turns":1.0},{"damage":0.0,"enemies":"2 Fungi Beasts","floor":5.0,"turns":5.0},{"damage":0.0,"enemies":"Lagavulin","floor":6.0,"turns":7.0},{"damage":0.0,"enemies":"Looter","floor":8.0,"turns":3.0},{"damage":0,"enemies":"Large Slime","floor":11,"turns":7},{"damage":0,"enemies":"3 Sentries","floor":12,"turns":9},{"damage":0,"enemies":"Hexaghost","floor":16,"turns":2},{"damage":10,"enemies":"2 Thieves","floor":18,"turns":4},{"damage":0,"enemies":"Spheric Guardian","floor":20,"turns":3},{"damage":9,"enemies":"REME_1_Revenger","floor":24,"turns":3}],"seed_played":"8697178493307387025","potions_obtained":[{"floor":2.0,"key":"PowerPotion"},{"floor":6.0,"key":"EntropicBrew"},{"floor":11,"key":"EntropicBrew"}],"is_trial":false,"path_per_floor":["M","M","M","$","M","E","R","M","T","$","M","E","R","?","R","B",null,"M","?","M","?","$","R","E"],"character_chosen":"THE_STARBREAKER","items_purchased":["MerchantsRug","vexMod:Cooldron","Bag of Preparation","Moonworks:RagingMadness","Moonworks:PlushieMaster","vexMod:FocusSash","testmod-Justice","Chaos","Moonworks:Gamble","Calipers","testmod-WeaknessCounterattack","Damocles","testmod-BlackFramedGlasses"],"campfire_rested":0,"item_purchase_floors":[4,4,4,4,4,4,10,10,10,10,17,17,22],"current_hp_per_floor":[60,60,60,60,60,60,60,60,60,60,60,60,60,56,56,56,62,52,52,52,52,52,52,0,0],"gold":62,"neow_bonus":"THREE_ENEMY_KILL","is_daily":false,"chose_seed":false,"campfire_upgraded":3,"win_rate":0.0,"timestamp":1610634627,"path_taken":["M","M","M","$","M","E","R","M","T","$","M","E","R","?","R","BOSS","M","?","M","?","$","R","E"],"items_purchased_type":["Relic","Relic","Relic","Card","Card","Relic","Relic","Card","Card","Relic","Card","Relic","Relic"],"build_version":"2020-12-22","purchased_purges":4,"victory":false,"max_hp_per_floor":[60,60,60,60,60,60,60,60,60,60,60,60,60,74,74,74,62,62,62,62,62,62,62,62,62],"card_choices":[{"not_picked":["Moonworks:BigMagnum","Bomb"],"picked":"Moonworks:JonathanRush","floor":1.0},{"not_picked":["Moonworks:IndiscriminateFireSupport","Moonworks:FullSpeedAlicianrone"],"picked":"Moonworks:TacticalRetreat","floor":2.0},{"not_picked":["Moonworks:JonathanRush","Moonworks:AwakeningOfTalent","Moonworks:Assault"],"picked":"SKIP","floor":3.0},{"not_picked":["Moonworks:MiracleWalker","Moonworks:LulusLuckyEgg","Moonworks:JonathanRush"],"picked":"SKIP","floor":5.0},{"not_picked":["Moonworks:HolyNight","Moonworks:DeployBits","Moonworks:EvilSpyWorkPreparation"],"picked":"SKIP","floor":6.0},{"not_picked":["Moonworks:JonathanRush","Moonworks:AngelHand","Moonworks:x16BigRocket"],"picked":"SKIP","floor":8.0},{"not_picked":["Moonworks:CompletionReward","Moonworks:ImmovableObject","Moonworks:MixPhenomenon"],"picked":"SKIP","floor":11},{"not_picked":["Moonworks:Assault","Moonworks:Flamethrower","Moonworks:TacticalRetreat"],"picked":"SKIP","floor":12},{"not_picked":["Moonworks:MeltingMemories","Moonworks:PlushieMaster"],"picked":"Moonworks:WeAreWaruda","floor":16},{"not_picked":["Moonworks:BigMagnum","Moonworks:LulusLuckyEgg"],"picked":"Moonworks:DeployBits","floor":18},{"not_picked":["Moonworks:DeployBits","Moonworks:NicePresent+1","Moonworks:Flamethrower+1"],"picked":"SKIP","floor":20}],"player_experience":260320,"relics_obtained":[{"floor":6.0,"key":"Happy Flower"},{"floor":12,"key":"SlaversCollar"},{"floor":18,"key":"Unceasing Top"},{"floor":20,"key":"testmod-Fortitude"}],"event_choices":[{"damage_healed":0,"gold_gain":0,"player_choice":"Success","damage_taken":18,"relics_obtained":["Mango"],"max_hp_gain":0,"max_hp_loss":0,"event_name":"Scrap Ooze","floor":14,"gold_loss":0},{"damage_healed":0,"gold_gain":0,"player_choice":"Read","damage_taken":0,"max_hp_gain":0,"max_hp_loss":0,"event_name":"The Library","floor":19,"gold_loss":0,"cards_obtained":["Moonworks:EvilSpyWorkPreparation"]},{"damage_healed":0,"gold_gain":0,"player_choice":"0 cards matched","damage_taken":0,"max_hp_gain":0,"max_hp_loss":0,"event_name":"Match and Keep!","floor":21,"gold_loss":0,"cards_obtained":[]}],"is_beta":false,"boss_relics":[{"not_picked":["Chemical X","vexMod:ConsolationPrize"],"picked":"War Paint"},{"not_picked":[]}],"items_purged_floors":[4,4,10,10],"is_endless":false,"potions_floor_spawned":[2,6,11],"killed_by":"REME_1_Revenger","ascension_level":0}}