{"host":"6jrd8fn9k88n08be","time":1610586958,"event":{"mods":["BaseMod","Minty Spire (QoL Compilation)","StSLib"],"gold_per_floor":[112,112,41,57,57,57,90,108,108,78,28,28,57,75,75,175,175,193,193,292,277,289,289,319,319,319,319,319],"floor_reached":27,"language":"ENG","playtime":2690,"items_purged":[],"score":277,"play_id":"c9485144-eb14-4b8f-b522-42e6513e97d0","local_time":"20210113201558","is_ascension_mode":true,"campfire_choices":[{"data":"Dropkick","floor":6.0,"key":"SMITH"},{"data":"True Grit","floor":12.0,"key":"SMITH"},{"data":"Seeing Red","floor":15.0,"key":"SMITH"},{"floor":23.0,"key":"REST"},{"floor":25.0,"key":"REST"}],"circlet_count":0,"master_deck":["Strike_R","Strike_R","Strike_R","Strike_R","Defend_R+1","Defend_R","Defend_R","Defend_R+1","Bash","Flame Barrier+1","Dropkick+1","Twin Strike","True Grit+1","Seeing Red+1","Hemokinesis","Berserk","Rampage","Shrug It Off","Carnage"],"relics":["Burning Blood","NeowsBlessing","Shuriken","Smiling Mask","Ginger","Mark of Pain","CaptainsWheel"],"acts_visited":["Exordium","TheCity"],"potions_floor_usage":[],"damage_taken":[{"damage":0.0,"enemies":"Small Slimes","floor":1.0,"turns":1.0},{"damage":0.0,"enemies":"Cultist","floor":4.0,"turns":1.0},{"damage":0.0,"enemies":"Gremlin Nob","floor":7.0,"turns":1.0},{"damage":0.0,"enemies":"2 Louse","floor":8.0,"turns":3.0},{"damage":5.0,"enemies":"Looter","floor":10.0,"turns":4.0},{"damage":25.0,"enemies":"3 Sentries","floor":13.0,"turns":11.0},{"damage":6.0,"enemies":"Exordium Wildlife","floor":14.0,"turns":2.0},{"damage":47.0,"enemies":"Slime Boss","floor":16.0,"turns":13.0},{"damage":51.0,"enemies":"Spheric Guardian","floor":18.0,"turns":6.0},{"damage":15.0,"enemies":"2 Thieves","floor":21.0,"turns":4.0},{"damage":19.0,"enemies":"Cultist and Chosen","floor":22.0,"turns":9.0},{"damage":36.0,"enemies":"Slavers","floor":24.0,"turns":7.0},{"damage":39,"enemies":"Gremlin Leader","floor":27,"turns":6}],"seed_played":"-5693626168410487293","potions_obtained":[{"floor":8.0,"key":"Energy Potion"},{"floor":14.0,"key":"Fruit Juice"},{"floor":21.0,"key":"FearPotion"},{"floor":22.0,"key":"ColorlessPotion"}],"is_trial":false,"path_per_floor":["M","?","$","M","?","R","E","M","T","M","?","R","E","M","R","B",null,"M","?","?","M","M","R","E","R","T","E"],"character_chosen":"IRONCLAD","items_purchased":["Dropkick"],"campfire_rested":2,"item_purchase_floors":[3],"current_hp_per_floor":[80,80,80,80,64,64,70,76,76,77,77,77,58,58,58,22,85,40,40,40,31,18,43,13,38,38,0,0],"gold":319,"neow_bonus":"THREE_ENEMY_KILL","is_daily":false,"chose_seed":false,"campfire_upgraded":3,"win_rate":0.0,"timestamp":1610586958,"path_taken":["M","?","?","?","?","R","E","M","T","M","?","R","E","M","R","BOSS","M","?","?","M","M","R","E","R","T","E"],"items_purchased_type":["Card"],"build_version":"2020-12-22","purchased_purges":0,"victory":false,"max_hp_per_floor":[80,80,80,80,80,80,80,80,80,80,80,80,80,80,80,85,85,85,85,85,85,85,85,85,85,85,85,85],"card_choices":[{"not_picked":["Body Slam","Iron Wave"],"picked":"Flame Barrier","floor":1.0},{"not_picked":["Thunderclap","Combust"],"picked":"Twin Strike","floor":4.0},{"not_picked":["Clash","Body Slam"],"picked":"True Grit","floor":7.0},{"not_picked":["Perfected Strike","Cleave"],"picked":"Seeing Red","floor":8.0},{"not_picked":["Power Through","Twin Strike","Seeing Red"],"picked":"SKIP","floor":10.0},{"not_picked":["Limit Break","Perfected Strike"],"picked":"Hemokinesis","floor":13.0},{"not_picked":["Clash","Body Slam","Intimidate"],"picked":"SKIP","floor":14.0},{"not_picked":["Reaper","Demon Form"],"picked":"Berserk","floor":16.0},{"not_picked":["Cleave","Sword Boomerang"],"picked":"Rampage","floor":18.0},{"not_picked":["Wild Strike","Heavy Blade"],"picked":"Shrug It Off","floor":21.0},{"not_picked":["Reckless Charge","Cleave","Thunderclap"],"picked":"SKIP","floor":22.0},{"not_picked":["Berserk","Clash"],"picked":"Carnage","floor":24.0}],"player_experience":61869,"relics_obtained":[{"floor":7.0,"key":"Shuriken"},{"floor":9.0,"key":"Smiling Mask"},{"floor":13.0,"key":"Ginger"},{"floor":24.0,"key":"CaptainsWheel"}],"event_choices":[{"damage_healed":0.0,"max_hp_gain":0.0,"max_hp_loss":0.0,"gold_gain":0.0,"event_name":"Accursed Blacksmith","player_choice":"Forge","floor":2.0,"gold_loss":0.0,"damage_taken":0.0,"cards_upgraded":["Flame Barrier"]},{"damage_healed":0.0,"max_hp_gain":0.0,"max_hp_loss":0.0,"gold_gain":0.0,"event_name":"Shining Light","player_choice":"Entered Light","floor":5.0,"gold_loss":0.0,"damage_taken":16.0,"cards_upgraded":["Defend_R","Defend_R"]},{"cards_removed":["Strike_R"],"damage_healed":0.0,"max_hp_gain":0.0,"max_hp_loss":0.0,"gold_gain":0.0,"event_name":"The Cleric","player_choice":"Card Removal","floor":11.0,"gold_loss":50.0,"damage_taken":0.0},{"damage_healed":0.0,"max_hp_gain":0.0,"max_hp_loss":0.0,"gold_gain":0.0,"event_name":"Vampires","player_choice":"Ignored","floor":19.0,"gold_loss":0.0,"damage_taken":0.0},{"damage_healed":0.0,"max_hp_gain":0.0,"max_hp_loss":0.0,"gold_gain":99.0,"event_name":"Nest","player_choice":"Stole From Cult","floor":20.0,"gold_loss":0.0,"damage_taken":0.0}],"is_beta":false,"boss_relics":[{"not_picked":["Ectoplasm","Coffee Dripper"],"picked":"Mark of Pain"}],"items_purged_floors":[],"is_endless":false,"potions_floor_spawned":[8,14,21,22],"killed_by":"Gremlin Leader","ascension_level":1}}