{"host":"a0ctybskq5enlxnq","time":1610660777,"event":{"mods":["BaseMod","Beaked The Cultist","Better Altar","Better Skull","Clawfect","Colored Map","Colored Powertips","Hermit","Highlight Path","Hubris","Kratos Character Expansion","Minty Spire (QoL Compilation)","READ ME - Guardian Mod","Rare Cards Sparkle","Robot Space Explorer","Shade Mod","Shop Mod","Spicy Shops","StSLib","The Alterego","The Construct","The Cursed","The Death Knight","The Disciple","The Forsaken","The Kombatant","The Runesmith","thorton"],"gold_per_floor":[146,157,14,28,41,74,85,85,85],"floor_reached":8,"language":"ENG","playtime":712,"items_purged":[],"score":63,"play_id":"7f29de39-9be6-497b-b8f4-81c1ca36fa97","local_time":"20210114214617","is_ascension_mode":true,"campfire_choices":[],"circlet_count":0,"master_deck":["KratosMod:Strike_K","KratosMod:Strike_K","KratosMod:Strike_K","KratosMod:Strike_K","KratosMod:Defend_K","KratosMod:Defend_K","KratosMod:Defend_K","KratosMod:Defend_K","KratosMod:cyclone+1","KratosMod:AthenaBane","KratosMod:settle","KratosMod:Revenge"],"relics":["KratosMod:eagle","hubris:SlimyHat","Ancient Tea Set"],"acts_visited":["Exordium"],"potions_floor_usage":[6,7],"damage_taken":[{"damage":0,"enemies":"2 Louse","floor":1,"turns":2},{"damage":0,"enemies":"Small Slimes","floor":2,"turns":2},{"damage":1,"enemies":"Cultist","floor":4,"turns":3},{"damage":13,"enemies":"Large Slime","floor":5,"turns":6},{"damage":27,"enemies":"Gremlin Nob","floor":6,"turns":4},{"damage":5,"enemies":"Exordium Thugs","floor":7,"turns":4},{"damage":31,"enemies":"Lagavulin","floor":8,"turns":5}],"seed_played":"-213330782047176328","potions_obtained":[{"floor":2,"key":"BlessingOfTheForge"},{"floor":5,"key":"Explosive Potion"},{"floor":7,"key":"Explosive Potion"}],"is_trial":false,"path_per_floor":["M","M","$","M","M","E","M","E"],"character_chosen":"KRATOS","items_purchased":["hubris:SlimyHat"],"campfire_rested":0,"item_purchase_floors":[3],"current_hp_per_floor":[60,60,60,59,46,19,14,0,0],"gold":85,"neow_bonus":"UPGRADE_CARD","is_daily":false,"chose_seed":false,"campfire_upgraded":0,"win_rate":0.0,"timestamp":1610660777,"path_taken":["M","M","$","M","M","E","M","E"],"items_purchased_type":["Relic"],"build_version":"2020-12-22","purchased_purges":0,"victory":false,"max_hp_per_floor":[60,60,60,60,60,60,60,60,60],"card_choices":[{"not_picked":["KratosMod:ShieldBash","KratosMod:Roll"],"picked":"KratosMod:settle","floor":1},{"not_picked":["KratosMod:conjuresoul","KratosMod:settle","KratosMod:Roll"],"picked":"SKIP","floor":2},{"not_picked":["KratosMod:conjuresoul","KratosMod:BladeWhip","KratosMod:Roll"],"picked":"SKIP","floor":4},{"not_picked":["KratosMod:ShieldBash","KratosMod:Tempor","KratosMod:BladeWhip"],"picked":"SKIP","floor":5},{"not_picked":["KratosMod:conjuresoul","KratosMod:settle"],"picked":"KratosMod:Revenge","floor":6},{"not_picked":["KratosMod:settle","KratosMod:BladeWhip","KratosMod:Roll"],"picked":"SKIP","floor":7}],"player_experience":434786,"relics_obtained":[{"floor":6,"key":"Ancient Tea Set"}],"event_choices":[],"is_beta":false,"boss_relics":[],"items_purged_floors":[],"is_endless":false,"potions_floor_spawned":[2,5,7],"killed_by":"Lagavulin","ascension_level":1}}