{"host":"s8k08j4eybfen9r6","time":1610615506,"event":{"mods":["Aspiration","BaseMod","Better Altar","Better Match","Better Note","Better Sensory Stone","Better Skull","Better Third Choice","BetterRewards","Downfall","Duelist Mod","Hubris","Jedi Mod","Minty Spire (QoL Compilation)","MostiFishMod","Rare Cards Sparkle","Shop Mod","Spicy Shops","StSLib","The Animator"],"gold_per_floor":[709,709,585,598,608,608,639,653,653,685,701,717,717,1346,1346,1447,1447,1465,1478,1478,1478,1403,1436,1452,1466,1466,1466,1466],"floor_reached":27,"language":"ENG","playtime":1547,"items_purged":[],"score":306,"play_id":"78b10c57-1dc4-4698-8c57-ed3c900ee9bc","local_time":"20210114191146","is_ascension_mode":true,"campfire_choices":[{"data":"Zap","floor":6,"key":"SMITH"},{"data":"White Noise","floor":13,"key":"SMITH"},{"data":"Chaos","floor":15,"key":"SMITH"}],"circlet_count":0,"master_deck":["Strike_B","Strike_B","Defend_B","Defend_B","Zap+1","Dualcast","Ball Lightning","White Noise+1","Thunder Strike","Cold Snap","Chaos+1","Chaos","Defragment","MostiFishMod:ActiveDefenseSystem","MostiFishMod:SeaWaves","MostiFishMod:TalkingToTheRain","Coolheaded","Fusion","Outmaneuver","Backstab","Survivor","Slimebound:CheckThePlaybook","MostiFishMod:Impulse","Coolheaded"],"relics":["Cracked Core","DaveBox","SynthV","DataDisk","SynthV:TestCard","hubris:Towel","Strawberry","jedi:crownofsimplicity","Matryoshka","Cables","hubris:FunFungus","aspiration:Stellarator","aspiration:EnhancedActuators","Vajra","Shuriken"],"acts_visited":["Exordium","TheCity"],"potions_floor_usage":[14,25,27],"damage_taken":[{"damage":0,"enemies":"Small Slimes","floor":1,"turns":2},{"damage":2,"enemies":"Jaw Worm","floor":4,"turns":2},{"damage":0,"enemies":"Cultist","floor":5,"turns":2},{"damage":21,"enemies":"3 Sentries","floor":7,"turns":5},{"damage":0,"enemies":"Looter","floor":8,"turns":1},{"damage":17,"enemies":"Lagavulin","floor":10,"turns":4},{"damage":0,"enemies":"Blue Slaver","floor":11,"turns":3},{"damage":3,"enemies":"2 Fungi Beasts","floor":12,"turns":2},{"damage":3,"enemies":"3 Sentries","floor":14,"turns":3},{"damage":12,"enemies":"The Guardian","floor":16,"turns":5},{"damage":14,"enemies":"2 Thieves","floor":18,"turns":2},{"damage":0,"enemies":"3 Byrds","floor":19,"turns":3},{"damage":36,"enemies":"Book of Stabbing","floor":23,"turns":5},{"damage":29,"enemies":"Snake Plant","floor":24,"turns":3},{"damage":12,"enemies":"Chosen and Byrds","floor":25,"turns":3},{"damage":19,"enemies":"Slavers","floor":27,"turns":1}],"seed_played":"-1388124229596843235","potions_obtained":[{"floor":5,"key":"LiquidBronze"},{"floor":8,"key":"Strength Potion"},{"floor":10,"key":"Explosive Potion"},{"floor":16,"key":"Dexterity Potion"},{"floor":24,"key":"hexamod:EctoCoolerPotion"}],"is_trial":false,"path_per_floor":["M","?","?","M","M","R","E","M","T","E","M","M","R","E","R","B",null,"M","M","?","?","?","E","M","M","T","E"],"character_chosen":"DEFECT","items_purchased":[],"campfire_rested":0,"item_purchase_floors":[],"current_hp_per_floor":[75,75,82,80,80,80,59,59,59,42,42,39,39,36,36,27,82,68,68,68,68,68,58,29,18,18,0,0],"gold":1466,"neow_bonus":"RANDOM_COMMON_RELIC","is_daily":false,"chose_seed":false,"campfire_upgraded":3,"win_rate":0.0,"timestamp":1610615506,"path_taken":["M","?","?","M","M","R","E","M","T","E","M","M","R","E","R","BOSS","M","?","?","?","?","E","M","M","T","E"],"items_purchased_type":[],"build_version":"2020-12-22","purchased_purges":0,"victory":false,"max_hp_per_floor":[75,75,82,82,82,82,82,82,82,82,82,82,82,82,82,82,82,82,82,82,74,74,74,74,74,74,74,74],"card_choices":[{"not_picked":["Sweeping Beam","Compile Driver"],"picked":"Ball Lightning","floor":1},{"not_picked":["Barrage","Heatsinks","Leap","Undo"],"picked":"White Noise","floor":4},{"not_picked":["Beam Cell","Cold Snap","jedi:reiji","jedi:blockon"],"picked":"Thunder Strike","floor":5},{"not_picked":["Core Surge","MostiFishMod:PushDownKick","Sweeping Beam","Scrape"],"picked":"Cold Snap","floor":7},{"not_picked":["Go for the Eyes","jedi:bruteforce","Stack","MostiFishMod:PushDownKick"],"picked":"Chaos","floor":8},{"not_picked":["Self Repair","Ball Lightning","jedi:markofdeath","Heatsinks"],"picked":"Chaos","floor":10},{"not_picked":["jedi:markofdeath","Cold Snap","Streamline","Tempest"],"picked":"Defragment","floor":11},{"not_picked":["Skim","MostiFishMod:PushDownKick","Double Energy","Stack"],"picked":"MostiFishMod:ActiveDefenseSystem","floor":12},{"not_picked":["Melter","MostiFishMod:FluxCapactior","Go for the Eyes","Stack"],"picked":"MostiFishMod:SeaWaves","floor":14},{"not_picked":["MostiFishMod:Exploitation","Reboot","MostiFishMod:ATRI","hubris:SpecializedCircuitry"],"picked":"MostiFishMod:TalkingToTheRain","floor":16},{"not_picked":["jedi:BurstLightning","jedi:BurstFrost","Streamline+1","Steam+1"],"picked":"Coolheaded","floor":18},{"not_picked":["Sweeping Beam","Reinforced Body","Hologram","Core Surge"],"picked":"Fusion","floor":19},{"not_picked":["MostiFishMod:Nova","Doom and Gloom","Static Discharge","Ball Lightning+1"],"picked":"MostiFishMod:Impulse","floor":23},{"not_picked":["Static Discharge","Beam Cell","Loop","Recycle"],"picked":"Coolheaded","floor":24},{"not_picked":["jedi:locknload","Compile Driver","Stack","Genetic Algorithm","jedi:BurstLightning+1"],"picked":"SKIP","floor":25}],"player_experience":428460,"relics_obtained":[{"floor":1,"key":"SynthV:TestCard"},{"floor":7,"key":"jedi:crownofsimplicity"},{"floor":9,"key":"Matryoshka"},{"floor":10,"key":"Cables"},{"floor":14,"key":"hubris:FunFungus"},{"floor":23,"key":"aspiration:EnhancedActuators"},{"floor":26,"key":"Vajra"},{"floor":26,"key":"Shuriken"}],"event_choices":[{"damage_healed":0,"gold_gain":0,"player_choice":"Paid Gold","damage_taken":0,"relics_obtained":["Strawberry"],"max_hp_gain":0,"max_hp_loss":0,"event_name":"WeMeetAgain","floor":3,"gold_loss":124},{"cards_removed":["Strike_B"],"damage_healed":0,"gold_gain":0,"player_choice":"Gave Gold","damage_taken":0,"max_hp_gain":0,"max_hp_loss":0,"event_name":"Beggar","floor":22,"gold_loss":75}],"is_beta":false,"boss_relics":[{"not_picked":["jedi:battlestandard","FrostBlade"],"picked":"aspiration:Stellarator"}],"items_purged_floors":[],"is_endless":false,"potions_floor_spawned":[5,8,10,16,18,23,24],"killed_by":"Slavers","ascension_level":2}}