{"host":"l60rmjjsfi0fipmi","time":1610587597,"event":{"mods":["BaseMod","Colored Map","DeckTracker","Hermit","Highlight Path","Jorbs\u0027s Wanderer Trilogy","Minty Spire (QoL Compilation)","StSLib","The Cursed"],"gold_per_floor":[109,122,72,92,111,111,145,0,0,12,12,27,27,27,27,131,131,143,157,57,57,69,69,89,89,89,103,116,116,129,139,139,242,242,255,95,113,113,113,113,139,139,139],"floor_reached":42,"language":"ENG","playtime":2363,"items_purged":["Strike_R","Strike_R","Clumsy"],"score":526,"play_id":"81bebc37-1ad0-410b-85be-75d052917e28","local_time":"20210113202637","is_ascension_mode":true,"campfire_choices":[{"data":"Pommel Strike","floor":6,"key":"SMITH"},{"data":"Bash","floor":11,"key":"SMITH"},{"data":"Shrug It Off","floor":15,"key":"SMITH"},{"data":"Flame Barrier","floor":23,"key":"SMITH"},{"floor":25,"key":"REST"},{"floor":32,"key":"REST"},{"floor":40,"key":"REST"}],"circlet_count":0,"master_deck":["Strike_R","Strike_R","Defend_R","Defend_R","Defend_R","Defend_R","Bash+1","Demon Form","Anger","Pommel Strike+1","Heavy Blade","Flame Barrier+1","Evolve","Battle Trance","Warcry","Shrug It Off+1","Limit Break","Inflame","Disarm","Pummel","Impervious","Thunderclap+1","Dual Wield","Flash of Steel"],"relics":["Black Blood","Ginger","StrikeDummy","Cursed Key","Shuriken","Frozen Egg 2"],"acts_visited":["Exordium","TheCity","TheBeyond"],"potions_floor_usage":[16,18,28,33,42],"damage_taken":[{"damage":7,"enemies":"Small Slimes","floor":1,"turns":3},{"damage":7,"enemies":"Jaw Worm","floor":2,"turns":3},{"damage":0,"enemies":"Cultist","floor":4,"turns":3},{"damage":13,"enemies":"Blue Slaver","floor":5,"turns":4},{"damage":16,"enemies":"Gremlin Nob","floor":7,"turns":4},{"damage":4,"enemies":"Red Slaver","floor":10,"turns":3},{"damage":6,"enemies":"Looter","floor":12,"turns":3},{"damage":30,"enemies":"Slime Boss","floor":16,"turns":7},{"damage":0,"enemies":"3 Byrds","floor":18,"turns":5},{"damage":19,"enemies":"Spheric Guardian","floor":19,"turns":4},{"damage":32,"enemies":"Centurion and Healer","floor":22,"turns":6},{"damage":25,"enemies":"3 Cultists","floor":24,"turns":5},{"damage":20,"enemies":"Cultist and Chosen","floor":27,"turns":6},{"damage":36,"enemies":"Sentry and Sphere","floor":28,"turns":7},{"damage":8,"enemies":"Snake Plant","floor":30,"turns":3},{"damage":21,"enemies":"Centurion and Healer","floor":31,"turns":6},{"damage":74,"enemies":"Automaton","floor":33,"turns":8},{"damage":14,"enemies":"Orb Walker","floor":35,"turns":5},{"damage":60,"enemies":"3 Shapes","floor":37,"turns":7},{"damage":34,"enemies":"Giant Head","floor":41,"turns":7},{"damage":40,"enemies":"Jaw Worm Horde","floor":42,"turns":3}],"seed_played":"668187176233531536","potions_obtained":[{"floor":4,"key":"DuplicationPotion"},{"floor":5,"key":"ColorlessPotion"},{"floor":7,"key":"FairyPotion"},{"floor":18,"key":"Block Potion"},{"floor":19,"key":"FairyPotion"},{"floor":30,"key":"EssenceOfSteel"},{"floor":35,"key":"ColorlessPotion"}],"is_trial":false,"path_per_floor":["M","M","?","M","M","R","E","$","T","M","R","M","$","?","R","B",null,"M","M","$","?","M","R","M","R","T","M","M","?","M","M","R","B",null,"M","$","M","$","?","R","E","M"],"character_chosen":"IRONCLAD","items_purchased":["Battle Trance","Dual Wield"],"campfire_rested":3,"item_purchase_floors":[8,36],"current_hp_per_floor":[79,78,78,80,73,73,63,63,63,65,65,65,65,65,65,41,80,80,67,67,67,41,41,22,46,46,32,30,30,28,13,37,30,80,78,78,30,30,30,54,32,0,0],"gold":139,"neow_bonus":"ONE_RANDOM_RARE_CARD","is_daily":false,"chose_seed":false,"campfire_upgraded":4,"win_rate":0.0,"timestamp":1610587597,"path_taken":["M","M","?","M","M","R","E","$","T","M","R","M","$","?","R","BOSS","M","M","$","?","M","R","M","R","T","M","M","?","M","?","R","BOSS","M","$","M","$","?","R","E","M"],"items_purchased_type":["Card","Card"],"build_version":"2020-12-22","purchased_purges":3,"victory":false,"max_hp_per_floor":[80,80,80,80,80,80,80,80,80,80,80,80,80,80,80,80,80,80,80,80,80,80,80,80,80,80,80,80,80,80,80,80,80,80,80,80,80,80,80,80,80,80,80],"card_choices":[{"not_picked":["Havoc","Clash"],"picked":"Anger","floor":1},{"not_picked":["Power Through","Bloodletting"],"picked":"Pommel Strike","floor":2},{"not_picked":["Warcry","Dual Wield"],"picked":"Heavy Blade","floor":4},{"not_picked":["Headbutt","Immolate"],"picked":"Flame Barrier","floor":5},{"not_picked":["Wild Strike","Cleave"],"picked":"Evolve","floor":7},{"not_picked":["Havoc","Pommel Strike"],"picked":"Warcry","floor":10},{"not_picked":["Warcry","Perfected Strike"],"picked":"Shrug It Off","floor":12},{"not_picked":["Brutality","Exhume"],"picked":"Limit Break","floor":16},{"not_picked":["Sword Boomerang","Shrug It Off"],"picked":"Inflame","floor":18},{"not_picked":["Entrench","Ghostly Armor"],"picked":"Disarm","floor":19},{"not_picked":["Wild Strike","Pommel Strike","Evolve+1"],"picked":"SKIP","floor":22},{"not_picked":["Battle Trance","Flex","Seeing Red"],"picked":"SKIP","floor":24},{"not_picked":["Wild Strike","Iron Wave","Heavy Blade"],"picked":"SKIP","floor":27},{"not_picked":["Carnage","Reckless Charge","Rupture"],"picked":"SKIP","floor":28},{"not_picked":["Berserk","Cleave"],"picked":"Pummel","floor":30},{"not_picked":["Reckless Charge","Pommel Strike","Sword Boomerang+1"],"picked":"SKIP","floor":31},{"not_picked":["Offering","Juggernaut"],"picked":"Impervious","floor":33},{"not_picked":["Pommel Strike+1","Iron Wave"],"picked":"Thunderclap+1","floor":35},{"not_picked":["Shrug It Off+1","True Grit+1","Seeing Red+1"],"picked":"SKIP","floor":37},{"not_picked":["Thinking Ahead","Sadistic Nature"],"picked":"Flash of Steel","floor":39},{"not_picked":["Disarm+1","Whirlwind+1","Reckless Charge"],"picked":"SKIP","floor":41}],"player_experience":386722,"relics_obtained":[{"floor":7,"key":"Ginger"},{"floor":9,"key":"StrikeDummy"},{"floor":26,"key":"Shuriken"},{"floor":41,"key":"Frozen Egg 2"}],"event_choices":[{"cards_removed":["Strike_R"],"damage_healed":0,"gold_gain":0,"player_choice":"Card Removal","damage_taken":0,"max_hp_gain":0,"max_hp_loss":0,"event_name":"The Cleric","floor":3,"gold_loss":50},{"damage_healed":0,"gold_gain":0,"player_choice":"Got Potions","damage_taken":0,"max_hp_gain":0,"max_hp_loss":0,"event_name":"Lab","floor":14,"gold_loss":0},{"damage_healed":0,"gold_gain":0,"player_choice":"Ignored","damage_taken":0,"max_hp_gain":0,"max_hp_loss":0,"event_name":"The Mausoleum","floor":21,"gold_loss":0},{"damage_healed":0,"gold_gain":0,"cards_transformed":["Pain"],"player_choice":"Transformed","damage_taken":0,"max_hp_gain":0,"max_hp_loss":0,"event_name":"Transmorgrifier","floor":29,"gold_loss":0,"cards_obtained":["Clumsy"]},{"damage_healed":0,"gold_gain":0,"player_choice":"Memory 1","damage_taken":0,"max_hp_gain":0,"max_hp_loss":0,"event_name":"SensoryStone","floor":39,"gold_loss":0}],"is_beta":false,"boss_relics":[{"not_picked":["Runic Dome","Runic Pyramid"],"picked":"Cursed Key"},{"not_picked":["Runic Cube","SlaversCollar"],"picked":"Black Blood"}],"items_purged_floors":[8,20,36],"is_endless":false,"potions_floor_spawned":[4,5,7,18,19,22,24,30,35],"killed_by":"Jaw Worm Horde","ascension_level":3}}