{"host":"i58uscbei3sy5089","time":1610640761,"event":{"mods":["ATMod(°¢èªMod)","Act Like it!","Aspiration","BaseMod","Challenge The Spire","Colored Powertips","Conspire","Downfall","Infinite Spire","Koishi","Lobotomy","LobotomyExtend","Minty Spire (QoL Compilation)","MostiFishMod","Prisma Mod","Quick Restart","Replay The Spire","Shop Mod","Spicy Shops","StSLib","TestMod","The Construct","The Marked","UnlockEverythingMod","[IsaacMod]ÒÔÈö¼âËþ","vexMod","¡¾¹¦ÄÜMod¡¿»ìãçÖ®»·ÐÞ¸´²¹¶¡","¡¾ÒÅÎï¿¨ÅÆ¡¿REMEMod","óô»ðÖ¸ÄÏ"],"gold_per_floor":[117,897,916,933,640,640,667,667,694,721,740,740,750,333,59,155,155,169,187,206,206,218,218,236,236,308,308,322,333,333,343,343,441,441,441,441],"floor_reached":35,"language":"ZHS","playtime":1661,"items_purged":["All For One","SpecialBullet","InformationCode","SpecialBullet","SpecialBullet","SpecialBullet"],"score":714,"play_id":"5ec1fb85-34c8-4bb7-a8ae-3fb9cd5e8eee","local_time":"20210115001241","is_ascension_mode":true,"campfire_choices":[],"circlet_count":0,"master_deck":["SpecialBullet","SpecialBullet","SpecialBullet","SpecialBullet","SecurityCode","ReplayRNGCard+1","BloodyDesire+1","GoldRush+1","Reinforced Body+1","Regret_ego+1","WelfareCode","Seek+1"],"relics":["BrkXgEgg","AT_Kusabimaru","AT_BellDemon","vexMod:RockOfEvil","infinitespire:Lychee Nut","testmod-PortableAltar","Koishi:ColorfulDays","infinitespire:BlackEgg","infinitespire:DarkRift","aspiration:DefectSkillbook","aspiration:ArtOfWarUpgrade","testmod-BatchProcessingSystem","White Beast Statue","Happy Flower","theMarked:ArtifactOfAir","downfall:TeleportStone","MerchantsRug","LetterFromLob","SynthV","FossilizedHelix","Eternal Feather","AT_Manta","SharpPlug","Ice Cream","Mummified Hand","Smiling Mask","testmod-OneHitWonder","conspire:BottledYoYo","Replay:Mystery Machine","Civilization","Unceasing Top","testmod-TimeTraveler","Oddly Smooth Stone","testmod-Maize","Pen Nib","HonorFeather","Moonlight_r","testmod-ConstraintPeriapt","testmod-BouquetWithThorns","HornCleat","Singing Bowl","Shuriken","ImprovedEquipment","Bag of Preparation","PatriotShield"],"acts_visited":["Exordium","TheCity","TheBeyond"],"potions_floor_usage":[7,13,30,30],"damage_taken":[{"damage":7,"enemies":"2 Louse","floor":1,"turns":3},{"damage":10,"enemies":"Small Slimes","floor":3,"turns":2},{"damage":2,"enemies":"Cultist","floor":4,"turns":2},{"damage":0,"enemies":"Gremlin Nob","floor":7,"turns":2},{"damage":19,"enemies":"3 Sentries","floor":10,"turns":3},{"damage":0,"enemies":"3 Louse","floor":11,"turns":2},{"damage":0,"enemies":"Exordium Thugs","floor":13,"turns":2},{"damage":12,"enemies":"The Guardian","floor":16,"turns":4},{"damage":0,"enemies":"Spheric Guardian","floor":18,"turns":2},{"damage":0,"enemies":"3 Byrds","floor":19,"turns":3},{"damage":0,"enemies":"Snake Plant","floor":20,"turns":1},{"damage":0,"enemies":"3 Cultists","floor":21,"turns":2},{"damage":0,"enemies":"3 Cultists","floor":22,"turns":2},{"damage":6,"enemies":"Shelled Parasite and Fungi","floor":24,"turns":2},{"damage":0,"enemies":"Cultist and Chosen","floor":28,"turns":1},{"damage":0,"enemies":"Snake Plant","floor":29,"turns":1},{"damage":0,"enemies":"Shelled Parasite and Fungi","floor":31,"turns":1},{"damage":0,"enemies":"conspire:MysteriousRune","floor":33,"turns":2},{"damage":99999999,"enemies":"3 Darklings","floor":35,"turns":2}],"seed_played":"3962930264952959615","potions_obtained":[{"floor":1,"key":"LiquidBronze"},{"floor":4,"key":"Guardian:BlockOnCardUsePotion"},{"floor":7,"key":"REME_GoldPotion"},{"floor":10,"key":"PowerPotion"},{"floor":13,"key":"testmod-SpacePotion"},{"floor":16,"key":"LiquidMemories"},{"floor":18,"key":"SkillPotion"},{"floor":30,"key":"Fruit Juice"},{"floor":30,"key":"Fruit Juice"},{"floor":30,"key":"Slimebound:ThreeZeroPotion"}],"is_trial":false,"path_per_floor":["M","$","M","M","$","R","E","R","T","E","M","?","M","$","R","B",null,"M","M","M","M","M","R","M","R","T","R","M","M","?","M","R","B",null,"M"],"character_chosen":"Angela","items_purchased":["testmod-TheFather","AT_MibuBalloonWealth","Nunchaku","Kunai","Replay:Lucky Slots","infinitespire:Chaos","Fire Potion","MerchantsRug","DistilledChaos","Toxic Potion","GamblersBrew","SynthV","FossilizedHelix","conspire:BottledYoYo","Replay:Mystery Machine","Civilization"],"campfire_rested":0,"item_purchase_floors":[2,2,2,2,2,2,2,2,2,2,2,5,5,14,14,15],"current_hp_per_floor":[69,52,42,43,43,43,46,46,45,25,36,36,41,40,39,39,38,39,43,48,34,61,62,73,72,71,70,85,101,110,128,127,144,143,0,0],"gold":441,"neow_bonus":"NOSTALGIA","is_daily":false,"chose_seed":false,"campfire_upgraded":0,"win_rate":0.0,"timestamp":1610640761,"path_taken":["M","$","M","M","$","R","E","R","T","E","M","?","M","$","R","BOSS","M","M","M","M","?","R","M","R","T","R","M","M","?","M","R","BOSS","M"],"items_purchased_type":["Relic","Relic","Relic","Relic","Relic","Relic","Potion","Relic","Potion","Potion","Potion","Relic","Relic","Relic","Relic","Relic"],"build_version":"2020-12-22","purchased_purges":6,"victory":false,"max_hp_per_floor":[70,52,51,50,49,48,47,46,45,44,43,42,41,40,39,39,38,39,43,48,54,63,62,73,72,71,70,85,101,110,128,127,144,143,142,142],"card_choices":[{"not_picked":["Horn","RapturousDream"],"picked":"SKIP","floor":1},{"not_picked":["AT_StudyProgram","Fusion","ReplayTheSpireMod:Reroute Power"],"picked":"SKIP","floor":3},{"not_picked":["Lamp","MostiFishMod:ReadyAimFire+1","FeatherOfHonor"],"picked":"SKIP","floor":4},{"not_picked":["Darkness","Soda"],"picked":"Mimicry+1","floor":7},{"not_picked":["Capacitor","Lantern"],"picked":"ReplayRNGCard+1","floor":10},{"not_picked":["Soda","Horn","CherryBlossom"],"picked":"SKIP","floor":11},{"not_picked":["Time Bomb","Rip and Tear"],"picked":"BloodyDesire","floor":13},{"not_picked":["Seek+1","MostiFishMod:Culaccino+1"],"picked":"GoldRush+1","floor":16},{"not_picked":["Coolheaded","Lantern"],"picked":"Reinforced Body+1","floor":18},{"not_picked":["Noise+1","Cold Snap","Steam+1"],"picked":"SKIP","floor":19},{"not_picked":["WristCuter","Cancel+1"],"picked":"Regret_ego+1","floor":20},{"not_picked":["Noise","FourthMatchFlame","Loneliness"],"picked":"SKIP","floor":22},{"not_picked":["Sweeping Beam","AT_HeatAcrobatics+1","MostiFishMod:PushDownKick+1"],"picked":"SKIP","floor":24},{"not_picked":["Double Energy","AT_WarpDrive+1","Ball Lightning"],"picked":"Singing Bowl","floor":28},{"not_picked":["Redo","Pinks+1","Beam Cell"],"picked":"Singing Bowl","floor":29},{"not_picked":["WristCuter","ReplaySort","Wingbeat+1"],"picked":"Singing Bowl","floor":31},{"not_picked":["TheSmile+1","Creative AI+1"],"picked":"Seek+1","floor":33}],"player_experience":722568,"relics_obtained":[{"floor":1,"key":"SynthV:TestCard"},{"floor":1,"key":"LetterFromLob"},{"floor":3,"key":"LetterFromLob"},{"floor":7,"key":"Eternal Feather"},{"floor":7,"key":"AT_Manta"},{"floor":9,"key":"SharpPlug"},{"floor":10,"key":"Ice Cream"},{"floor":10,"key":"Mummified Hand"},{"floor":11,"key":"Smiling Mask"},{"floor":13,"key":"testmod-OneHitWonder"},{"floor":16,"key":"Unceasing Top"},{"floor":18,"key":"Oddly Smooth Stone"},{"floor":19,"key":"testmod-Maize"},{"floor":20,"key":"Pen Nib"},{"floor":22,"key":"testmod-ConstraintPeriapt"},{"floor":24,"key":"testmod-BouquetWithThorns"},{"floor":26,"key":"HornCleat"},{"floor":28,"key":"Singing Bowl"},{"floor":29,"key":"Shuriken"},{"floor":31,"key":"ImprovedEquipment"},{"floor":33,"key":"Bag of Preparation"}],"event_choices":[{"damage_healed":0,"gold_gain":0,"player_choice":"Got Potions","damage_taken":0,"max_hp_gain":0,"max_hp_loss":0,"event_name":"Lab","floor":30,"gold_loss":0}],"is_beta":false,"boss_relics":[{"not_picked":["Empty Cage","ChewingGum"],"picked":"testmod-TimeTraveler"},{"not_picked":["aspiration:PoetsPen_weak","SacredBark"],"picked":"PatriotShield"}],"items_purged_floors":[2,2,5,14,14,15],"is_endless":false,"potions_floor_spawned":[1,3,4,7,10,11,13,16,18,19,20,21,22,24,28,29,31,33],"killed_by":"3 Darklings","ascension_level":5}}