{"host":"jggt5i9rbuoqvque","time":1610584366,"event":{"mods":["BaseMod","Colored Map","Minty Spire (QoL Compilation)","StSLib"],"gold_per_floor":[20,33,51,51,71,71,103,103,103,114,189,189,189,201,201,306,306,320,340,354,354,354,354],"floor_reached":22,"language":"KOR","playtime":676,"items_purged":[],"score":298,"play_id":"54233db3-1912-43cd-a986-8d1b24d29906","local_time":"20210114093246","is_ascension_mode":true,"campfire_choices":[{"data":"Storm of Steel","floor":6.0,"key":"SMITH"},{"floor":12.0,"key":"REST"},{"data":"Neutralize","floor":15.0,"key":"SMITH"}],"circlet_count":0,"master_deck":["Strike_G","Strike_G+1","Strike_G","Defend_G","Defend_G","Defend_G+1","Defend_G","Survivor","Neutralize+1","Storm of Steel+1","Terror","Backflip","Blade Dance","Infinite Blades","A Thousand Cuts","PiercingWail","Acrobatics","Prepared+1"],"relics":["Ring of the Snake","Bag of Marbles","Ancient Tea Set","Empty Cage"],"acts_visited":["Exordium","TheCity"],"potions_floor_usage":[],"damage_taken":[{"damage":0.0,"enemies":"Small Slimes","floor":1.0,"turns":3.0},{"damage":0.0,"enemies":"2 Louse","floor":2.0,"turns":3.0},{"damage":2.0,"enemies":"Jaw Worm","floor":3.0,"turns":3.0},{"damage":1.0,"enemies":"Large Slime","floor":5.0,"turns":7.0},{"damage":15.0,"enemies":"3 Sentries","floor":7.0,"turns":7.0},{"damage":0.0,"enemies":"Gremlin Gang","floor":10.0,"turns":1.0},{"damage":0.0,"enemies":"3 Louse","floor":14.0,"turns":1.0},{"damage":0.0,"enemies":"Hexaghost","floor":16.0,"turns":7.0},{"damage":4.0,"enemies":"Shell Parasite","floor":18.0,"turns":3.0},{"damage":9.0,"enemies":"Chosen","floor":19.0,"turns":4.0},{"damage":14,"enemies":"3 Cultists","floor":20,"turns":5},{"damage":42,"enemies":"Sentry and Sphere","floor":22,"turns":5}],"seed_played":"7080891468686245884","potions_obtained":[{"floor":2.0,"key":"FearPotion"},{"floor":5.0,"key":"LiquidBronze"},{"floor":7.0,"key":"Explosive Potion"},{"floor":16.0,"key":"Block Potion"}],"is_trial":false,"path_per_floor":["M","M","M","?","M","R","E","?","T","M","?","R","?","M","R","B",null,"M","M","M","?","M"],"character_chosen":"THE_SILENT","items_purchased":[],"campfire_rested":1,"item_purchase_floors":[],"current_hp_per_floor":[70,70,68,68,67,67,52,38,38,38,27,48,48,48,48,48,65,61,52,38,38,0,0],"gold":354,"neow_bonus":"THREE_RARE_CARDS","is_daily":false,"chose_seed":false,"campfire_upgraded":2,"win_rate":0.0,"timestamp":1610584366,"path_taken":["M","M","M","?","M","R","E","?","T","M","?","R","?","M","R","BOSS","M","M","?","?","M"],"items_purchased_type":[],"build_version":"2020-12-22","purchased_purges":0,"victory":false,"max_hp_per_floor":[70,70,70,70,70,70,70,70,70,70,70,70,70,70,70,70,70,70,70,70,70,70,70],"card_choices":[{"not_picked":["Burst","Corpse Explosion"],"picked":"Storm of Steel","floor":0.0},{"not_picked":["Sucker Punch","Eviscerate","Skewer"],"picked":"SKIP","floor":1.0},{"not_picked":["Dagger Spray","Cloak And Dagger"],"picked":"Terror","floor":2.0},{"not_picked":["Prepared","Dodge and Roll"],"picked":"Backflip","floor":3.0},{"not_picked":["Dagger Spray","Dagger Throw"],"picked":"Blade Dance","floor":5.0},{"not_picked":["Bane","Wraith Form v2","Dagger Throw"],"picked":"SKIP","floor":7.0},{"not_picked":["Prepared","Slice","Expertise"],"picked":"SKIP","floor":10.0},{"not_picked":["Leg Sweep","Concentrate"],"picked":"Infinite Blades","floor":14.0},{"not_picked":["Grand Finale","Bullet Time"],"picked":"A Thousand Cuts","floor":16.0},{"not_picked":["Crippling Poison","Distraction"],"picked":"PiercingWail","floor":18.0},{"not_picked":["Dagger Spray","Prepared+1"],"picked":"Acrobatics","floor":19.0},{"not_picked":["PiercingWail","Dagger Throw+1"],"picked":"Prepared+1","floor":20}],"player_experience":333493,"relics_obtained":[{"floor":7.0,"key":"Bag of Marbles"},{"floor":9.0,"key":"Ancient Tea Set"}],"event_choices":[{"damage_healed":0.0,"max_hp_gain":0.0,"max_hp_loss":0.0,"gold_gain":0.0,"event_name":"Liars Game","player_choice":"Ignored","floor":4.0,"gold_loss":0.0,"damage_taken":0.0},{"damage_healed":0.0,"max_hp_gain":0.0,"max_hp_loss":0.0,"gold_gain":0.0,"event_name":"Shining Light","player_choice":"Entered Light","floor":8.0,"gold_loss":0.0,"damage_taken":14.0,"cards_upgraded":["Defend_G","Strike_G"]},{"damage_healed":0.0,"max_hp_gain":0.0,"max_hp_loss":0.0,"gold_gain":75.0,"event_name":"World of Goop","player_choice":"Gather Gold","floor":11.0,"gold_loss":0.0,"damage_taken":11.0},{"damage_healed":0.0,"max_hp_gain":0.0,"max_hp_loss":0.0,"gold_gain":0.0,"event_name":"The Woman in Blue","player_choice":"Bought 0 Potions","floor":13.0,"gold_loss":0.0,"damage_taken":0.0},{"cards_removed":["Strike_G"],"damage_healed":0,"gold_gain":0,"player_choice":"Elegance","damage_taken":0,"max_hp_gain":0,"max_hp_loss":0,"event_name":"Back to Basics","floor":21,"gold_loss":0}],"is_beta":false,"boss_relics":[{"not_picked":["Tiny House","Ectoplasm"],"picked":"Empty Cage"}],"items_purged_floors":[],"is_endless":false,"potions_floor_spawned":[2,5,7,16],"killed_by":"Sentry and Sphere","ascension_level":5}}