{"host":"tw7a6rmo9h75ssrt","time":1610616926,"event":{"mods":["AchievementEnabler","Act Like it!","BaseMod","Better Debug","Colored Map","Dark Map","Highlight Path","Minty Spire (QoL Compilation)","Quick Restart","StSLib","SuperFastMode"],"gold_per_floor":[115,115,129,54,79,106,6,6,30,60,78,95,170,180,180,180,180],"floor_reached":16,"language":"ZHS","playtime":261,"items_purged":["Strike_R","Strike_R"],"score":150,"play_id":"e1de8f05-e42f-4ef4-a4ab-09d2ddefa3cc","local_time":"20210114173526","is_ascension_mode":true,"campfire_choices":[{"data":"True Grit","floor":8.0,"key":"SMITH"},{"data":"Sentinel","floor":15,"key":"SMITH"}],"circlet_count":0,"master_deck":["Strike_R","Strike_R","Strike_R","Defend_R","Defend_R","Defend_R","Defend_R","Bash","True Grit+1","Sentinel+1"],"relics":["Burning Blood","NeowsBlessing","Nunchaku","Eternal Feather","Blood Vial","Lantern"],"acts_visited":["Exordium"],"potions_floor_usage":[],"damage_taken":[{"damage":0.0,"enemies":"Small Slimes","floor":1.0,"turns":1.0},{"damage":0.0,"enemies":"Cultist","floor":3.0,"turns":1.0},{"damage":0.0,"enemies":"Lagavulin","floor":6.0,"turns":1.0},{"damage":3.0,"enemies":"Jaw Worm","floor":11.0,"turns":3.0},{"damage":13,"enemies":"Exordium Wildlife","floor":12,"turns":6},{"damage":3,"enemies":"Blue Slaver","floor":14,"turns":4},{"damage":25,"enemies":"Slime Boss","floor":16,"turns":6}],"seed_played":"4246387299600078009","potions_obtained":[{"floor":6.0,"key":"Ancient Potion"},{"floor":14,"key":"ElixirPotion"}],"is_trial":false,"path_per_floor":["M","?","M","$","T","E","$","R","T","?","M","M","?","M","R","B"],"character_chosen":"IRONCLAD","items_purchased":[],"campfire_rested":0,"item_purchase_floors":[],"current_hp_per_floor":[80,80,80,80,80,80,80,80,80,80,80,73,62,67,73,50,50],"gold":180,"neow_bonus":"THREE_ENEMY_KILL","is_daily":false,"chose_seed":false,"campfire_upgraded":2,"win_rate":0.0,"timestamp":1610616926,"path_taken":["M","?","M","$","?","E","$","R","T","?","?","M","?","M","R","BOSS"],"items_purchased_type":[],"build_version":"2020-12-22","purchased_purges":2,"victory":false,"max_hp_per_floor":[80,80,80,80,80,80,80,80,80,80,80,80,80,80,80,80,80],"card_choices":[{"not_picked":["Headbutt","Reckless Charge","Twin Strike"],"picked":"SKIP","floor":1.0},{"not_picked":["Wild Strike","Sword Boomerang"],"picked":"True Grit","floor":3.0},{"not_picked":["Thunderclap","Heavy Blade","Hemokinesis"],"picked":"SKIP","floor":6.0},{"not_picked":["Perfected Strike","Hemokinesis","Heavy Blade"],"picked":"SKIP","floor":11.0},{"not_picked":["Warcry","Wild Strike"],"picked":"Sentinel","floor":12},{"not_picked":["Warcry","Pommel Strike","Flex"],"picked":"SKIP","floor":14}],"player_experience":19520,"relics_obtained":[{"floor":5.0,"key":"Nunchaku"},{"floor":6.0,"key":"Eternal Feather"},{"floor":9.0,"key":"Blood Vial"}],"event_choices":[{"damage_healed":0.0,"max_hp_gain":0.0,"max_hp_loss":0.0,"gold_gain":0.0,"event_name":"The Woman in Blue","player_choice":"Bought 0 Potions","floor":2.0,"gold_loss":0.0,"damage_taken":0.0},{"damage_healed":0.0,"max_hp_gain":0.0,"max_hp_loss":0.0,"gold_gain":30.0,"event_name":"Dead Adventurer","player_choice":"Searched \u00272\u0027 times","floor":10.0,"gold_loss":0.0,"damage_taken":0.0,"relics_obtained":["Lantern"]},{"damage_healed":0,"gold_gain":75,"player_choice":"Gather Gold","damage_taken":11,"max_hp_gain":0,"max_hp_loss":0,"event_name":"World of Goop","floor":13,"gold_loss":0}],"is_beta":false,"boss_relics":[],"items_purged_floors":[4,7],"is_endless":false,"potions_floor_spawned":[6,14],"killed_by":"Slime Boss","ascension_level":4}}