{"host":"zekcc3vicrep0och","time":1610629902,"event":{"mods":["AchievementEnabler","BaseMod","Colored Map","Colored Powertips","Displayed Cursed Tome","Highlight Path","Minty Spire (QoL Compilation)","Quick Restart","Relic Stats","StSLib","The Cursed"],"gold_per_floor":[109,125,144,144,157,157,184,184,239,239,239],"floor_reached":10,"language":"ENG","playtime":303,"items_purged":[],"score":133,"play_id":"2631e754-848f-4bdd-a4db-1217fafd5024","local_time":"20210114161142","is_ascension_mode":true,"campfire_choices":[{"data":"Armaments","floor":6.0,"key":"SMITH"},{"data":"Barricade","floor":8.0,"key":"SMITH"}],"circlet_count":0,"master_deck":["AscendersBane","Strike_R","Strike_R","Strike_R","Strike_R","Strike_R","Defend_R","Defend_R","Defend_R","Defend_R","Bash","Perfected Strike","Headbutt","Armaments+1","Flame Barrier","Barricade+1"],"relics":["Burning Blood","Gremlin Horn","Boot"],"acts_visited":["Exordium"],"potions_floor_usage":[],"damage_taken":[{"damage":2.0,"enemies":"Cultist","floor":1.0,"turns":4.0},{"damage":9.0,"enemies":"Jaw Worm","floor":2.0,"turns":3.0},{"damage":2.0,"enemies":"2 Louse","floor":3.0,"turns":3.0},{"damage":2.0,"enemies":"2 Fungi Beasts","floor":5.0,"turns":3.0},{"damage":38.0,"enemies":"Lagavulin","floor":7.0,"turns":8.0},{"damage":44,"enemies":"3 Sentries","floor":10,"turns":9}],"seed_played":"4496391228758594916","potions_obtained":[{"floor":3.0,"key":"Block Potion"},{"floor":5.0,"key":"ElixirPotion"}],"is_trial":false,"path_per_floor":["M","M","M","?","M","R","E","R","T","E"],"character_chosen":"IRONCLAD","items_purchased":[],"campfire_rested":0,"item_purchase_floors":[],"current_hp_per_floor":[68,65,69,69,73,73,41,41,41,0,0],"gold":239,"neow_bonus":"TWENTY_PERCENT_HP_BONUS","is_daily":false,"chose_seed":false,"campfire_upgraded":2,"win_rate":0.0,"timestamp":1610629902,"path_taken":["M","?","M","?","M","R","E","R","T","E"],"items_purchased_type":[],"build_version":"2020-12-22","purchased_purges":0,"victory":false,"max_hp_per_floor":[89,89,89,89,89,89,89,89,89,89,89],"relic_stats":{"Gremlin Horn":[1,1],"counters":[6,30],"Boot":[0],"obtain_stats":[{"Gremlin Horn":7,"Boot":9,"Burning Blood":0},{"Gremlin Horn":5,"Boot":5,"Burning Blood":0},{"Gremlin Horn":21,"Boot":21,"Burning Blood":0}],"Burning Blood":30},"card_choices":[{"not_picked":["Dual Wield","Body Slam"],"picked":"Perfected Strike","floor":1.0},{"not_picked":["Body Slam","Burning Pact"],"picked":"Headbutt","floor":2.0},{"not_picked":["Dark Embrace","Battle Trance"],"picked":"Armaments","floor":3.0},{"not_picked":["Seeing Red","Heavy Blade"],"picked":"Flame Barrier","floor":5.0},{"not_picked":["Flex","Metallicize"],"picked":"Barricade","floor":7.0}],"player_experience":528772,"relics_obtained":[{"floor":7.0,"key":"Gremlin Horn"},{"floor":9.0,"key":"Boot"}],"event_choices":[{"damage_healed":0.0,"max_hp_gain":0.0,"max_hp_loss":0.0,"gold_gain":0.0,"event_name":"The Cleric","player_choice":"Leave","floor":4.0,"gold_loss":0.0,"damage_taken":0.0}],"is_beta":false,"boss_relics":[],"items_purged_floors":[],"is_endless":false,"potions_floor_spawned":[3,5],"killed_by":"3 Sentries","ascension_level":19}}