{"host":"w3q5ijqu8eoknil3","time":1610667233,"event":{"mods":["AchievementEnabler","BaseMod","Block Reminder","Colored Powertips","Curses Come First","Minty Spire (QoL Compilation)","Quick Restart","Relic Stats","StSLib","ojb\u0027s Better Paths Mod","ojb\u0027s Info Mod","slay the spire mod where everything is the same but ironclad has a cowboy hat"],"gold_per_floor":[113,113,113,51,62,96,96,124,124,157,168,180,196,226,226,297,297,274,16,16,33,52,77,77,93,118,118,147,160,160,85,85,85,85],"floor_reached":33,"language":"ENG","playtime":1349,"items_purged":[],"score":697,"play_id":"16121aa3-76ed-4065-a322-7e19753d2f64","local_time":"20210114233353","is_ascension_mode":true,"campfire_choices":[{"floor":7,"key":"REST"},{"floor":15,"key":"REST"},{"data":"Adrenaline","floor":24,"key":"SMITH"},{"data":"Underhanded Strike","floor":27,"key":"SMITH"},{"data":"Poisoned Stab","floor":32,"key":"SMITH"}],"circlet_count":0,"master_deck":["AscendersBane","Strike_G+1","Strike_G","Strike_G","Strike_G","Defend_G","Defend_G","Defend_G","Defend_G","Defend_G","Survivor+1","Neutralize","Acrobatics","Poisoned Stab+1","Underhanded Strike+1","Catalyst","Bullet Time","Acrobatics","Venomology","Dagger Throw","Adrenaline+1","PiercingWail+1","Panacea","Calculated Gamble","Skewer","After Image","Bouncing Flask","Choke+1"],"relics":["Ring of the Snake","NeowsBlessing","Du-Vu Doll","Toy Ornithopter","StrikeDummy","Strawberry","Torii","Orichalcum","Ornamental Fan","Coffee Dripper","Bag of Marbles","Nunchaku","Vajra","Bronze Scales"],"acts_visited":["Exordium","TheCity"],"potions_floor_usage":[8,13,16,16,21,23,23,23,25,30,30,33],"damage_taken":[{"damage":0,"enemies":"Cultist","floor":1,"turns":1},{"damage":0,"enemies":"2 Louse","floor":5,"turns":1},{"damage":0,"enemies":"3 Sentries","floor":6,"turns":1},{"damage":4,"enemies":"Lagavulin","floor":8,"turns":7},{"damage":34,"enemies":"Gremlin Nob","floor":10,"turns":4},{"damage":0,"enemies":"Jaw Worm","floor":11,"turns":4},{"damage":0,"enemies":"Blue Slaver","floor":12,"turns":2},{"damage":0,"enemies":"Large Slime","floor":13,"turns":3},{"damage":3,"enemies":"3 Sentries","floor":14,"turns":8},{"damage":23,"enemies":"The Guardian","floor":16,"turns":16},{"damage":1,"enemies":"2 Thieves","floor":18,"turns":4},{"damage":7,"enemies":"Spheric Guardian","floor":21,"turns":4},{"damage":0,"enemies":"Snecko","floor":22,"turns":3},{"damage":43,"enemies":"Book of Stabbing","floor":23,"turns":6},{"damage":0,"enemies":"Snake Plant","floor":25,"turns":3},{"damage":0,"enemies":"Gremlin Leader","floor":28,"turns":6},{"damage":7,"enemies":"Centurion and Healer","floor":29,"turns":3},{"damage":17,"enemies":"Snecko","floor":30,"turns":4},{"damage":48,"enemies":"Collector","floor":33,"turns":5}],"seed_played":"-2715539426697064883","potions_obtained":[{"floor":5,"key":"DistilledChaos"},{"floor":10,"key":"DistilledChaos"},{"floor":22,"key":"EssenceOfSteel"},{"floor":29,"key":"SmokeBomb"}],"is_trial":false,"path_per_floor":["M","?","?","?","M","E","R","E","T","E","M","M","M","E","R","B",null,"M","$","?","M","M","E","R","M","T","R","E","M","M","?","R","B"],"character_chosen":"THE_SILENT","items_purchased":["Bag of Marbles","Panacea"],"campfire_rested":2,"item_purchase_floors":[19,19],"current_hp_per_floor":[59,41,21,21,21,21,40,48,48,14,14,14,19,16,37,24,61,60,60,60,58,58,30,30,35,35,35,35,28,21,21,21,0,0],"gold":85,"neow_bonus":"THREE_ENEMY_KILL","is_daily":false,"chose_seed":false,"campfire_upgraded":3,"win_rate":0.0,"timestamp":1610667233,"path_taken":["M","?","?","?","M","E","R","E","T","E","M","M","?","E","R","BOSS","M","$","?","M","M","E","R","M","T","R","E","M","M","?","R","BOSS"],"items_purchased_type":["Relic","Card"],"build_version":"2020-12-22","purchased_purges":0,"victory":false,"max_hp_per_floor":[66,66,66,66,66,66,66,73,73,73,73,73,73,73,73,73,73,73,73,73,73,73,73,73,73,73,73,73,73,73,73,73,73,73],"relic_stats":{"Nunchaku":[5],"Torii":31,"counters":[19,85],"Ornamental Fan":[88],"Bronze Scales":[21],"Orichalcum":[126],"obtain_stats":[{"NeowsBlessing":0,"Torii":9,"Vajra":26,"Orichalcum":10,"Du-Vu Doll":2,"Nunchaku":23,"Ornamental Fan":14,"Strawberry":8,"Bronze Scales":28,"Coffee Dripper":17,"Bag of Marbles":19,"StrikeDummy":6,"Toy Ornithopter":4,"Ring of the Snake":0},{"NeowsBlessing":0,"Torii":4,"Vajra":15,"Orichalcum":5,"Du-Vu Doll":1,"Nunchaku":14,"Ornamental Fan":9,"Strawberry":4,"Bronze Scales":16,"Coffee Dripper":10,"Bag of Marbles":11,"StrikeDummy":3,"Toy Ornithopter":1,"Ring of the Snake":0},{"NeowsBlessing":0,"Torii":10,"Vajra":67,"Orichalcum":14,"Du-Vu Doll":1,"Nunchaku":64,"Ornamental Fan":31,"Strawberry":10,"Bronze Scales":73,"Coffee Dripper":47,"Bag of Marbles":51,"StrikeDummy":3,"Toy Ornithopter":1,"Ring of the Snake":0}],"Toy Ornithopter":60,"Ring of the Snake":[38]},"card_choices":[{"not_picked":["Cloak And Dagger","Deflect"],"picked":"Acrobatics","floor":1},{"not_picked":["Noxious Fumes","Dagger Throw"],"picked":"Poisoned Stab","floor":5},{"not_picked":["Outmaneuver","Poisoned Stab"],"picked":"Underhanded Strike","floor":6},{"not_picked":["Riddle With Holes","Prepared"],"picked":"Catalyst","floor":8},{"not_picked":["Dash","Deadly Poison"],"picked":"Bullet Time","floor":10},{"not_picked":["Quick Slash","Setup"],"picked":"Acrobatics","floor":11},{"not_picked":["Cloak And Dagger","Deflect","Underhanded Strike"],"picked":"SKIP","floor":12},{"not_picked":["Cloak And Dagger","Backstab"],"picked":"Venomology","floor":13},{"not_picked":["Concentrate","Deflect"],"picked":"Dagger Throw","floor":14},{"not_picked":["A Thousand Cuts","Die Die Die"],"picked":"Adrenaline","floor":16},{"not_picked":["Acrobatics","Distraction"],"picked":"PiercingWail+1","floor":18},{"not_picked":["Dodge and Roll","Sucker Punch","Bane"],"picked":"SKIP","floor":21},{"not_picked":["Quick Slash","Underhanded Strike","Infinite Blades"],"picked":"SKIP","floor":22},{"not_picked":["Dodge and Roll+1","Poisoned Stab"],"picked":"Skewer","floor":23},{"not_picked":["Dagger Spray","Blade Dance"],"picked":"After Image","floor":25},{"not_picked":["Blade Dance+1","Dagger Throw"],"picked":"Bouncing Flask","floor":28},{"not_picked":["Slice","Outmaneuver"],"picked":"Choke+1","floor":29}],"player_experience":976501,"relics_obtained":[{"floor":6,"key":"StrikeDummy"},{"floor":8,"key":"Strawberry"},{"floor":9,"key":"Torii"},{"floor":10,"key":"Orichalcum"},{"floor":14,"key":"Ornamental Fan"},{"floor":23,"key":"Nunchaku"},{"floor":26,"key":"Vajra"},{"floor":28,"key":"Bronze Scales"}],"event_choices":[{"damage_healed":0,"gold_gain":0,"player_choice":"Success","damage_taken":18,"relics_obtained":["Du-Vu Doll"],"max_hp_gain":0,"max_hp_loss":0,"event_name":"Scrap Ooze","floor":2,"gold_loss":0},{"damage_healed":0,"gold_gain":0,"player_choice":"Entered Light","damage_taken":20,"max_hp_gain":0,"max_hp_loss":0,"event_name":"Shining Light","floor":3,"gold_loss":0,"cards_upgraded":["Survivor","Strike_G"]},{"damage_healed":0,"gold_gain":0,"player_choice":"Paid Gold","damage_taken":0,"relics_obtained":["Toy Ornithopter"],"max_hp_gain":0,"max_hp_loss":0,"event_name":"WeMeetAgain","floor":4,"gold_loss":62},{"damage_healed":0,"gold_gain":0,"player_choice":"Read","damage_taken":0,"max_hp_gain":0,"max_hp_loss":0,"event_name":"The Library","floor":20,"gold_loss":0,"cards_obtained":["Calculated Gamble"]},{"cards_removed":["Strike_G"],"damage_healed":0,"gold_gain":0,"player_choice":"Gave Gold","damage_taken":0,"max_hp_gain":0,"max_hp_loss":0,"event_name":"Beggar","floor":31,"gold_loss":75}],"is_beta":false,"boss_relics":[{"not_picked":["Busted Crown","Astrolabe"],"picked":"Coffee Dripper"}],"items_purged_floors":[],"is_endless":false,"potions_floor_spawned":[5,10,22,29,30],"killed_by":"Collector","ascension_level":18}}