{"host":"Rich","time":1610661432,"event":{"mods":["AchievementEnabler","BaseMod","Highlight Path","Minty Spire (QoL Compilation)","Relic Stats"],"gold_per_floor":[366,90,102,102,112,145,165,165,165],"floor_reached":8,"language":"ENG","playtime":323,"items_purged":["Strike_G"],"score":116,"play_id":"1b703fbd-5b57-45fa-a699-d804e6a5505d","local_time":"20210114165712","is_ascension_mode":true,"campfire_choices":[],"circlet_count":0,"master_deck":["AscendersBane","Strike_G","Strike_G","Strike_G","Strike_G","Defend_G","Defend_G","Defend_G","Defend_G","Defend_G","Survivor","Neutralize","Bouncing Flask","Noxious Fumes","Adrenaline","Die Die Die","Backflip","Catalyst","Deadly Poison"],"relics":["Ring of the Snake","Strawberry"],"acts_visited":["Exordium"],"potions_floor_usage":[6,6],"damage_taken":[{"damage":24,"enemies":"Cultist","floor":1,"turns":7},{"damage":7,"enemies":"2 Louse","floor":3,"turns":4},{"damage":9,"enemies":"Jaw Worm","floor":5,"turns":5},{"damage":15,"enemies":"Lagavulin","floor":6,"turns":7},{"damage":4,"enemies":"Red Slaver","floor":7,"turns":4},{"damage":30,"enemies":"3 Sentries","floor":8,"turns":4}],"seed_played":"-3078337392832303424","potions_obtained":[{"floor":1,"key":"Regen Potion"},{"floor":5,"key":"Energy Potion"},{"floor":7,"key":"FearPotion"}],"is_trial":false,"path_per_floor":["M","$","M","?","M","E","M","E"],"character_chosen":"THE_SILENT","items_purchased":["Noxious Fumes","Adrenaline"],"campfire_rested":0,"item_purchase_floors":[2,2],"current_hp_per_floor":[35,35,28,28,19,26,22,0,0],"gold":165,"neow_bonus":"TWO_FIFTY_GOLD","is_daily":false,"chose_seed":false,"campfire_upgraded":0,"win_rate":0.0,"timestamp":1610661432,"path_taken":["M","$","M","?","?","E","M","E"],"items_purchased_type":["Card","Card"],"build_version":"2020-12-18","purchased_purges":1,"victory":false,"max_hp_per_floor":[60,60,60,60,60,67,67,67,67],"relic_stats":{"counters":[6,31],"obtain_stats":[{"Strawberry":6,"Ring of the Snake":0},{"Strawberry":4,"Ring of the Snake":0},{"Strawberry":23,"Ring of the Snake":0}],"Ring of the Snake":[12]},"card_choices":[{"not_picked":["Blade Dance","Backstab"],"picked":"Bouncing Flask","floor":1},{"not_picked":["Riddle With Holes","Choke","Blade Dance"],"picked":"SKIP","floor":3},{"not_picked":["Blur","Heel Hook"],"picked":"Backflip","floor":5},{"not_picked":["After Image","Backstab"],"picked":"Catalyst","floor":6},{"not_picked":["Dodge and Roll","Flying Knee"],"picked":"Deadly Poison","floor":7}],"player_experience":1986664,"relics_obtained":[{"floor":6,"key":"Strawberry"}],"event_choices":[{"damage_healed":0,"gold_gain":0,"player_choice":"1 cards matched","damage_taken":0,"max_hp_gain":0,"max_hp_loss":0,"event_name":"Match and Keep!","floor":4,"gold_loss":0,"cards_obtained":["Die Die Die"]}],"is_beta":true,"boss_relics":[],"items_purged_floors":[2],"is_endless":false,"potions_floor_spawned":[1,5,7],"killed_by":"3 Sentries","ascension_level":20}}