{"host":"t7mx8yfj1no5p62f","time":1610590307,"event":{"mods":["BaseMod","Bestiary","Colored Map","Colored Powertips","Minty Spire (QoL Compilation)","Relic Stats","StSLib","ojb\u0027s Info Mod"],"gold_per_floor":[111,131,131,131,145,145,62,95,95,123,139,171,184,164,164,236,236,246,256,268,288,288,288,323,323,323,5,39,39,65,78,78,153,153,169,169,188,207,218,244,244,244,268,60,95,115,142,154,154,154,154],"floor_reached":50,"language":"ENG","playtime":2262,"items_purged":["Strike_G+1","Pain"],"score":1334,"play_id":"9a724388-a781-4026-837b-fee8fecc8cd7","local_time":"20210113211147","is_ascension_mode":true,"campfire_choices":[{"data":"Quick Slash","floor":6.0,"key":"SMITH"},{"data":"Bouncing Flask","floor":15.0,"key":"SMITH"},{"data":"Crippling Poison","floor":23.0,"key":"SMITH"},{"data":"Dash","floor":25.0,"key":"SMITH"},{"data":"Catalyst","floor":32.0,"key":"SMITH"},{"data":"Tools of the Trade","floor":41,"key":"SMITH"},{"floor":49,"key":"RECALL"}],"circlet_count":0,"master_deck":["AscendersBane","Defend_G+1","Defend_G+1","Defend_G+1","Defend_G+1","Survivor","Neutralize","Leg Sweep","Dagger Spray+1","Quick Slash+1","Bouncing Flask+1","Noxious Fumes","Tools of the Trade+1","Dash+1","Adrenaline","Noxious Fumes+1","PiercingWail+1","Crippling Poison+1","Catalyst+1","Storm of Steel+1","Infinite Blades+1","Unload+1","Venomology"],"relics":["Ring of the Snake","Pocketwatch","The Specimen","PreservedInsect","MealTicket","Coffee Dripper","Unceasing Top","Gremlin Horn","ClockworkSouvenir","Toy Ornithopter","Art of War","Astrolabe","WarpedTongs","Pear","InkBottle","Strawberry"],"acts_visited":["Exordium","TheCity","TheBeyond"],"potions_floor_usage":[38,39,40,45,47,48,50,50],"damage_taken":[{"damage":2.0,"enemies":"Small Slimes","floor":1.0,"turns":3.0},{"damage":0.0,"enemies":"2 Louse","floor":2.0,"turns":2.0},{"damage":0.0,"enemies":"Jaw Worm","floor":5.0,"turns":4.0},{"damage":6.0,"enemies":"Gremlin Nob","floor":8.0,"turns":3.0},{"damage":14.0,"enemies":"Lagavulin","floor":10.0,"turns":8.0},{"damage":2.0,"enemies":"Exordium Wildlife","floor":11.0,"turns":5.0},{"damage":2.0,"enemies":"3 Sentries","floor":12.0,"turns":4.0},{"damage":0.0,"enemies":"Large Slime","floor":13.0,"turns":5.0},{"damage":0.0,"enemies":"Slime Boss","floor":16.0,"turns":5.0},{"damage":7.0,"enemies":"2 Thieves","floor":18.0,"turns":4.0},{"damage":7.0,"enemies":"Chosen","floor":19.0,"turns":4.0},{"damage":10.0,"enemies":"3 Cultists","floor":20.0,"turns":4.0},{"damage":0.0,"enemies":"Sentry and Sphere","floor":21.0,"turns":3.0},{"damage":17.0,"enemies":"Book of Stabbing","floor":24.0,"turns":4.0},{"damage":15.0,"enemies":"Slavers","floor":28.0,"turns":3.0},{"damage":2.0,"enemies":"Snake Plant","floor":31.0,"turns":4.0},{"damage":11.0,"enemies":"Champ","floor":33.0,"turns":8.0},{"damage":0,"enemies":"3 Darklings","floor":35,"turns":6},{"damage":0,"enemies":"3 Shapes","floor":37,"turns":4},{"damage":2,"enemies":"3 Darklings","floor":38,"turns":4},{"damage":6,"enemies":"4 Shapes","floor":39,"turns":4},{"damage":50,"enemies":"Giant Head","floor":40,"turns":7},{"damage":1,"enemies":"Nemesis","floor":45,"turns":7},{"damage":13,"enemies":"Transient","floor":46,"turns":6},{"damage":14,"enemies":"Giant Head","floor":47,"turns":6},{"damage":3,"enemies":"Sphere and 2 Shapes","floor":48,"turns":5},{"damage":30,"enemies":"Time Eater","floor":50,"turns":7}],"seed_played":"7619157107122582423","potions_obtained":[{"floor":2.0,"key":"SneckoOil"},{"floor":5.0,"key":"GamblersBrew"},{"floor":8.0,"key":"PowerPotion"},{"floor":14.0,"key":"CultistPotion"},{"floor":18.0,"key":"LiquidMemories"},{"floor":20.0,"key":"LiquidMemories"},{"floor":28.0,"key":"Swift Potion"},{"floor":38,"key":"EssenceOfSteel"},{"floor":45,"key":"BlessingOfTheForge"},{"floor":47,"key":"DuplicationPotion"}],"is_trial":false,"path_per_floor":["M","M","?","?","M","R","$","E","T","E","M","E","M","?","R","B",null,"M","M","M","M","?","R","E","R","T","$","E","$","T","M","R","B",null,"M","?","M","M","M","E","R","?","T","$","E","M","E","M","R","B"],"character_chosen":"THE_SILENT","items_purchased":["Masterful Stab","Catalyst","ClockworkSouvenir","SkillPotion","Poison Potion"],"campfire_rested":0,"item_purchase_floors":[7,27,27,44,44],"current_hp_per_floor":[57,57,39,32,32,32,32,26,26,12,10,8,8,8,8,8,47,40,33,23,23,23,23,6,6,6,21,6,21,21,19,19,8,47,47,47,47,50,49,14,14,14,14,29,33,20,18,20,20,0,0],"gold":154,"neow_bonus":"TRANSFORM_TWO_CARDS","is_daily":false,"chose_seed":false,"campfire_upgraded":6,"win_rate":0.0,"timestamp":1610590307,"path_taken":["M","M","?","?","M","R","?","E","T","E","M","E","?","?","R","BOSS","M","?","M","?","?","R","E","R","T","$","E","$","?","M","R","BOSS","M","?","M","?","M","E","R","?","T","$","E","M","E","M","R","BOSS"],"items_purchased_type":["Card","Card","Relic","Potion","Potion"],"build_version":"2020-12-22","purchased_purges":2,"victory":false,"max_hp_per_floor":[60,60,60,60,60,60,60,60,60,60,60,60,60,60,60,60,60,60,60,60,60,60,60,60,60,60,60,60,60,60,60,60,60,60,60,60,60,60,60,70,70,70,70,70,70,70,77,77,77,77,77],"relic_stats":{"Gremlin Horn":[14,14],"counters":[27,129],"Astrolabe":["Storm of Steel","Infinite Blades","Unload"],"PreservedInsect":428,"WarpedTongs":[33],"MealTicket":45,"Art of War":[28],"obtain_stats":[{"Pear":40,"The Specimen":9,"Gremlin Horn":26,"Astrolabe":34,"PreservedInsect":10,"ClockworkSouvenir":27,"WarpedTongs":36,"Strawberry":47,"MealTicket":12,"Coffee Dripper":17,"Art of War":30,"Unceasing Top":24,"Toy Ornithopter":28,"InkBottle":45,"Ring of the Snake":0,"Pocketwatch":8},{"Pear":22,"The Specimen":4,"Gremlin Horn":14,"Astrolabe":17,"PreservedInsect":5,"ClockworkSouvenir":14,"WarpedTongs":18,"Strawberry":25,"MealTicket":7,"Coffee Dripper":9,"Art of War":15,"Unceasing Top":14,"Toy Ornithopter":15,"InkBottle":23,"Ring of the Snake":0,"Pocketwatch":4},{"Pear":98,"The Specimen":12,"Gremlin Horn":58,"Astrolabe":73,"PreservedInsect":20,"ClockworkSouvenir":58,"WarpedTongs":79,"Strawberry":117,"MealTicket":29,"Coffee Dripper":39,"Art of War":61,"Unceasing Top":58,"Toy Ornithopter":61,"InkBottle":105,"Ring of the Snake":0,"Pocketwatch":12}],"Unceasing Top":[7],"Toy Ornithopter":40,"InkBottle":[8],"Ring of the Snake":[54],"Pocketwatch":[186]},"card_choices":[{"not_picked":["Cloak And Dagger","PiercingWail"],"picked":"Poisoned Stab","floor":1.0},{"not_picked":["Skewer","PiercingWail"],"picked":"Quick Slash","floor":2.0},{"not_picked":["Bane","PiercingWail","Backflip"],"picked":"SKIP","floor":5.0},{"not_picked":["Backflip","Crippling Poison"],"picked":"Bouncing Flask","floor":8.0},{"not_picked":["Acrobatics","Dagger Throw"],"picked":"Noxious Fumes","floor":10.0},{"not_picked":["Dagger Throw","Choke","Prepared"],"picked":"SKIP","floor":11.0},{"not_picked":["Concentrate","Flying Knee"],"picked":"Tools of the Trade","floor":12.0},{"not_picked":["Well Laid Plans","Quick Slash"],"picked":"Dash","floor":13.0},{"not_picked":["Envenom","Grand Finale"],"picked":"Adrenaline","floor":16.0},{"not_picked":["Acrobatics","Cloak And Dagger"],"picked":"Noxious Fumes+1","floor":18.0},{"not_picked":["Predator","Endless Agony","Cloak And Dagger"],"picked":"SKIP","floor":19.0},{"not_picked":["Heel Hook","Flying Knee"],"picked":"PiercingWail+1","floor":20.0},{"not_picked":["Setup","Tactician"],"picked":"Crippling Poison","floor":21.0},{"not_picked":["Backstab","Dagger Spray","Masterful Stab"],"picked":"SKIP","floor":24.0},{"not_picked":["Acrobatics","Deadly Poison","Infinite Blades"],"picked":"SKIP","floor":28.0},{"not_picked":["Slice","Blade Dance+1","Unload"],"picked":"SKIP","floor":31.0},{"not_picked":["Predator","Masterful Stab+1","Quick Slash"],"picked":"SKIP","floor":35},{"not_picked":["Underhanded Strike","Choke+1","Eviscerate"],"picked":"SKIP","floor":37},{"not_picked":["Predator+1","Poisoned Stab+1","Dodge and Roll+1"],"picked":"SKIP","floor":38},{"not_picked":["Accuracy","Deflect","Cloak And Dagger+1"],"picked":"SKIP","floor":39},{"not_picked":["Acrobatics+1","Deflect+1","Setup"],"picked":"SKIP","floor":40},{"not_picked":["Dagger Spray+1","Prepared","Slice"],"picked":"SKIP","floor":45},{"not_picked":["Blade Dance","Dagger Throw","Cloak And Dagger"],"picked":"SKIP","floor":46},{"not_picked":["Infinite Blades","Bane"],"picked":"Venomology","floor":47},{"not_picked":["All Out Attack","Dodge and Roll+1","Blade Dance"],"picked":"SKIP","floor":48}],"player_experience":1754648,"relics_obtained":[{"floor":8.0,"key":"Pocketwatch"},{"floor":9.0,"key":"The Specimen"},{"floor":10.0,"key":"PreservedInsect"},{"floor":12.0,"key":"MealTicket"},{"floor":24.0,"key":"Unceasing Top"},{"floor":26.0,"key":"Gremlin Horn"},{"floor":28.0,"key":"Toy Ornithopter"},{"floor":30.0,"key":"Art of War"},{"floor":40,"key":"Pear"},{"floor":45,"key":"InkBottle"},{"floor":47,"key":"Strawberry"}],"event_choices":[{"damage_healed":0.0,"max_hp_gain":0.0,"max_hp_loss":0.0,"gold_gain":0.0,"event_name":"Shining Light","player_choice":"Entered Light","floor":3.0,"gold_loss":0.0,"damage_taken":18.0,"cards_upgraded":["Dagger Spray","Defend_G"]},{"cards_removed":["Strike_G"],"damage_healed":0.0,"max_hp_gain":0.0,"max_hp_loss":0.0,"gold_gain":0.0,"event_name":"Golden Wing","player_choice":"Card Removal","floor":4.0,"gold_loss":0.0,"damage_taken":7.0},{"damage_healed":0.0,"max_hp_gain":0.0,"max_hp_loss":0.0,"gold_gain":0.0,"event_name":"The Woman in Blue","player_choice":"Bought 1 Potion","floor":14.0,"gold_loss":0.0,"damage_taken":0.0},{"damage_healed":0.0,"max_hp_gain":0.0,"max_hp_loss":0.0,"gold_gain":0.0,"event_name":"Back to Basics","player_choice":"Simplicity","floor":22.0,"gold_loss":0.0,"damage_taken":0.0,"cards_upgraded":["Strike_G","Strike_G","Strike_G","Defend_G","Defend_G","Defend_G"]},{"damage_healed":0,"gold_gain":0,"player_choice":"Rummage","damage_taken":0,"relics_obtained":["WarpedTongs"],"max_hp_gain":0,"max_hp_loss":0,"event_name":"Accursed Blacksmith","floor":36,"gold_loss":0,"cards_obtained":["Pain"]},{"cards_removed":["Poisoned Stab"],"damage_healed":0,"gold_gain":0,"player_choice":"Removed Attack","damage_taken":0,"max_hp_gain":0,"max_hp_loss":0,"event_name":"Falling","floor":42,"gold_loss":0}],"is_beta":false,"boss_relics":[{"not_picked":["Runic Pyramid","Ring of the Serpent"],"picked":"Coffee Dripper"},{"not_picked":["HoveringKite","Sozu"],"picked":"Astrolabe"}],"items_purged_floors":[27,44],"is_endless":false,"potions_floor_spawned":[2,5,8,10,18,20,28,38,45,46,47,48],"killed_by":"Time Eater","ascension_level":20}}