{"host":"9kesdg97wkrx2bva","time":1610607396,"event":{"mods":["AchievementEnabler","BaseMod","Colored Map","Downfall","GifTheSpireLib","Infinite Spire","Minty Spire (QoL Compilation)","Replay The Spire","StSLib"],"gold_per_floor":[115,115,40,40,90,119,119,148,148,148,158,158,138,63,63,137,137,157,157,170,144,144,144,144],"floor_reached":23,"language":"ENG","playtime":349,"items_purged":["Strike_B"],"score":437,"play_id":"f27bccb9-4532-4304-bba5-40a5c791a2e8","local_time":"20210114015636","is_ascension_mode":true,"campfire_choices":[{"data":"Melter","floor":7,"key":"SMITH"},{"data":"Zap","floor":10,"key":"SMITH"},{"data":"Dualcast","floor":12,"key":"SMITH"},{"data":"Strike_B","floor":15,"key":"PURGE"}],"circlet_count":0,"master_deck":["AscendersBane","Defend_B","Zap+1","Dualcast+1","Melter+1","Beam Cell","Ball Lightning","Machine Learning","Chill+1","Gash+1","Blizzard+1","Self Repair","Cold Snap"],"relics":["Cracked Core","NeowsBlessing","Singing Bowl","Quantum Egg","Counterbalance","Astrolabe","Replay:Bottled Steam"],"acts_visited":["Exordium","TheCity"],"potions_floor_usage":[16,16,23],"damage_taken":[{"damage":0,"enemies":"Jaw Worm","floor":1,"turns":1},{"damage":0,"enemies":"Gremlin Nob","floor":6,"turns":1},{"damage":0,"enemies":"Lagavulin","floor":8,"turns":1},{"damage":0,"enemies":"2 Louse","floor":11,"turns":1},{"damage":51,"enemies":"Slime Boss","floor":16,"turns":9},{"damage":26,"enemies":"Shell Parasite","floor":18,"turns":4},{"damage":0,"enemies":"3 Byrds","floor":20,"turns":3},{"damage":38,"enemies":"Book of Stabbing","floor":23,"turns":3}],"seed_played":"4561501154154917619","potions_obtained":[{"floor":1,"key":"Adrenaline Potion"},{"floor":8,"key":"sneckomod:MuddlingPotion"},{"floor":11,"key":"FearPotion"},{"floor":16,"key":"Reflective Coating"},{"floor":18,"key":"Doom Potion"},{"floor":22,"key":"sneckomod:MuddlingPotion"},{"floor":22,"key":"Energy Potion"}],"is_trial":false,"path_per_floor":["M","?","?","$","?","E","R","E","T","R","M","R","?","$","R_BF","B",null,"M","AVR","M","$","?","E"],"character_chosen":"DEFECT","items_purchased":["Cold Snap"],"campfire_rested":0,"item_purchase_floors":[21],"current_hp_per_floor":[64,64,64,64,64,64,64,64,64,64,66,66,66,66,66,15,59,35,35,35,35,35,0,0],"gold":144,"neow_bonus":"THREE_ENEMY_KILL","is_daily":false,"chose_seed":false,"campfire_upgraded":3,"win_rate":0.0,"timestamp":1610607396,"path_taken":["M","?","?","$","?","E","R","E","T","R","?","R","?","$","R_BF","BOSS","M","AVR","M","$","?","E"],"items_purchased_type":["Card"],"build_version":"2020-12-22","purchased_purges":1,"victory":false,"max_hp_per_floor":[71,71,71,71,71,71,71,71,71,71,73,73,73,73,73,73,73,75,75,75,75,75,75,75],"card_choices":[{"not_picked":["Time Bomb","Beam Cell"],"picked":"Melter","floor":1},{"not_picked":["Stack","Consume"],"picked":"Beam Cell","floor":6},{"not_picked":["BasicCrystalCard","Beam Cell"],"picked":"Ball Lightning","floor":8},{"not_picked":["Stack","Melter","Coolheaded"],"picked":"Singing Bowl","floor":11},{"not_picked":["Buffer","Mirror Shield"],"picked":"Machine Learning","floor":16},{"not_picked":["Barrage","Rebound","Blizzard"],"picked":"Singing Bowl","floor":18},{"not_picked":["Leap","Sweeping Beam"],"picked":"Self Repair","floor":20}],"player_experience":932076,"relics_obtained":[{"floor":6,"key":"Singing Bowl"},{"floor":8,"key":"Quantum Egg"},{"floor":9,"key":"Counterbalance"}],"event_choices":[{"cards_removed":["Strike_B"],"damage_healed":0,"gold_gain":0,"player_choice":"Card Removal","damage_taken":0,"max_hp_gain":0,"max_hp_loss":0,"event_name":"The Cleric","floor":3,"gold_loss":75},{"damage_healed":0,"gold_gain":50,"player_choice":"Pray","damage_taken":0,"max_hp_gain":0,"max_hp_loss":0,"event_name":"Golden Shrine","floor":5,"gold_loss":0},{"damage_healed":0,"gold_gain":0,"player_choice":"Bought 1 Potion","damage_taken":0,"max_hp_gain":0,"max_hp_loss":0,"event_name":"The Woman in Blue","floor":13,"gold_loss":0},{"damage_healed":0,"gold_gain":0,"player_choice":"Got Potions","damage_taken":0,"max_hp_gain":0,"max_hp_loss":0,"event_name":"Lab","floor":22,"gold_loss":0}],"is_beta":false,"boss_relics":[{"not_picked":["Velvet Choker","Kintsugi"],"picked":"Astrolabe"}],"items_purged_floors":[14],"is_endless":false,"potions_floor_spawned":[1,8,11,16,18,20],"killed_by":"Book of Stabbing","ascension_level":16}}