{"host":"52lujqhsyicpcskq","time":1610604958,"event":{"mods":["BaseMod","Colored Map","DeckTracker","Minty Spire (QoL Compilation)","Permanent Neow","StSLib","SuperFastMode","everything is the same but u backflip on backflip"],"gold_per_floor":[114,132,146,158,158,158,191,208,208,235,300,300,300,328,328,328,328],"floor_reached":16,"language":"KOR","playtime":462,"items_purged":[],"score":192,"play_id":"a1582557-ef07-45be-ad59-9c29b1f86c60","local_time":"20210114151558","is_ascension_mode":true,"campfire_choices":[{"data":"Poisoned Stab","floor":6,"key":"SMITH"},{"floor":12,"key":"REST"},{"data":"Dagger Spray","floor":15,"key":"SMITH"}],"circlet_count":0,"master_deck":["AscendersBane","Strike_G","Strike_G","Strike_G","Strike_G","Defend_G","Defend_G","Defend_G","Defend_G","Survivor","Neutralize+1","Poisoned Stab+1","Slice","Backflip","PiercingWail","Backstab","Dagger Spray+1","Cloak And Dagger","Cloak And Dagger"],"relics":["Ring of the Snake","Strawberry","Bronze Scales","Tiny Chest","Mummified Hand","Nunchaku"],"acts_visited":["Exordium"],"potions_floor_usage":[7,11,14],"damage_taken":[{"damage":5,"enemies":"Small Slimes","floor":1,"turns":4},{"damage":4,"enemies":"Jaw Worm","floor":2,"turns":4},{"damage":0,"enemies":"2 Louse","floor":3,"turns":2},{"damage":4,"enemies":"Exordium Wildlife","floor":4,"turns":5},{"damage":38,"enemies":"Gremlin Nob","floor":7,"turns":5},{"damage":1,"enemies":"2 Fungi Beasts","floor":8,"turns":3},{"damage":21,"enemies":"Lagavulin","floor":10,"turns":6},{"damage":17,"enemies":"Gremlin Nob","floor":11,"turns":4},{"damage":5,"enemies":"Gremlin Nob","floor":14,"turns":3},{"damage":27,"enemies":"Slime Boss","floor":16,"turns":9}],"seed_played":"1210007876021796569","potions_obtained":[{"floor":3,"key":"FairyPotion"},{"floor":4,"key":"SkillPotion"},{"floor":10,"key":"Regen Potion"},{"floor":11,"key":"LiquidMemories"}],"is_trial":false,"path_per_floor":["M","M","M","M","?","R","E","M","T","E","?","R","?","E","R","B"],"character_chosen":"THE_SILENT","items_purchased":[],"campfire_rested":1,"item_purchase_floors":[],"current_hp_per_floor":[58,54,54,50,50,50,19,18,18,23,18,41,34,29,29,2,2],"gold":328,"neow_bonus":"UPGRADE_CARD","is_daily":false,"chose_seed":false,"campfire_upgraded":2,"win_rate":0.0,"timestamp":1610604958,"path_taken":["M","M","M","M","?","R","E","M","T","E","?","R","?","E","R","BOSS"],"items_purchased_type":[],"build_version":"2020-12-22","purchased_purges":0,"victory":false,"max_hp_per_floor":[70,70,70,70,70,70,77,77,77,77,77,77,77,77,77,77,77],"card_choices":[{"not_picked":["Blade Dance","Escape Plan"],"picked":"Poisoned Stab","floor":1},{"not_picked":["Concentrate","Bane"],"picked":"Slice","floor":2},{"not_picked":["Blade Dance","Underhanded Strike"],"picked":"Backflip","floor":3},{"not_picked":["Deadly Poison","Noxious Fumes"],"picked":"PiercingWail","floor":4},{"not_picked":["Tactician","Acrobatics","Doppelganger"],"picked":"SKIP","floor":7},{"not_picked":["Blade Dance","PiercingWail"],"picked":"Backstab","floor":8},{"not_picked":["Well Laid Plans","Reflex"],"picked":"Dagger Spray","floor":10},{"not_picked":["Slice","Finisher"],"picked":"Cloak And Dagger","floor":11},{"not_picked":["Tactician","Dagger Spray"],"picked":"Cloak And Dagger","floor":14}],"player_experience":711285,"relics_obtained":[{"floor":7,"key":"Strawberry"},{"floor":9,"key":"Bronze Scales"},{"floor":10,"key":"Tiny Chest"},{"floor":11,"key":"Mummified Hand"},{"floor":14,"key":"Nunchaku"}],"event_choices":[{"cards_removed":["Strike_G"],"damage_healed":0,"gold_gain":0,"player_choice":"Forget","damage_taken":0,"max_hp_gain":0,"max_hp_loss":0,"event_name":"Living Wall","floor":5,"gold_loss":0},{"damage_healed":0,"gold_gain":0,"player_choice":"Searched \u00271\u0027 times","damage_taken":0,"max_hp_gain":0,"max_hp_loss":0,"event_name":"Dead Adventurer","floor":11,"gold_loss":0},{"cards_removed":["Defend_G"],"damage_healed":0,"gold_gain":0,"player_choice":"Card Removal","damage_taken":7,"max_hp_gain":0,"max_hp_loss":0,"event_name":"Golden Wing","floor":13,"gold_loss":0}],"is_beta":false,"boss_relics":[],"items_purged_floors":[],"is_endless":false,"potions_floor_spawned":[3,4,10,11],"killed_by":"Slime Boss","ascension_level":12}}