{"host":"sxnl403xm2xmiyj1","time":1610618066,"event":{"mods":["AchievementEnabler","BaseMod","Colored Map","Keyboard Shortcuts","Minty Spire (QoL Compilation)","Quick Restart","StSLib","SuperFastMode"],"gold_per_floor":[111,111,111,76,94,135,153,153,153,193,213,213,213,227,227,316,316,316,316,316,216,216,216,216],"floor_reached":23,"language":"KOR","playtime":358,"items_purged":[],"score":441,"play_id":"ec546a22-a738-4185-aca1-1772a0855d1c","local_time":"20210114185426","is_ascension_mode":true,"campfire_choices":[{"data":"Zap","floor":8,"key":"SMITH"},{"data":"Thunder Strike","floor":12,"key":"SMITH"},{"data":"Hologram","floor":15,"key":"SMITH"}],"circlet_count":0,"master_deck":["AscendersBane","Strike_B+1","Strike_B+1","Strike_B+1","Strike_B+1","Defend_B+1","Defend_B+1","Defend_B+1","Defend_B+1","Zap+1","Dualcast","Storm","Thunder Strike+1","Coolheaded","Barrage","Hologram+1","Electrodynamics","Aggregate","Coolheaded+1","Heatsinks"],"relics":["Cracked Core","NeowsBlessing","Golden Idol","Eternal Feather","StrikeDummy","InkBottle","Ectoplasm","Pen Nib"],"acts_visited":["Exordium","TheCity"],"potions_floor_usage":[10,16,16],"damage_taken":[{"damage":0,"enemies":"Small Slimes","floor":1,"turns":1},{"damage":0,"enemies":"2 Louse","floor":5,"turns":1},{"damage":0,"enemies":"3 Sentries","floor":6,"turns":1},{"damage":9,"enemies":"Jaw Worm","floor":7,"turns":4},{"damage":31,"enemies":"Lagavulin","floor":10,"turns":5},{"damage":18,"enemies":"Large Slime","floor":11,"turns":4},{"damage":7,"enemies":"Red Slaver","floor":14,"turns":3},{"damage":22,"enemies":"Hexaghost","floor":16,"turns":7},{"damage":36,"enemies":"Shell Parasite","floor":18,"turns":4},{"damage":16,"enemies":"2 Thieves","floor":21,"turns":4},{"damage":0,"enemies":"Centurion and Healer","floor":22,"turns":4},{"damage":17,"enemies":"Gremlin Leader","floor":23,"turns":1}],"seed_played":"-1411863785899391455","potions_obtained":[{"floor":5,"key":"ColorlessPotion"},{"floor":6,"key":"PotionOfCapacity"},{"floor":11,"key":"Regen Potion"}],"is_trial":false,"path_per_floor":["M","?","?","?","M","E","M","R","T","E","M","R","?","M","R","B",null,"M","T","?","M","M","E"],"character_chosen":"DEFECT","items_purchased":[],"campfire_rested":0,"item_purchase_floors":[],"current_hp_per_floor":[64,40,45,64,64,64,55,61,61,30,12,21,21,14,23,16,61,25,25,25,9,9,0,0],"gold":216,"neow_bonus":"THREE_ENEMY_KILL","is_daily":false,"chose_seed":false,"campfire_upgraded":3,"win_rate":0.0,"timestamp":1610618066,"path_taken":["M","?","?","?","?","E","M","R","T","E","M","R","?","M","R","BOSS","M","?","?","M","M","E"],"items_purchased_type":[],"build_version":"2020-12-22","purchased_purges":0,"victory":false,"max_hp_per_floor":[71,71,76,76,76,76,76,76,76,76,76,76,76,76,76,76,76,76,76,76,76,76,76,76],"card_choices":[{"not_picked":["Barrage","Chaos"],"picked":"Storm","floor":1},{"not_picked":["Rebound","Recycle","Undo"],"picked":"SKIP","floor":5},{"not_picked":["Streamline","Beam Cell"],"picked":"Thunder Strike","floor":6},{"not_picked":["Stack","Fusion"],"picked":"Coolheaded","floor":7},{"not_picked":["Beam Cell","Rebound"],"picked":"Barrage","floor":10},{"not_picked":["Steam","Streamline","Melter"],"picked":"SKIP","floor":11},{"not_picked":["Streamline","Compile Driver"],"picked":"Hologram","floor":14},{"not_picked":["Core Surge","Multi-Cast"],"picked":"Electrodynamics","floor":16},{"not_picked":["Beam Cell","Melter"],"picked":"Aggregate","floor":18},{"not_picked":["Chaos","Rebound"],"picked":"Coolheaded+1","floor":21},{"not_picked":["Double Energy","Skim"],"picked":"Heatsinks","floor":22}],"player_experience":164602,"relics_obtained":[{"floor":6,"key":"Eternal Feather"},{"floor":9,"key":"StrikeDummy"},{"floor":10,"key":"InkBottle"},{"floor":19,"key":"Pen Nib"}],"event_choices":[{"damage_healed":0,"gold_gain":0,"player_choice":"Take Damage","damage_taken":24,"relics_obtained":["Golden Idol"],"max_hp_gain":0,"max_hp_loss":0,"event_name":"Golden Idol","floor":2,"gold_loss":0},{"damage_healed":0,"gold_gain":0,"player_choice":"Donut","damage_taken":0,"max_hp_gain":5,"max_hp_loss":0,"event_name":"Big Fish","floor":3,"gold_loss":0},{"damage_healed":19,"gold_gain":0,"player_choice":"Healed","damage_taken":0,"max_hp_gain":0,"max_hp_loss":0,"event_name":"The Cleric","floor":4,"gold_loss":35},{"damage_healed":0,"gold_gain":0,"player_choice":"Got Potions","damage_taken":0,"max_hp_gain":0,"max_hp_loss":0,"event_name":"Lab","floor":13,"gold_loss":0},{"damage_healed":0,"gold_gain":0,"player_choice":"Simplicity","damage_taken":0,"max_hp_gain":0,"max_hp_loss":0,"event_name":"Back to Basics","floor":20,"gold_loss":0,"cards_upgraded":["Strike_B","Strike_B","Strike_B","Strike_B","Defend_B","Defend_B","Defend_B","Defend_B"]}],"is_beta":false,"boss_relics":[{"not_picked":["Pandora\u0027s Box","Nuclear Battery"],"picked":"Ectoplasm"}],"items_purged_floors":[],"is_endless":false,"potions_floor_spawned":[5,6,11,14],"killed_by":"Gremlin Leader","ascension_level":19}}