{"host":"ss2ocoam53r2lno0","time":1610650147,"event":{"mods":["Act Like it!","BaseMod","ChefMod","Clockwork Mod","Colored Powertips","Curses Come First","Displayed Cursed Tome","Downfall","Evolution","Googly Eyes","Hallownest","Highlight Path","Minty Spire (QoL Compilation)","Poor People Problems","Rare Cards Sparkle","Robot Space Explorer","Shade Mod","Shop Mod","Spicy Shops","StSLib","The Marked"],"gold_per_floor":[113,126,126,51,62,62,94,94,169,182,8,34,34,64,64,163,163,178,198,73,87,101,101,111,111,111,36,51,51,51,84,84,183,183,196,209,59,79,91,91,126,126,126,157,157,182,182,202,202,202],"floor_reached":51,"language":"ENG","playtime":2486,"items_purged":["Clockwork:Strike","Clockwork:Shield","Clockwork:Shield","Clockwork:Shield"],"score":974,"play_id":"e5669739-c7d2-4e00-9ad7-1b5006dd1375","local_time":"20210114194907","is_ascension_mode":true,"campfire_choices":[{"data":"Clockwork:Handicap","floor":6.0,"key":"SMITH"},{"data":"Clockwork:CraftQuicksilverHourglass","floor":13.0,"key":"SMITH"},{"data":"Clockwork:OccamsRazor","floor":15.0,"key":"SMITH"},{"floor":23.0,"key":"REST"},{"floor":29.0,"key":"REST"},{"data":"Clockwork:Inspiration","floor":32.0,"key":"SMITH"},{"floor":40.0,"key":"REST"},{"data":"Clockwork:RampUp+1","floor":42.0,"key":"PURGE"},{"data":"Doubt","floor":49,"key":"PURGE"}],"circlet_count":0,"master_deck":["Clockwork:SnapKeep","Clockwork:SnapKeep","Clockwork:Tinker","Clockwork:WarmUp","Clockwork:OccamsRazor+1","Clockwork:Inspiration+1","Clockwork:PerfectForm"],"relics":["Clockwork:MomentumEngine","EVO:Axolotl","NeowsBlessing","Strawberry","Question Card","Lee\u0027s Waffle","Akabeko","Clockwork:QuicksilverHourglass","Juzu Bracelet","Philosopher\u0027s Stone","Clockwork:SomewhatSmoothStone","Letter Opener","Red Mask","SlaversCollar","Peace Pipe","Gremlin Horn","Bronze Scales","CeramicFish"],"acts_visited":["Exordium","TheCity","TheBeyond"],"potions_floor_usage":[50],"damage_taken":[{"damage":0.0,"enemies":"Small Slimes","floor":1.0,"turns":4.0},{"damage":0.0,"enemies":"Cultist","floor":2.0,"turns":3.0},{"damage":0.0,"enemies":"Jaw Worm","floor":5.0,"turns":1.0},{"damage":24.0,"enemies":"3 Sentries","floor":7.0,"turns":11.0},{"damage":14.0,"enemies":"Exordium Thugs","floor":10.0,"turns":6.0},{"damage":20.0,"enemies":"Gremlin Nob","floor":14.0,"turns":6.0},{"damage":78.0,"enemies":"Hexaghost","floor":16.0,"turns":8.0},{"damage":51.0,"enemies":"2 Thieves","floor":18.0,"turns":4.0},{"damage":0.0,"enemies":"Chosen","floor":19.0,"turns":4.0},{"damage":36.0,"enemies":"Snecko","floor":21.0,"turns":5.0},{"damage":10.0,"enemies":"Centurion and Healer","floor":22.0,"turns":5.0},{"damage":0.0,"enemies":"Chosen and Byrds","floor":24.0,"turns":3.0},{"damage":14.0,"enemies":"3 Cultists","floor":28.0,"turns":4.0},{"damage":0.0,"enemies":"Masked Bandits","floor":31.0,"turns":2.0},{"damage":0.0,"enemies":"Champ","floor":33.0,"turns":3.0},{"damage":16.0,"enemies":"3 Shapes","floor":35.0,"turns":4.0},{"damage":0.0,"enemies":"Orb Walker","floor":36.0,"turns":2.0},{"damage":25.0,"enemies":"Writhing Mass","floor":38.0,"turns":3.0},{"damage":12.0,"enemies":"Jaw Worm Horde","floor":39.0,"turns":3.0},{"damage":0.0,"enemies":"Giant Head","floor":41.0,"turns":4.0},{"damage":50.0,"enemies":"Nemesis","floor":44.0,"turns":3.0},{"damage":14,"enemies":"Giant Head","floor":46,"turns":3},{"damage":18,"enemies":"Sphere and 2 Shapes","floor":48,"turns":2},{"damage":18,"enemies":"Awakened One","floor":50,"turns":3}],"seed_played":"-5150775899973429674","potions_obtained":[{"floor":1.0,"key":"EntropicBrew"},{"floor":5.0,"key":"Ancient Potion"},{"floor":10.0,"key":"FairyPotion"},{"floor":16.0,"key":"Weak Potion"},{"floor":24.0,"key":"SteroidPotion"}],"is_trial":false,"path_per_floor":["M","M","?","$","M","R","E","?","T","M","$","T","R","E","R","B",null,"M","M","$","M","M","R","M","?","T","?","M","R","?","?","R","B",null,"M","M","$","M","M","R","E","R","T","E","?","E","?","M","R","B",null],"character_chosen":"CLOCKWORK","items_purchased":["Lee\u0027s Waffle"],"campfire_rested":3,"item_purchase_floors":[11],"current_hp_per_floor":[85,85,85,85,85,85,68,68,68,54,99,99,99,79,79,1,99,48,48,48,12,2,31,31,31,31,31,17,46,46,46,46,46,99,83,83,83,58,46,75,75,75,75,25,99,85,85,67,67,49],"gold":202,"neow_bonus":"THREE_ENEMY_KILL","is_daily":false,"chose_seed":false,"campfire_upgraded":4,"win_rate":0.0,"timestamp":1610650147,"path_taken":["M","M","?","$","?","R","E","?","T","M","?","?","R","E","R","BOSS","M","M","$","M","M","R","M","?","T","?","M","R","?","?","R","BOSS","M","M","$","M","M","R","E","R","T","E","?","E","?","M","R","BOSS"],"items_purchased_type":["Relic"],"build_version":"2020-12-22","purchased_purges":4,"victory":true,"max_hp_per_floor":[85,85,85,85,85,85,92,92,92,92,99,99,99,99,99,99,99,99,99,99,99,99,99,99,99,99,99,99,99,99,99,99,99,99,99,99,99,99,99,99,99,99,99,99,99,99,99,99,99,99],"card_choices":[{"not_picked":["Clockwork:TiltAWhirl","Clockwork:AdaptiveCannon","Clockwork:Roundhouse"],"picked":"SKIP","floor":1.0},{"not_picked":["Clockwork:CogShield","Clockwork:CogToss"],"picked":"Clockwork:RampUp","floor":2.0},{"not_picked":["Clockwork:AdaptiveCannon","Clockwork:Pluck","Clockwork:TiltAWhirl"],"picked":"SKIP","floor":5.0},{"not_picked":["Clockwork:AdaptiveCannon","Clockwork:Pluck","Clockwork:TiltAWhirl"],"picked":"SKIP","floor":5.0},{"not_picked":["Clockwork:AdaptiveShield","Clockwork:PerfectedStrike"],"picked":"Clockwork:CraftQuicksilverHourglass","floor":7.0},{"not_picked":["Clockwork:InertialShield","Clockwork:Roundhouse","Clockwork:StasisBreak","Clockwork:LiteraryArmor"],"picked":"SKIP","floor":10.0},{"not_picked":["Clockwork:SystemScan","Clockwork:CogBarrier","Clockwork:AdaptiveShield"],"picked":"Clockwork:OccamsRazor","floor":14.0},{"not_picked":["Clockwork:Halt","Clockwork:SiegeStrike","Clockwork:ZeroPointEnergy"],"picked":"Clockwork:Inspiration","floor":16.0},{"not_picked":["Clockwork:ReserveSystems+1","Clockwork:SnapKeep","Clockwork:Improve","Clockwork:CogToss+1"],"picked":"SKIP","floor":18.0},{"not_picked":["Clockwork:Redundancy","Clockwork:CogBarrier","Clockwork:SystemScan"],"picked":"Clockwork:CraftSomewhatSmoothStone","floor":19.0},{"not_picked":["Clockwork:LogisticRegression","Clockwork:SystemScan+1","Clockwork:ElasticNanites","Clockwork:SpringShield"],"picked":"SKIP","floor":21.0},{"not_picked":["Clockwork:ForgeStrike","Clockwork:SystemHardening","Clockwork:CogShield"],"picked":"Clockwork:PerfectForm","floor":22.0},{"not_picked":["Clockwork:Roundhouse+1","Clockwork:Friction","Clockwork:AdaptiveShield","Clockwork:RevUp+1"],"picked":"SKIP","floor":24.0},{"not_picked":["Clockwork:RevUp+1","Clockwork:Scour","Clockwork:CogToss+1"],"picked":"Clockwork:CraftSomewhatSmoothStone+1","floor":28.0},{"not_picked":["Clockwork:AdaptiveCannon+1","Clockwork:AdaptiveShield","Clockwork:InertialShield","Clockwork:MechanicalMass"],"picked":"SKIP","floor":35.0},{"not_picked":["Clockwork:Redundancy+1","Clockwork:AdaptiveCannon","Clockwork:AssemblyLine+1","Clockwork:Friction+1"],"picked":"SKIP","floor":36.0},{"not_picked":["Clockwork:Friction","Clockwork:Enhance+1","Clockwork:ChargingBlade","Clockwork:CogToss+1"],"picked":"SKIP","floor":38.0},{"not_picked":["Clockwork:SearingStrike","Clockwork:SnapKeep+1","Clockwork:PerfectedShield","Clockwork:Redundancy"],"picked":"SKIP","floor":39.0},{"not_picked":["Clockwork:Pluck","Clockwork:AdaptiveCannon","Clockwork:CraftBloodPhial","Clockwork:QuantumStrike+1"],"picked":"SKIP","floor":41.0},{"not_picked":["Clockwork:CogShield+1","Clockwork:RevUp+1","Clockwork:Clone+1","Clockwork:ForgeStrike+1"],"picked":"SKIP","floor":44.0},{"not_picked":["Clockwork:EnthusiasticStrike","Clockwork:Improve+1","Clockwork:SnapKeep","Clockwork:HeadStart"],"picked":"SKIP","floor":46},{"not_picked":["Clockwork:SnapKeep","Clockwork:SystemHardening","Clockwork:AdaptiveShield","Clockwork:CraftQuicksilverHourglass"],"picked":"SKIP","floor":48}],"player_experience":705980,"relics_obtained":[{"floor":7.0,"key":"Strawberry"},{"floor":9.0,"key":"Question Card"},{"floor":12.0,"key":"Akabeko"},{"floor":14.0,"key":"Juzu Bracelet"},{"floor":26.0,"key":"Letter Opener"},{"floor":31.0,"key":"Red Mask"},{"floor":41.0,"key":"Peace Pipe"},{"floor":43.0,"key":"Gremlin Horn"},{"floor":44.0,"key":"Bronze Scales"},{"floor":46,"key":"CeramicFish"}],"event_choices":[{"damage_healed":0.0,"max_hp_gain":0.0,"max_hp_loss":0.0,"gold_gain":0.0,"event_name":"Accursed Blacksmith","player_choice":"Forge","floor":3.0,"gold_loss":0.0,"damage_taken":0.0,"cards_upgraded":["Clockwork:RampUp"]},{"cards_removed":["Clockwork:Strike"],"damage_healed":0.0,"max_hp_gain":0.0,"max_hp_loss":0.0,"gold_gain":0.0,"event_name":"Bonfire Elementals","player_choice":"Offered Basic","floor":8.0,"gold_loss":0.0,"damage_taken":0.0},{"damage_healed":0.0,"max_hp_gain":0.0,"max_hp_loss":0.0,"gold_gain":0.0,"event_name":"The Mausoleum","player_choice":"Ignored","floor":25.0,"gold_loss":0.0,"damage_taken":0.0},{"cards_removed":["Clockwork:Shield"],"damage_healed":0.0,"max_hp_gain":0.0,"max_hp_loss":0.0,"gold_gain":0.0,"event_name":"Beggar","player_choice":"Gave Gold","floor":27.0,"gold_loss":75.0,"damage_taken":0.0},{"damage_healed":0.0,"max_hp_gain":0.0,"max_hp_loss":0.0,"gold_gain":0.0,"event_name":"Masked Bandits","player_choice":"Fought Bandits","floor":31.0,"gold_loss":0.0,"damage_taken":0.0},{"damage_healed":74,"gold_gain":0,"player_choice":"Heal","damage_taken":0,"max_hp_gain":0,"max_hp_loss":0,"event_name":"MindBloom","floor":45,"gold_loss":0,"cards_obtained":["Doubt"]},{"damage_healed":0,"gold_gain":0,"player_choice":"Ignored","damage_taken":0,"max_hp_gain":0,"max_hp_loss":0,"event_name":"Duplicator","floor":47,"gold_loss":0}],"is_beta":false,"boss_relics":[{"not_picked":["expansioncontent:StudyCardRelic","Astrolabe"],"picked":"Philosopher\u0027s Stone"},{"not_picked":["Cursed Key","Velvet Choker"],"picked":"SlaversCollar"}],"items_purged_floors":[4,11,20,37],"is_endless":false,"potions_floor_spawned":[1,5,10,16,24,28,31,38,39,44],"ascension_level":4}}