{"host":"sipkxcu2mdc95qyw","time":1610598754,"event":{"mods":["Act Like it!","Ascension Reborn","Aspiration","BaseMod","BetterRewards","Conspire","Downfall","Duelist Mod","Gensokyo","Hallownest","Hermit","Infinite Spire","Jorbs\u0027s Wanderer Trilogy","Koishi","Marisa（霧雨　魔理沙）","Minty Spire (QoL Compilation)","Rare Cards Sparkle","Remilia（蕾米莉?）","Replay The Spire","StSLib","The Animator","The Cursed","The Disciple","The Hierophant","The Jungle","The Runesmith","The Servant 0.9.4"],"gold_per_floor":[109,109,41,59,73,73,73,73,73,73,73,73,82,87,111,155,155,145,145],"floor_reached":18,"language":"ENG","playtime":991,"items_purged":[],"score":104,"play_id":"06bbb175-1161-42a9-8bee-30c6c6f1abc2","local_time":"20210113223234","is_ascension_mode":true,"campfire_choices":[{"data":"hierophant:Glossolalia","floor":6,"key":"SMITH"},{"data":"hierophant:PassingBell","floor":8,"key":"SMITH"},{"floor":17,"key":"REST"}],"circlet_count":1,"master_deck":["hierophant:Strike_Hierophant","hierophant:Strike_Hierophant","hierophant:Strike_Hierophant","hierophant:Strike_Hierophant","hierophant:Punish","hierophant:Defend_Hierophant","hierophant:Defend_Hierophant","hierophant:Defend_Hierophant","hierophant:Defend_Hierophant","hierophant:ChurchCoffers","hierophant:HolyVerse","hierophant:Glossolalia+1","hierophant:Smite","hierophant:PassingBell+1","hierophant:Repentance","hierophant:RustyCrate","hierophant:Doubloon","hierophant:Doubloon","hierophant:Smite","hierophant:Smite"],"relics":["hierophant:PropheticMaskRelic","NeowsBlessing","Hallownest:DreamNailRelic","Circlet","conspire:DecoderRing"],"acts_visited":["Hallownest:Greenpath"],"potions_floor_usage":[18,18,18],"damage_taken":[{"damage":0,"enemies":"Hallownest:monsterHuskWarrior","floor":1,"turns":1},{"damage":0,"enemies":"Hallownest:2_Baldur","floor":4,"turns":1},{"damage":0,"enemies":"Hallownest:2_MossCreeps","floor":5,"turns":1},{"damage":8,"enemies":"Hallownest:Wandering_and_Horned","floor":13,"turns":3},{"damage":0,"enemies":"Hallownest:monsterAspidMother","floor":14,"turns":2},{"damage":8,"enemies":"Hallownest:monsterFoolEater","floor":15,"turns":4},{"damage":19,"enemies":"Hallownest:Guard_and_Warrior","floor":16,"turns":5},{"damage":64,"enemies":"Hallownest:BossBrokenVessel","floor":18,"turns":8}],"seed_played":"8669625353736630881","potions_obtained":[{"floor":4,"key":"BlessingOfTheForge"},{"floor":5,"key":"SkillPotion"},{"floor":15,"key":"sneckomod:MuddlingPotion"}],"is_trial":false,"path_per_floor":["M","?","$","M","M","R","?","R","T","$","PTL","PTL","M","M","M","M","R","B"],"character_chosen":"HIEROPHANT","items_purchased":["hierophant:Glossolalia"],"campfire_rested":1,"item_purchase_floors":[3],"current_hp_per_floor":[75,75,75,75,75,75,75,75,75,75,75,75,67,67,59,40,62,0,0],"gold":145,"neow_bonus":"THREE_ENEMY_KILL","is_daily":false,"chose_seed":false,"campfire_upgraded":2,"win_rate":0.0,"timestamp":1610598754,"path_taken":["M","?","?","M","M","R","?","R","T","?","PTL","PTL","M","M","M","M","R","BOSS"],"items_purchased_type":["Card"],"build_version":"2020-12-22","purchased_purges":0,"victory":false,"max_hp_per_floor":[75,75,75,75,75,75,75,75,75,75,75,75,75,75,75,75,75,75,75],"card_choices":[{"not_picked":["hierophant:SealAway","hierophant:Zeal"],"picked":"hierophant:HolyVerse","floor":1},{"not_picked":["hierophant:Doubloon","hierophant:Purify"],"picked":"hierophant:Smite","floor":4},{"not_picked":["hierophant:ConvertCurrency","hierophant:Patience"],"picked":"hierophant:PassingBell","floor":5},{"not_picked":["hierophant:Sermon","hierophant:Generosity"],"picked":"hierophant:Repentance","floor":13},{"not_picked":["hierophant:MorningPrayer","hierophant:Shelter"],"picked":"hierophant:RustyCrate","floor":14},{"not_picked":["hierophant:HolyVerse","hierophant:Chorus"],"picked":"hierophant:Smite","floor":15},{"not_picked":["hierophant:Rebuild","hierophant:Sermon"],"picked":"hierophant:Smite","floor":16}],"player_experience":63407,"relics_obtained":[{"floor":9,"key":"conspire:DecoderRing"}],"event_choices":[],"is_beta":false,"boss_relics":[],"items_purged_floors":[],"is_endless":false,"potions_floor_spawned":[4,5,15],"killed_by":"Hallownest:BossBrokenVessel","ascension_level":0}}