{"host":"o5or1zybx7au40zl","time":1610645655,"event":{"mods":["Act Like it!","Aspiration","BaseMod","Better Third Choice","Conspire","Dota2Spire","GungeonMod","Halation","Hubris","Minty Spire (QoL Compilation)","Replay The Spire","StSLib","The Jungle","Yuri Mod","vexMod"],"gold_per_floor":[111,123,138,153,166,194,194,194,218,252,252,264,264,284,284,322,322],"floor_reached":16,"language":"ENG","playtime":386,"items_purged":[],"score":114,"play_id":"c7668dc7-f56b-4721-ba2f-84b3e4f7714a","local_time":"20210114183415","is_ascension_mode":false,"campfire_choices":[{"floor":11,"key":"RECALL"},{"floor":15,"key":"REST"}],"circlet_count":0,"master_deck":["Strike_B","Strike_B","Strike_B","Strike_B","Defend_B","Defend_B","Defend_B","Defend_B","Gash","Chill","hubris:PowerSurge","Scrape","Melter","Go for the Eyes","Vigilance","Eruption","Scrape","ReplayGash","Regret","Compile Driver"],"relics":["Cracked Core","NeowsBlessing","Strawberry","DemoMod:VorpalBullet","halation:IllGainedPizza","DemoMod:LamentConfigurum"],"acts_visited":["Exordium"],"potions_floor_usage":[10,16,16],"damage_taken":[{"damage":0,"enemies":"2 Louse","floor":1,"turns":1},{"damage":0,"enemies":"Small Slimes","floor":2,"turns":1},{"damage":0,"enemies":"Jaw Worm","floor":3,"turns":1},{"damage":5,"enemies":"Looter","floor":4,"turns":3},{"damage":9,"enemies":"Large Slime","floor":5,"turns":6},{"damage":4,"enemies":"Replay:BlueRogue","floor":6,"turns":3},{"damage":21,"enemies":"Lagavulin","floor":10,"turns":6},{"damage":0,"enemies":"Exordium Thugs","floor":12,"turns":4},{"damage":0,"enemies":"2 Fungi Beasts","floor":14,"turns":2},{"damage":67,"enemies":"Hexaghost","floor":16,"turns":9}],"seed_played":"5387850200127834695","potions_obtained":[{"floor":2,"key":"Languid Potion"},{"floor":3,"key":"Swift Potion"},{"floor":4,"key":"SpeedPotion"},{"floor":14,"key":"Adrenaline Potion"}],"is_trial":false,"path_per_floor":["M","M","M","M","M","E","?","?","T","E","R","M","?","M","R","B"],"character_chosen":"DEFECT","items_purchased":[],"campfire_rested":1,"item_purchase_floors":[],"current_hp_per_floor":[75,75,75,70,61,64,64,64,64,43,43,43,43,43,67,0,0],"gold":322,"neow_bonus":"THREE_ENEMY_KILL","is_daily":false,"chose_seed":false,"campfire_upgraded":0,"win_rate":0.0,"timestamp":1610645655,"path_taken":["M","M","M","M","M","E","?","?","T","E","R","?","?","M","R","BOSS"],"items_purchased_type":[],"build_version":"2020-12-22","purchased_purges":0,"victory":false,"max_hp_per_floor":[75,75,75,75,75,82,82,82,82,82,82,82,82,82,82,82,82],"card_choices":[{"not_picked":["Go for the Eyes","Streamline"],"picked":"Gash","floor":1},{"not_picked":["ReplayTheSpireMod:Calculation Training","ReplayTheSpireMod:System Scan"],"picked":"Chill","floor":2},{"not_picked":["Coolheaded","Panic Button"],"picked":"hubris:PowerSurge","floor":3},{"not_picked":["ReplayTheSpireMod:System Scan","Capacitor"],"picked":"Scrape","floor":4},{"not_picked":["Conserve Battery","Streamline"],"picked":"Melter","floor":5},{"not_picked":["Panic Button","Leap"],"picked":"Go for the Eyes","floor":6},{"not_picked":["hubris:Ukulele","Self Repair"],"picked":"Scrape","floor":10},{"not_picked":["Steam","Doom and Gloom"],"picked":"ReplayGash","floor":12},{"not_picked":["Consume","Redo"],"picked":"Compile Driver","floor":14}],"player_experience":961600,"relics_obtained":[{"floor":6,"key":"Strawberry"},{"floor":10,"key":"halation:IllGainedPizza"}],"event_choices":[{"damage_healed":0,"gold_gain":0,"player_choice":"Gave Potion","damage_taken":0,"relics_obtained":["DemoMod:VorpalBullet"],"max_hp_gain":0,"max_hp_loss":0,"event_name":"WeMeetAgain","floor":8,"gold_loss":0},{"damage_healed":0,"gold_gain":0,"player_choice":"Box","damage_taken":0,"relics_obtained":["DemoMod:LamentConfigurum"],"max_hp_gain":0,"max_hp_loss":0,"event_name":"Big Fish","floor":13,"gold_loss":0,"cards_obtained":["Regret"]}],"is_beta":false,"boss_relics":[],"items_purged_floors":[],"is_endless":false,"potions_floor_spawned":[2,3,4,14],"killed_by":"Hexaghost","ascension_level":0}}