{"host":"j4g6ia6asvpyu2b0","time":1610586776,"event":{"mods":["BaseMod","Colored Map","Minty Spire (QoL Compilation)","Permanent Neow","Quick Restart","Relic Stats","StSLib","Unceasing Turn Reminder"],"gold_per_floor":[114,134,144,162,162,162,189,189,189,38,65,65,65,80,80,179,179,193,209,209,209,209,239,239,273,273,299,299,299],"floor_reached":28,"language":"ENG","playtime":757,"items_purged":[],"score":440,"play_id":"33f230ba-7290-4ef7-a14b-6ed3c25f8e05","local_time":"20210113181256","is_ascension_mode":true,"campfire_choices":[{"data":"Streamline","floor":6.0,"key":"SMITH"},{"floor":8.0,"key":"REST"},{"data":"Sweeping Beam","floor":12.0,"key":"SMITH"},{"data":"Biased Cognition","floor":15.0,"key":"SMITH"},{"floor":24,"key":"REST"}],"circlet_count":0,"master_deck":["AscendersBane","Strike_B","Strike_B","Strike_B","Defend_B","Defend_B","Defend_B","Defend_B","Zap+1","Dualcast","Cold Snap","Streamline+1","Sweeping Beam+1","Glacier","Reboot","Cold Snap","Echo Form","Discovery","Conserve Battery","Biased Cognition+1","Core Surge","Coolheaded","Self Repair","Static Discharge","Loop","Echo Form"],"relics":["Cracked Core","Pen Nib","Bag of Marbles","DataDisk","Question Card","Runic Dome","Orichalcum","Nilry\u0027s Codex","White Beast Statue","Potion Belt","Bag of Preparation","Bottled Tornado","Art of War"],"acts_visited":["Exordium","TheCity"],"potions_floor_usage":[25,27,27],"damage_taken":[{"damage":10.0,"enemies":"2 Louse","floor":1.0,"turns":3.0},{"damage":0.0,"enemies":"Small Slimes","floor":2.0,"turns":3.0},{"damage":1.0,"enemies":"Cultist","floor":3.0,"turns":3.0},{"damage":5.0,"enemies":"2 Fungi Beasts","floor":4.0,"turns":3.0},{"damage":8.0,"enemies":"3 Sentries","floor":7.0,"turns":7.0},{"damage":19.0,"enemies":"Lagavulin","floor":11.0,"turns":4.0},{"damage":3.0,"enemies":"3 Louse","floor":14.0,"turns":2.0},{"damage":25.0,"enemies":"The Guardian","floor":16.0,"turns":12.0},{"damage":6.0,"enemies":"2 Thieves","floor":18.0,"turns":3.0},{"damage":0.0,"enemies":"3 Byrds","floor":19.0,"turns":3.0},{"damage":29,"enemies":"Slavers","floor":23,"turns":5},{"damage":11,"enemies":"Book of Stabbing","floor":25,"turns":6},{"damage":30,"enemies":"Slavers","floor":27,"turns":4},{"damage":14,"enemies":"Shelled Parasite and Fungi","floor":28,"turns":2}],"seed_played":"1321366725323360652","potions_obtained":[{"floor":1.0,"key":"FocusPotion"},{"floor":2.0,"key":"Ancient Potion"},{"floor":7.0,"key":"Block Potion"},{"floor":16.0,"key":"CultistPotion"},{"floor":18.0,"key":"Explosive Potion"},{"floor":19.0,"key":"SkillPotion"},{"floor":23,"key":"LiquidMemories"},{"floor":25,"key":"SkillPotion"},{"floor":27,"key":"Weak Potion"}],"is_trial":false,"path_per_floor":["M","M","M","M","?","R","E","R","T","$","E","R","?","M","R","B",null,"M","M","?","?","T","E","R","E","T","E","M"],"character_chosen":"DEFECT","items_purchased":["DataDisk"],"campfire_rested":2,"item_purchase_floors":[10],"current_hp_per_floor":[58,58,57,52,45,45,37,59,59,59,40,40,40,37,37,12,59,53,53,53,37,37,15,37,33,33,10,0,0],"gold":299,"neow_bonus":"UPGRADE_CARD","is_daily":false,"chose_seed":false,"campfire_upgraded":3,"win_rate":0.0,"timestamp":1610586776,"path_taken":["M","M","M","M","?","R","E","R","T","$","E","R","?","?","R","BOSS","M","M","?","?","?","E","R","E","T","E","?"],"items_purchased_type":["Relic"],"build_version":"2020-12-22","purchased_purges":0,"victory":false,"max_hp_per_floor":[75,75,75,75,75,75,75,75,75,75,75,75,75,75,75,75,75,75,75,75,75,75,75,75,75,75,75,75,75],"relic_stats":{"counters":[14,60],"Pen Nib":[8],"Bag of Preparation":[4],"Art of War":[1],"Orichalcum":[12],"Question Card":7,"obtain_stats":[{"Potion Belt":23,"Nilry\u0027s Codex":21,"Pen Nib":7,"Bag of Preparation":25,"Orichalcum":20,"Bottled Tornado":26,"Question Card":11,"White Beast Statue":22,"Runic Dome":17,"DataDisk":10,"Bag of Marbles":9,"Art of War":27,"Cracked Core":0},{"Potion Belt":11,"Nilry\u0027s Codex":10,"Pen Nib":5,"Bag of Preparation":12,"Orichalcum":10,"Bottled Tornado":12,"Question Card":6,"White Beast Statue":10,"Runic Dome":8,"DataDisk":5,"Bag of Marbles":5,"Art of War":13,"Cracked Core":0},{"Potion Belt":48,"Nilry\u0027s Codex":43,"Pen Nib":19,"Bag of Preparation":54,"Orichalcum":43,"Bottled Tornado":54,"Question Card":23,"White Beast Statue":43,"Runic Dome":37,"DataDisk":19,"Bag of Marbles":19,"Art of War":58,"Cracked Core":0}]},"card_choices":[{"not_picked":["Skim","Rebound"],"picked":"Cold Snap","floor":1.0},{"not_picked":["Aggregate","Turbo"],"picked":"Streamline","floor":2.0},{"not_picked":["Scrape","Coolheaded"],"picked":"Sweeping Beam","floor":3.0},{"not_picked":["Streamline","Sweeping Beam"],"picked":"Glacier","floor":4.0},{"not_picked":["Redo","Leap"],"picked":"Reboot","floor":7.0},{"not_picked":["Darkness","Rebound"],"picked":"Cold Snap","floor":11.0},{"not_picked":["Loop","White Noise","Leap"],"picked":"Biased Cognition","floor":14.0},{"not_picked":["Echo Form","Reboot","Thunder Strike"],"picked":"Core Surge","floor":16.0},{"not_picked":["Redo+1","Streamline","Undo"],"picked":"Coolheaded","floor":18.0},{"not_picked":["Chill","White Noise","Cold Snap"],"picked":"Self Repair","floor":19.0},{"not_picked":["Meteor Strike","Sunder","Consume"],"picked":"Static Discharge","floor":23},{"not_picked":["Glacier+1","Rebound","Go for the Eyes"],"picked":"Loop","floor":25},{"not_picked":["Go for the Eyes","Gash","Redo+1"],"picked":"Echo Form","floor":27}],"player_experience":841131,"relics_obtained":[{"floor":7.0,"key":"Pen Nib"},{"floor":9.0,"key":"Bag of Marbles"},{"floor":11.0,"key":"Question Card"},{"floor":21.0,"key":"Nilry\u0027s Codex"},{"floor":22.0,"key":"White Beast Statue"},{"floor":23,"key":"Potion Belt"},{"floor":25,"key":"Bag of Preparation"},{"floor":26,"key":"Bottled Tornado"},{"floor":27,"key":"Art of War"}],"event_choices":[{"cards_removed":["Strike_B"],"damage_healed":0.0,"max_hp_gain":0.0,"max_hp_loss":0.0,"gold_gain":0.0,"event_name":"Golden Wing","player_choice":"Card Removal","floor":5.0,"gold_loss":0.0,"damage_taken":7.0},{"damage_healed":0.0,"max_hp_gain":0.0,"max_hp_loss":0.0,"gold_gain":0.0,"event_name":"Match and Keep!","player_choice":"3 cards matched","floor":13.0,"gold_loss":0.0,"damage_taken":0.0,"cards_obtained":["Echo Form","Discovery","Conserve Battery"]},{"damage_healed":0.0,"max_hp_gain":0.0,"max_hp_loss":0.0,"gold_gain":0.0,"event_name":"The Mausoleum","player_choice":"Opened","floor":20.0,"gold_loss":0.0,"damage_taken":0.0,"relics_obtained":["Orichalcum"]},{"damage_healed":0.0,"max_hp_gain":0.0,"max_hp_loss":0.0,"gold_gain":0.0,"event_name":"Cursed Tome","player_choice":"Obtained Book","floor":21.0,"gold_loss":0.0,"damage_taken":16.0}],"is_beta":false,"boss_relics":[{"not_picked":["SlaversCollar","Velvet Choker"],"picked":"Runic Dome"}],"items_purged_floors":[],"is_endless":false,"potions_floor_spawned":[1,2,7,16,18,19,23,25,27],"killed_by":"Shelled Parasite and Fungi","ascension_level":11}}