{"host":"sf9jac3ppl7h88gj","time":1610603295,"event":{"mods":["AchievementEnabler","Ascension Unlocker","BaseMod","Colored Map","Custom Start","Force Act Four","Minty Spire (QoL Compilation)","Replay The Spire","StSLib"],"gold_per_floor":[99,114,114,114,128,128,160,160,187,187,207,232,232,248,248,326,326,338,392,407,407,304,338,354,364,389,420,420,430,430,442,442,517,517,534,550,561,577,577,595,627,645,645,674,692,692,251,251,251,251,251],"floor_reached":52,"language":"ENG","playtime":3503,"items_purged":["Strike_G","Strike_G"],"score":2332,"play_id":"08974a51-c310-40d6-9bdb-f3325ea5455a","local_time":"20210114004815","daily_mods":["Specialized"],"is_ascension_mode":true,"campfire_choices":[{"floor":6,"key":"RECALL"},{"data":"Dagger Spray","floor":8,"key":"SMITH"},{"data":"Strike_G","floor":10,"key":"PURGE"},{"floor":15,"key":"DIG"},{"data":"Blade Dance","floor":30,"key":"SMITH"},{"data":"Catalyst","floor":32,"key":"SMITH"},{"data":"After Image","floor":46,"key":"SMITH"},{"data":"Deflect","floor":49,"key":"SMITH"}],"circlet_count":0,"master_deck":["AscendersBane","Strike_G","Defend_G","Defend_G","Defend_G","Defend_G","Survivor","Neutralize","Dagger Spray+1","Poison Darts","Poisoned Stab","Slice","Deflect+1","Deflect","Bane","Bane","After Image+1","Catalyst+1","Flying Knee+1","Catalyst+1","Blade Dance","Accuracy+1","Poisoned Stab","Slice","ReplayTheSpireMod:Speed Training","Deflect","Cloak And Dagger","Blade Dance+1","Crippling Poison","Backstab","RitualDagger","Blade Dance+1","ReplayTheSpireMod:Shiv Toss+1","Storm of Steel","Cloak And Dagger+1","Hidden Blade","Crippling Poison+1","Bouncing Flask+1"],"relics":["WristBlade","White Beast Statue","TwistedFunnel","The Specimen","Snake Skull","Snack Pack","Singing Bowl","Shovel","SacredBark","Question Card","Quantum Egg","Potion Belt","Prayer Wheel","Ninja Scroll","Lizard Tail","Chemical X","Chameleon Ring","Basket Of Snakes","Peace Pipe","NeowsBlessing","Sizzling Blood","Replay:Wax Seal","Replay:WaspNest","NeowsBlessing","Replay:Rubber Ducky","WristBlade","Byrd Skull","Boot","Iron Hammer","SacredBark","Omamori","Replay:Mystery Machine","Pear","PreservedInsect","OrangePellets"],"acts_visited":["Exordium","TheCity","TheBeyond"],"potions_floor_usage":[19,20,20,23,25,33,35,37,42,42,42,50,50,51],"damage_taken":[{"damage":0,"enemies":"Cultist","floor":2,"turns":1},{"damage":0,"enemies":"Jaw Worm","floor":5,"turns":1},{"damage":0,"enemies":"Replay:BlueRogue","floor":7,"turns":1},{"damage":0,"enemies":"2 Louse","floor":11,"turns":1},{"damage":5,"enemies":"3 Sentries","floor":12,"turns":3},{"damage":0,"enemies":"Exordium Thugs","floor":14,"turns":1},{"damage":0,"enemies":"The Guardian","floor":16,"turns":1},{"damage":0,"enemies":"Chosen","floor":18,"turns":1},{"damage":0,"enemies":"2 Thieves","floor":19,"turns":1},{"damage":0,"enemies":"Snecko","floor":20,"turns":2},{"damage":0,"enemies":"Slavers","floor":23,"turns":3},{"damage":0,"enemies":"Snake Plant","floor":24,"turns":1},{"damage":14,"enemies":"Shelled Parasite and Fungi","floor":25,"turns":2},{"damage":0,"enemies":"Replay:Snechameleon","floor":27,"turns":2},{"damage":0,"enemies":"Centurion and Healer","floor":29,"turns":1},{"damage":0,"enemies":"Snecko","floor":31,"turns":1},{"damage":49,"enemies":"Pondfish","floor":33,"turns":5},{"damage":0,"enemies":"3 Darklings","floor":35,"turns":2},{"damage":0,"enemies":"3 Shapes","floor":36,"turns":1},{"damage":0,"enemies":"Writhing Mass","floor":37,"turns":3},{"damage":0,"enemies":"Jaw Worm Horde","floor":38,"turns":2},{"damage":3,"enemies":"4 Shapes","floor":40,"turns":3},{"damage":0,"enemies":"Reptomancer","floor":41,"turns":2},{"damage":0,"enemies":"Transient","floor":42,"turns":4},{"damage":6,"enemies":"R_Hoarder","floor":44,"turns":4},{"damage":16,"enemies":"Sphere and 2 Shapes","floor":45,"turns":3},{"damage":56,"enemies":"Awakened One","floor":50,"turns":7},{"damage":18,"enemies":"Replay:Hell Engine","floor":51,"turns":4}],"seed_played":"-56772559700174542","potions_obtained":[{"floor":2,"key":"Swift Potion"},{"floor":5,"key":"ColorlessPotion"},{"floor":7,"key":"Energy Potion"},{"floor":11,"key":"Languid Potion"},{"floor":12,"key":"ColorlessPotion"},{"floor":16,"key":"BlessingOfTheForge"},{"floor":19,"key":"LifebloodPotion"},{"floor":20,"key":"Explosive Potion"},{"floor":23,"key":"Weak Potion"},{"floor":24,"key":"Venom Potion"},{"floor":25,"key":"Elixir"},{"floor":33,"key":"LifebloodPotion"},{"floor":35,"key":"Swift Potion"},{"floor":37,"key":"DuplicationPotion"},{"floor":42,"key":"Energy Potion"},{"floor":44,"key":"Strength Potion"},{"floor":45,"key":"Explosive Potion"}],"is_trial":true,"path_per_floor":["WH","M","WH","?","M","R","E","R","T","R","M","E","WH","M","R_BF","B",null,"M","M","M","?","$","E","M","M","T","E","?","M","R","M","R","B",null,"M","M","M","M","?","M","E","M","T","E","M","R","$","?","R","B","B",null],"character_chosen":"THE_SILENT","items_purchased":["Deflect","PreservedInsect","OrangePellets"],"campfire_rested":0,"item_purchase_floors":[22,47,47],"current_hp_per_floor":[59,63,63,67,72,72,72,72,72,72,72,71,71,74,74,74,74,74,74,74,74,74,74,76,66,66,76,70,78,78,82,82,41,72,86,88,90,92,92,96,98,102,102,110,104,104,104,98,98,56,50],"gold":251,"neow_bonus":"THREE_ENEMY_KILL","is_daily":false,"chose_seed":false,"campfire_upgraded":5,"win_rate":0.0,"timestamp":1610603295,"path_taken":["WH","M","WH","?","M","R","E","R","T","R","M","E","WH","M","R_BF","BOSS","M","?","M","?","$","E","M","M","T","E","?","M","R","M","R","BOSS","M","M","M","M","?","M","E","M","T","E","M","R","$","?","R","BOSS","BOSS"],"items_purchased_type":["Card","Relic","Relic"],"build_version":"2020-12-22","purchased_purges":2,"victory":true,"max_hp_per_floor":[66,66,66,70,72,72,72,72,72,72,72,72,72,74,74,74,74,74,74,74,74,74,74,76,76,76,78,78,78,78,82,82,82,82,86,88,90,92,92,96,98,102,102,112,116,116,116,116,116,116,116],"card_choices":[{"not_picked":["Quick Slash","Expertise","Deflect"],"picked":"Dagger Spray","floor":2},{"not_picked":["Outmaneuver","PiercingWail","Quick Slash"],"picked":"Poison Darts","floor":2},{"not_picked":["Dodge and Roll","Concentrate","Deflect"],"picked":"Poisoned Stab","floor":5},{"not_picked":["ReplayTheSpireMod:The Works","Sucker Punch","Backflip","Setup"],"picked":"Singing Bowl","floor":5},{"not_picked":["Tactician","ReplayTheSpireMod:The Works","Predator"],"picked":"Slice","floor":7},{"not_picked":["Choke","All Out Attack","ReplayTheSpireMod:The Works"],"picked":"Deflect","floor":11},{"not_picked":["Concentrate","Dagger Throw","Doppelganger"],"picked":"Deflect","floor":11},{"not_picked":["Quick Slash","Backflip","Dagger Throw"],"picked":"Bane","floor":12},{"not_picked":["Backflip","Dagger Spray","Distraction","Sucker Punch"],"picked":"Singing Bowl","floor":14},{"not_picked":["Endless Agony","Fluid Movement","Cloak And Dagger"],"picked":"Bane","floor":14},{"not_picked":["Malaise","Night Terror","Wraith Form v2"],"picked":"After Image","floor":16},{"not_picked":["ReplayTheSpireMod:Speed Training","Dagger Throw","ReplayTheSpireMod:Exploit Weakness"],"picked":"Catalyst+1","floor":18},{"not_picked":["Dagger Throw","Dash","All Out Attack"],"picked":"Flying Knee+1","floor":18},{"not_picked":["Calculated Gamble","Outmaneuver","Choke"],"picked":"Catalyst","floor":19},{"not_picked":["Bane","Skewer","PiercingWail"],"picked":"Blade Dance","floor":19},{"not_picked":["Flying Knee","Venomology","Slice"],"picked":"Accuracy+1","floor":20},{"not_picked":["Sucker Punch","Underhanded Strike","Acrobatics+1"],"picked":"Poisoned Stab","floor":20},{"not_picked":["Outmaneuver","Reflex","Setup+1"],"picked":"Cloak And Dagger","floor":23},{"not_picked":["Sucker Punch","Prepared","Riddle With Holes"],"picked":"Blade Dance","floor":24},{"not_picked":["Sucker Punch","Prepared","Die Die Die","Deflect"],"picked":"Singing Bowl","floor":24},{"not_picked":["Cloak And Dagger+1","Bane","Deadly Poison"],"picked":"Crippling Poison","floor":25},{"not_picked":["Dodge and Roll","Dagger Throw","Backflip"],"picked":"Backstab","floor":25},{"not_picked":["Prepared","Reflex","PiercingWail","Footwork"],"picked":"Singing Bowl","floor":27},{"not_picked":["Dodge and Roll","Deadly Poison","PiercingWail"],"picked":"Blade Dance+1","floor":29},{"not_picked":["Outmaneuver","Noxious Fumes","Burst"],"picked":"ReplayTheSpireMod:Shiv Toss+1","floor":29},{"not_picked":["Poisoned Stab","Flying Knee","Dodge and Roll","Prepared+1"],"picked":"Singing Bowl","floor":31},{"not_picked":["Dodge and Roll+1","Replay:Poison Smokescreen","ReplayTheSpireMod:Tripwire+1","Distraction"],"picked":"Singing Bowl","floor":31},{"not_picked":["Phantasmal Killer","Night Terror","Atom Bomb"],"picked":"Storm of Steel","floor":33},{"not_picked":["Sucker Punch","Acrobatics","Backflip","Blade Dance"],"picked":"Singing Bowl","floor":35},{"not_picked":["Flechettes","Deadly Poison+1","Quick Slash","Draining Mist"],"picked":"Singing Bowl","floor":35},{"not_picked":["Bane","Sucker Punch","Toxin Wave","Eviscerate"],"picked":"Singing Bowl","floor":36},{"not_picked":["Acrobatics","Replay:Bag of Tricks","ReplayTheSpireMod:Exploit Weakness"],"picked":"Cloak And Dagger+1","floor":36},{"not_picked":["Prepared","Dagger Throw","Deflect+1"],"picked":"Hidden Blade","floor":37},{"not_picked":["Flying Knee","Underhanded Strike","Deflect","Backflip"],"picked":"Singing Bowl","floor":37},{"not_picked":["Sucker Punch+1","Outmaneuver+1","Blade Dance"],"picked":"Crippling Poison+1","floor":38},{"not_picked":["ReplayTheSpireMod:From All Sides","Bouncing Flask","Dagger Spray","Choke"],"picked":"Singing Bowl","floor":38},{"not_picked":["Fluid Movement","Dagger Throw+1","Slice","Outmaneuver"],"picked":"Singing Bowl","floor":40},{"not_picked":["ReplayTheSpireMod:Tripwire","Dagger Throw","Tactician","Acrobatics"],"picked":"Singing Bowl","floor":40},{"not_picked":["Poisoned Stab","Glass Knife","Setup","Dash"],"picked":"Singing Bowl","floor":41},{"not_picked":["Blur","Eviscerate","Outmaneuver","Leg Sweep"],"picked":"Singing Bowl","floor":42},{"not_picked":["Setup+1","Sucker Punch","Dash+1","Prepared+1"],"picked":"Singing Bowl","floor":42},{"not_picked":["ReplayTheSpireMod:Exploit Weakness+1","Prepared","Heel Hook"],"picked":"Bouncing Flask+1","floor":44},{"not_picked":["Outmaneuver","Dash","Masterful Stab+1","Underhanded Strike"],"picked":"Singing Bowl","floor":45},{"not_picked":["Cloak And Dagger","Poisoned Stab","Dagger Spray","Hidden Blade+1"],"picked":"Singing Bowl","floor":45}],"player_experience":1197797,"relics_obtained":[{"floor":7,"key":"Replay:Wax Seal"},{"floor":12,"key":"Replay:WaspNest"},{"floor":15,"key":"Replay:Rubber Ducky"},{"floor":23,"key":"Byrd Skull"},{"floor":26,"key":"Boot"},{"floor":27,"key":"Iron Hammer"},{"floor":41,"key":"Omamori"},{"floor":43,"key":"Replay:Mystery Machine"},{"floor":44,"key":"Pear"}],"event_choices":[{"damage_healed":0,"gold_gain":0,"cards_transformed":["Strike_G","Defend_G"],"player_choice":"Became Test Subject","damage_taken":0,"max_hp_gain":0,"max_hp_loss":0,"event_name":"Drug Dealer","floor":21,"gold_loss":0,"cards_obtained":["Slice","ReplayTheSpireMod:Speed Training"]},{"damage_healed":0,"gold_gain":0,"player_choice":"Joined the Cult","damage_taken":6,"max_hp_gain":0,"max_hp_loss":0,"event_name":"Nest","floor":28,"gold_loss":0,"cards_obtained":["RitualDagger"]},{"damage_healed":0,"gold_gain":0,"player_choice":"Bought 0 Potions","damage_taken":0,"max_hp_gain":0,"max_hp_loss":0,"event_name":"The Woman in Blue","floor":48,"gold_loss":0}],"is_beta":false,"boss_relics":[{"not_picked":["Snecko Scales","Snecko Heart"],"picked":"WristBlade"},{"not_picked":["Coffee Dripper","ChewingGum"],"picked":"SacredBark"}],"items_purged_floors":[22,47],"is_endless":false,"potions_floor_spawned":[2,5,7,11,12,14,16,18,19,20,23,24,25,27,29,31,33,35,36,37,38,40,41,42,44,45],"ascension_level":20}}