{"host":"tnsigirk6wurdark","time":1610612809,"event":{"mods":["BaseMod","Bestiary","Colored Map","Colored Powertips","Curses Come First","DeckTracker","Highlight Path","Minty Spire (QoL Compilation)","Quick Restart","Relic Sorter","StSLib","Synergy Search"],"gold_per_floor":[113,124,142,153,164,195,207,207,207],"floor_reached":8,"language":"ENG","playtime":467,"items_purged":[],"score":112,"play_id":"adcd7e74-8ad1-4236-ae26-079c0e15f50d","local_time":"20210114082649","is_ascension_mode":true,"campfire_choices":[],"circlet_count":0,"master_deck":["AscendersBane","Strike_G","Strike_G","Strike_G","Strike_G","Strike_G","Defend_G","Defend_G","Defend_G","Defend_G","Defend_G","Survivor","Neutralize","Dagger Throw","Flying Knee","Quick Slash","Footwork","Reflex","Noxious Fumes","Grand Finale"],"relics":["Ring of the Snake","NeowsBlessing","Pen Nib"],"acts_visited":["Exordium"],"potions_floor_usage":[6,8],"damage_taken":[{"damage":0,"enemies":"Small Slimes","floor":1,"turns":1},{"damage":0,"enemies":"Cultist","floor":2,"turns":1},{"damage":0,"enemies":"Jaw Worm","floor":3,"turns":1},{"damage":1,"enemies":"2 Fungi Beasts","floor":4,"turns":4},{"damage":3,"enemies":"Blue Slaver","floor":5,"turns":5},{"damage":22,"enemies":"Gremlin Nob","floor":6,"turns":5},{"damage":15,"enemies":"Large Slime","floor":7,"turns":7},{"damage":18,"enemies":"3 Sentries","floor":8,"turns":5}],"seed_played":"-5507125779135501626","potions_obtained":[{"floor":4,"key":"Poison Potion"},{"floor":7,"key":"Block Potion"}],"is_trial":false,"path_per_floor":["M","M","M","M","M","E","M","E"],"character_chosen":"THE_SILENT","items_purchased":[],"campfire_rested":0,"item_purchase_floors":[],"current_hp_per_floor":[59,59,59,58,55,33,18,0,0],"gold":207,"neow_bonus":"THREE_ENEMY_KILL","is_daily":false,"chose_seed":false,"campfire_upgraded":0,"win_rate":0.0,"timestamp":1610612809,"path_taken":["M","M","M","M","M","E","M","E"],"items_purchased_type":[],"build_version":"2020-12-22","purchased_purges":0,"victory":false,"max_hp_per_floor":[66,66,66,66,66,66,66,66,66],"card_choices":[{"not_picked":["Slice","Accuracy"],"picked":"Dagger Throw","floor":1},{"not_picked":["Deadly Poison","Deflect"],"picked":"Flying Knee","floor":2},{"not_picked":["PiercingWail","Masterful Stab"],"picked":"Quick Slash","floor":3},{"not_picked":["Acrobatics","Flying Knee"],"picked":"Footwork","floor":4},{"not_picked":["Setup","Poisoned Stab"],"picked":"Reflex","floor":5},{"not_picked":["Prepared","Leg Sweep"],"picked":"Noxious Fumes","floor":6},{"not_picked":["Escape Plan","Well Laid Plans"],"picked":"Grand Finale","floor":7}],"player_experience":755833,"relics_obtained":[{"floor":6,"key":"Pen Nib"}],"event_choices":[],"is_beta":false,"boss_relics":[],"items_purged_floors":[],"is_endless":false,"potions_floor_spawned":[4,7],"killed_by":"3 Sentries","ascension_level":16}}