{"host":"dztixnx9b0gu6w9i","time":1610584392,"event":{"mods":["BaseMod","Bestiary","Minty Spire (QoL Compilation)","Relic Stats","Slay the Relics Exporter","SpireBot","ojb\u0027s Better Paths Mod","ojb\u0027s Info Mod"],"gold_per_floor":[110,185,197,214,214,214,247,247,271,15,15,49,66,81,81,164,164,189,189,198,223,10,10,51,64,64,104,104,145,172,187,187,261,261,277,296,305,327,339,367,367,388,438,475,309,345,365,425,425,425,425,425,425,23,60,60],"floor_reached":57,"language":"ENG","playtime":14164,"items_purged":["Strike_P","LessonLearned+1"],"score":3295,"play_id":"35a2d133-1f20-45e8-b086-d84fa8b90a7b","local_time":"20210113193312","is_ascension_mode":true,"campfire_choices":[{"floor":6,"key":"REST"},{"data":"ThirdEye","floor":15,"key":"SMITH"},{"data":"Eruption","floor":23,"key":"SMITH"},{"data":"Devotion","floor":32,"key":"SMITH"},{"floor":49,"key":"RECALL"}],"circlet_count":0,"master_deck":["AscendersBane","Defend_P+1","Defend_P+1","Eruption+1","Vigilance+1","CutThroughFate+1","JustLucky+1","ThirdEye+1","CutThroughFate+1","Weave+1","CutThroughFate+1","Conclude+1","Worship+1","Devotion+1","ClearTheMind+1","Prostrate+1","Worship+1","SashWhip+1","WaveOfTheHand+1","Ghostly+1","Ghostly+1","Ghostly+1","Ghostly+1","Prostrate+1","Sanctity+1","Study+1","Wallop+1","Study+1","ThirdEye+1","Pray+1","CutThroughFate+1","CutThroughFate","Violence+1","ThirdEye+1"],"relics":["Busted Crown","Lantern","CeramicFish","Toxic Egg 2","Empty Cage","PreservedInsect","Bottled Lightning","Ornamental Fan","Matryoshka","Mummified Hand","Coffee Dripper","Centennial Puzzle","Oddly Smooth Stone","Bottled Tornado","Happy Flower","CloakClasp","Bag of Preparation"],"acts_visited":["Exordium","TheCity","TheBeyond","TheEnding"],"potions_floor_usage":[24,25,35,38,51,56,56],"damage_taken":[{"damage":5,"enemies":"2 Louse","floor":1,"turns":3},{"damage":0,"enemies":"Small Slimes","floor":3,"turns":2},{"damage":0,"enemies":"Jaw Worm","floor":4,"turns":3},{"damage":34,"enemies":"3 Sentries","floor":7,"turns":9},{"damage":0,"enemies":"Lagavulin","floor":12,"turns":2},{"damage":1,"enemies":"Blue Slaver","floor":13,"turns":2},{"damage":0,"enemies":"2 Fungi Beasts","floor":14,"turns":1},{"damage":2,"enemies":"The Guardian","floor":16,"turns":11},{"damage":0,"enemies":"Chosen","floor":18,"turns":3},{"damage":3,"enemies":"2 Thieves","floor":21,"turns":2},{"damage":3,"enemies":"Book of Stabbing","floor":24,"turns":4},{"damage":3,"enemies":"Shelled Parasite and Fungi","floor":25,"turns":3},{"damage":0,"enemies":"Slavers","floor":27,"turns":2},{"damage":0,"enemies":"Gremlin Leader","floor":29,"turns":2},{"damage":0,"enemies":"Snake Plant","floor":31,"turns":3},{"damage":1,"enemies":"Automaton","floor":33,"turns":7},{"damage":0,"enemies":"3 Darklings","floor":35,"turns":5},{"damage":0,"enemies":"3 Shapes","floor":36,"turns":4},{"damage":20,"enemies":"Transient","floor":38,"turns":6},{"damage":0,"enemies":"Writhing Mass","floor":39,"turns":6},{"damage":0,"enemies":"Giant Head","floor":40,"turns":4},{"damage":0,"enemies":"Maw","floor":42,"turns":7},{"damage":3,"enemies":"Nemesis","floor":44,"turns":3},{"damage":0,"enemies":"Giant Head","floor":46,"turns":5},{"damage":0,"enemies":"Jaw Worm Horde","floor":47,"turns":4},{"damage":0,"enemies":"2 Orb Walkers","floor":48,"turns":5},{"damage":0,"enemies":"Awakened One","floor":50,"turns":10},{"damage":0,"enemies":"Time Eater","floor":51,"turns":7},{"damage":0,"enemies":"Shield and Spear","floor":55,"turns":5},{"damage":11,"enemies":"The Heart","floor":56,"turns":9}],"seed_played":"1625753012379599696","potions_obtained":[{"floor":7,"key":"Block Potion"},{"floor":13,"key":"GamblersBrew"},{"floor":24,"key":"Strength Potion"},{"floor":29,"key":"Weak Potion"},{"floor":35,"key":"Block Potion"},{"floor":40,"key":"Strength Potion"},{"floor":44,"key":"ColorlessPotion"}],"is_trial":false,"path_per_floor":["M","?","M","M","?","R","E","?","T","$","?","E","M","M","R","B",null,"M","?","?","M","$","R","E","M","T","E","?","E","?","M","R","B",null,"M","M","?","M","M","E","?","M","T","E","$","E","M","?","R","B","B",null,"R","$","E","B",null],"character_chosen":"WATCHER","items_purchased":["Weave","CutThroughFate","Fire Potion","Prostrate+1","PreservedInsect","Wallop","Study","ThirdEye+1","CutThroughFate","Violence+1","SpeedPotion"],"campfire_rested":1,"item_purchase_floors":[10,10,10,22,22,45,45,45,54,54,54],"current_hp_per_floor":[56,45,45,45,25,45,11,11,11,11,11,11,10,10,10,8,53,53,53,53,50,50,50,47,44,44,44,44,44,34,34,34,33,34,34,34,34,14,14,14,14,14,14,11,11,11,11,11,11,11,11,28,28,28,28,17],"gold":60,"neow_bonus":"BOSS_RELIC","is_daily":false,"chose_seed":false,"campfire_upgraded":3,"win_rate":0.0,"timestamp":1610584392,"path_taken":["M","?","M","M","?","R","E","?","T","?","?","E","M","M","R","BOSS","M","?","?","M","$","R","E","?","T","E","?","E","?","M","R","BOSS","M","M","?","M","?","E","?","M","T","E","$","E","M","?","R","BOSS","BOSS","R","$","E","BOSS"],"items_purchased_type":["Card","Card","Potion","Card","Relic","Card","Card","Card","Card","Card","Potion"],"build_version":"2020-12-22","purchased_purges":2,"victory":true,"max_hp_per_floor":[68,68,68,68,68,68,68,68,68,68,68,68,68,68,68,68,68,68,68,68,68,68,68,68,68,68,68,68,68,34,34,34,34,34,34,34,34,34,34,34,34,34,34,34,34,34,34,34,34,34,34,34,34,34,34,34],"relic_stats":{"Centennial Puzzle":[6],"Busted Crown":54,"Happy Flower":[13],"counters":[30,139],"Ornamental Fan":[288],"Mummified Hand":[31],"CeramicFish":234,"PreservedInsect":521,"CloakClasp":[110],"Bag of Preparation":[2],"obtain_stats":[{"Lantern":7,"Happy Flower":46,"CeramicFish":9,"Oddly Smooth Stone":43,"PreservedInsect":22,"CloakClasp":48,"Bag of Preparation":55,"Bottled Tornado":44,"Empty Cage":17,"Centennial Puzzle":40,"Busted Crown":0,"Matryoshka":27,"Ornamental Fan":26,"Mummified Hand":29,"Coffee Dripper":34,"Bottled Lightning":24,"PureWater":0,"Toxic Egg 2":12},{"Lantern":4,"Happy Flower":24,"CeramicFish":4,"Oddly Smooth Stone":22,"PreservedInsect":10,"CloakClasp":26,"Bag of Preparation":29,"Bottled Tornado":23,"Empty Cage":8,"Centennial Puzzle":21,"Busted Crown":0,"Matryoshka":13,"Ornamental Fan":12,"Mummified Hand":14,"Coffee Dripper":16,"Bottled Lightning":11,"PureWater":0,"Toxic Egg 2":5},{"Lantern":17,"Happy Flower":99,"CeramicFish":17,"Oddly Smooth Stone":91,"PreservedInsect":38,"CloakClasp":108,"Bag of Preparation":130,"Bottled Tornado":94,"Empty Cage":33,"Centennial Puzzle":84,"Busted Crown":0,"Matryoshka":47,"Ornamental Fan":45,"Mummified Hand":49,"Coffee Dripper":59,"Bottled Lightning":42,"PureWater":0,"Toxic Egg 2":19}]},"card_choices":[{"not_picked":[],"picked":"CutThroughFate","floor":1},{"not_picked":["Prostrate"],"picked":"SKIP","floor":3},{"not_picked":[],"picked":"JustLucky","floor":4},{"not_picked":[],"picked":"ThirdEye","floor":7},{"not_picked":[],"picked":"Conclude","floor":12},{"not_picked":["PathToVictory+1"],"picked":"SKIP","floor":13},{"not_picked":["PathToVictory+1"],"picked":"SKIP","floor":13},{"not_picked":["FollowUp"],"picked":"SKIP","floor":14},{"not_picked":["FollowUp"],"picked":"SKIP","floor":14},{"not_picked":["FollowUp"],"picked":"SKIP","floor":14},{"not_picked":[],"picked":"LessonLearned","floor":16},{"not_picked":[],"picked":"Worship+1","floor":18},{"not_picked":[],"picked":"ClearTheMind+1","floor":21},{"not_picked":[],"picked":"Worship+1","floor":24},{"not_picked":["FlyingSleeves"],"picked":"SKIP","floor":25},{"not_picked":[],"picked":"SashWhip","floor":27},{"not_picked":[],"picked":"WaveOfTheHand+1","floor":29},{"not_picked":["Collect+1"],"picked":"SKIP","floor":31},{"not_picked":["JustLucky"],"picked":"SKIP","floor":35},{"not_picked":["Halt+1"],"picked":"SKIP","floor":36},{"not_picked":[],"picked":"Prostrate+1","floor":38},{"not_picked":["Halt+1"],"picked":"SKIP","floor":39},{"not_picked":["Halt+1"],"picked":"SKIP","floor":39},{"not_picked":["Blasphemy+1"],"picked":"SKIP","floor":40},{"not_picked":[],"picked":"Sanctity+1","floor":42},{"not_picked":[],"picked":"Study+1","floor":44},{"not_picked":[],"picked":"Pray+1","floor":46},{"not_picked":["Evaluate+1"],"picked":"SKIP","floor":47},{"not_picked":["Evaluate+1"],"picked":"SKIP","floor":47},{"not_picked":[],"picked":"CutThroughFate","floor":48},{"not_picked":[],"picked":"ThirdEye+1","floor":55}],"player_experience":8119342,"relics_obtained":[{"floor":7,"key":"Lantern"},{"floor":9,"key":"CeramicFish"},{"floor":12,"key":"Toxic Egg 2"},{"floor":24,"key":"Bottled Lightning"},{"floor":26,"key":"Ornamental Fan"},{"floor":27,"key":"Matryoshka"},{"floor":29,"key":"Mummified Hand"},{"floor":40,"key":"Centennial Puzzle"},{"floor":43,"key":"Oddly Smooth Stone"},{"floor":44,"key":"Bottled Tornado"},{"floor":46,"key":"Happy Flower"},{"floor":48,"key":"CloakClasp"},{"floor":55,"key":"Bag of Preparation"}],"event_choices":[{"damage_healed":0,"gold_gain":75,"player_choice":"Gather Gold","damage_taken":11,"max_hp_gain":0,"max_hp_loss":0,"event_name":"World of Goop","floor":2,"gold_loss":0},{"damage_healed":0,"gold_gain":0,"player_choice":"Entered Light","damage_taken":20,"max_hp_gain":0,"max_hp_loss":0,"event_name":"Shining Light","floor":5,"gold_loss":0,"cards_upgraded":["Vigilance","Strike_P"]},{"damage_healed":0,"gold_gain":0,"cards_transformed":["Defend_P"],"player_choice":"Change","damage_taken":0,"max_hp_gain":0,"max_hp_loss":0,"event_name":"Living Wall","floor":8,"gold_loss":0,"cards_obtained":["CutThroughFate"]},{"cards_removed":["Strike_P"],"damage_healed":0,"gold_gain":0,"player_choice":"Purged","damage_taken":0,"max_hp_gain":0,"max_hp_loss":0,"event_name":"Purifier","floor":11,"gold_loss":0},{"damage_healed":0,"gold_gain":0,"player_choice":"Ignored","damage_taken":0,"max_hp_gain":0,"max_hp_loss":0,"event_name":"Beggar","floor":19,"gold_loss":0},{"damage_healed":0,"gold_gain":0,"cards_transformed":["Defend_P"],"player_choice":"Transformed","damage_taken":0,"max_hp_gain":0,"max_hp_loss":0,"event_name":"Transmorgrifier","floor":20,"gold_loss":0,"cards_obtained":["Devotion"]},{"damage_healed":0,"gold_gain":0,"player_choice":"Ignored","damage_taken":0,"max_hp_gain":0,"max_hp_loss":0,"event_name":"The Mausoleum","floor":28,"gold_loss":0},{"damage_healed":0,"gold_gain":0,"player_choice":"Became a Ghost","damage_taken":0,"max_hp_gain":0,"max_hp_loss":34,"event_name":"Ghosts","floor":30,"gold_loss":0,"cards_obtained":["Ghostly","Ghostly","Ghostly"]},{"damage_healed":0,"gold_gain":0,"player_choice":"Copied","damage_taken":0,"max_hp_gain":0,"max_hp_loss":0,"event_name":"Duplicator","floor":37,"gold_loss":0,"cards_obtained":["Ghostly"]},{"damage_healed":0,"gold_gain":0,"player_choice":"Ignored","damage_taken":0,"max_hp_gain":0,"max_hp_loss":0,"event_name":"Tomb of Lord Red Mask","floor":41,"gold_loss":0},{"damage_healed":0,"gold_gain":0,"player_choice":"Fight","damage_taken":0,"max_hp_gain":0,"max_hp_loss":0,"event_name":"Mysterious Sphere","floor":48,"gold_loss":0}],"is_beta":false,"boss_relics":[{"not_picked":["Astrolabe","Runic Dome"],"picked":"Empty Cage"},{"not_picked":["Cursed Key","SacredBark"],"picked":"Coffee Dripper"}],"items_purged_floors":[10,54],"is_endless":false,"potions_floor_spawned":[7,12,13,14,21,24,29,33,35,40,44,46],"ascension_level":20}}