{"host":"s7l2a3wroivred6i","time":1610615271,"event":{"mods":["AchievementEnabler","BaseMod","Better Altar","Better Match","Better Note","Better Sensory Stone","Better Skull","Better Synergies","Better Third Choice","BetterRewards","Conspire","Downfall","GifTheSpireLib","Hubris","Infinite Spire","Minty Spire (QoL Compilation)","Replay The Spire","Retaliation","StSLib","Stuff the Spire","The Blue Laboratory"],"gold_per_floor":[117,131,151,257,257,257,272,272,272,290,305,53,80,80,80,182,182,197,197,212,212,212,212,241,241,294,306,347,38,38,38,38,145,145,172,22,22,35,35,35,49,49,49,77,77,130,130,170,170,170],"floor_reached":51,"language":"ENG","playtime":2295,"items_purged":["Dualcast","Defend_B","Strike_B","Strike_B+1"],"score":1337,"play_id":"65f70665-484f-4f63-b25a-f68c2ea48d1b","local_time":"20210114040751","is_ascension_mode":false,"campfire_choices":[{"floor":6,"key":"REST"},{"data":"Zap","floor":8,"key":"SMITH"},{"data":"Defend_B","floor":15,"key":"SMITH"},{"data":"Strike_B","floor":23,"key":"SMITH"},{"data":"Strike_B","floor":25,"key":"SMITH"},{"data":"Gash","floor":32,"key":"SMITH"},{"data":"Strike_B","floor":40,"key":"SMITH"},{"floor":45,"key":"REST"},{"floor":47,"key":"RECALL"},{"data":"Gash","floor":49,"key":"SMITH"}],"circlet_count":0,"master_deck":["Strike_B+1","Strike_B+1","Defend_B+1","Defend_B+1","Defend_B+1","Zap+1","Gash+1","Gash+1","Gash+1","Gash+1"],"relics":["Cracked Core","Replay:Wax Seal","hubris:EmptyBottle","PreservedInsect","StuffTheSpire:GrapeVine","White Beast Statue","Kunai","War Paint","Akabeko","hubris:Zylophone","MealTicket","MawBank","Juzu Bracelet","Chemical X","infinitespire:EvilPickle","StuffTheSpire:ColdMirror","Regal Pillow","hubris:MedicalManual","infinitespire:Satchel"],"acts_visited":["Exordium","TheCity","TheBeyond"],"potions_floor_usage":[7,10,13,16,16,18,20,20,28,33,33,33,33,46,46,48,48,50,50,50,50],"damage_taken":[{"damage":0,"enemies":"Cultist","floor":1,"turns":4},{"damage":1,"enemies":"Jaw Worm","floor":2,"turns":5},{"damage":6,"enemies":"2 Louse","floor":3,"turns":3},{"damage":31,"enemies":"2 Fungi Beasts","floor":7,"turns":4},{"damage":14,"enemies":"Exordium Thugs","floor":10,"turns":4},{"damage":19,"enemies":"3 Louse","floor":11,"turns":4},{"damage":0,"enemies":"Lagavulin","floor":13,"turns":4},{"damage":24,"enemies":"Slime Boss","floor":16,"turns":1},{"damage":16,"enemies":"3 Byrds","floor":18,"turns":4},{"damage":0,"enemies":"Chosen","floor":20,"turns":5},{"damage":87,"enemies":"Gremlin Leader","floor":24,"turns":6},{"damage":36,"enemies":"Replay:Snechameleon","floor":28,"turns":4},{"damage":144,"enemies":"Pondfish","floor":33,"turns":10},{"damage":22,"enemies":"3 Shapes","floor":35,"turns":4},{"damage":30,"enemies":"Orb Walker","floor":38,"turns":3},{"damage":44,"enemies":"3 Darklings","floor":41,"turns":4},{"damage":72,"enemies":"Nemesis","floor":44,"turns":6},{"damage":52,"enemies":"2 Orb Walkers","floor":46,"turns":4},{"damage":60,"enemies":"Reptomancer","floor":48,"turns":5},{"damage":135,"enemies":"Awakened One","floor":50,"turns":9}],"seed_played":"-7836059944119659931","potions_obtained":[{"floor":3,"key":"Slimebound:ThreeZeroPotion"},{"floor":7,"key":"Weak Potion"},{"floor":10,"key":"AttackPotion"},{"floor":11,"key":"Death Potion"},{"floor":16,"key":"BlessingOfTheForge"},{"floor":18,"key":"blueLaboratory:StoneskinPotion"},{"floor":20,"key":"blueLaboratory:PhilterOfMotion"},{"floor":28,"key":"blueLaboratory:CoolantVial"},{"floor":33,"key":"Energy Potion"},{"floor":35,"key":"blueLaboratory:CoolantVial"},{"floor":38,"key":"SkillPotion"},{"floor":41,"key":"blueLaboratory:BottleOfRum"},{"floor":44,"key":"PowerPotion"},{"floor":46,"key":"Regen Potion"},{"floor":48,"key":"LiquidBronze"}],"is_trial":false,"path_per_floor":["M","M","M","?","?","R","M","R","T","M","M","$","E","?","R","B",null,"M","AVR","M","?","?","R","E","R","T","?","E","$","?","?","R","B",null,"M","$","?","M","?","R","M","$","T","E","R","?","R","E","R","B",null],"character_chosen":"DEFECT","items_purchased":["Replay:Wax Seal","hubris:EmptyBottle","Strength Potion","PreservedInsect","War Paint","Chemical X","SteroidPotion"],"campfire_rested":2,"item_purchase_floors":[0,0,0,0,12,29,29],"current_hp_per_floor":[59,58,52,34,34,56,75,75,75,439,420,420,420,420,420,396,75,45633,45633,45633,45633,45633,45633,45546,45546,45546,45546,45510,75,75,75,75,8312,75,4512,75,75,23393,23393,23393,23349,75,75,34462,75,23371,23371,23311,23311,23176],"gold":170,"neow_bonus":"","is_daily":false,"chose_seed":false,"campfire_upgraded":7,"win_rate":0.0,"timestamp":1610615271,"path_taken":["M","?","M","?","?","R","?","R","T","M","M","$","E","?","R","BOSS","M","AVR","M","?","?","R","E","R","T","?","E","$","?","?","R","BOSS","M","$","?","M","?","R","M","?","T","E","R","?","R","E","R","BOSS"],"items_purchased_type":["Relic","Relic","Potion","Relic","Relic","Relic","Potion"],"build_version":"2020-12-22","purchased_purges":4,"victory":true,"max_hp_per_floor":[75,75,75,75,75,75,75,75,75,75,75,75,75,75,75,75,75,75,75,75,75,75,75,75,75,75,75,75,75,75,75,75,75,75,75,75,75,75,75,75,75,75,75,75,75,75,75,75,75,75],"card_choices":[{"not_picked":["Go for the Eyes","Cold Snap","Hello World"],"picked":"SKIP","floor":1},{"not_picked":["Rebound","Cold Snap","Turbo"],"picked":"SKIP","floor":2},{"not_picked":["Double Energy","Self Repair","Undo"],"picked":"SKIP","floor":3},{"not_picked":["Sweeping Beam","FTL","Reboot"],"picked":"SKIP","floor":7},{"not_picked":["Leap","Conserve Battery","Coolheaded"],"picked":"SKIP","floor":10},{"not_picked":["StuffTheSpire:SnapShoot","Conserve Battery","Turbo"],"picked":"SKIP","floor":11},{"not_picked":["hubris:PowerSurge","Beam Cell","Panic Button"],"picked":"SKIP","floor":13},{"not_picked":["Glacier","Cold Snap","FTL+1"],"picked":"SKIP","floor":18},{"not_picked":["Crystallizer","Redo","Go for the Eyes"],"picked":"SKIP","floor":20},{"not_picked":["Streamline","Leap","StuffTheSpire:CleanHardDrive+1"],"picked":"SKIP","floor":24},{"not_picked":["ReplayTheSpireMod:GoodbyeWorld","Barrage"],"picked":"Gash","floor":28},{"not_picked":["BootSequence+1","Go for the Eyes"],"picked":"Gash+1","floor":35},{"not_picked":["Static Discharge","Streamline+1","Go for the Eyes"],"picked":"SKIP","floor":38},{"not_picked":["Compile Driver","Creative AI","StuffTheSpire:Plugnplay+1"],"picked":"SKIP","floor":41},{"not_picked":["Rebound","Coolheaded+1","ReplayTheSpireMod:Dual Polarity"],"picked":"SKIP","floor":44},{"not_picked":["Reprogram","StuffTheSpire:ForEach"],"picked":"Gash","floor":48}],"player_experience":353526,"relics_obtained":[{"floor":4,"key":"StuffTheSpire:GrapeVine"},{"floor":5,"key":"White Beast Statue"},{"floor":9,"key":"Kunai"},{"floor":13,"key":"Akabeko"},{"floor":24,"key":"MealTicket"},{"floor":26,"key":"MawBank"},{"floor":28,"key":"Juzu Bracelet"},{"floor":43,"key":"StuffTheSpire:ColdMirror"},{"floor":44,"key":"Regal Pillow"},{"floor":46,"key":"hubris:MedicalManual"},{"floor":48,"key":"infinitespire:Satchel"}],"event_choices":[{"damage_healed":0,"gold_gain":0,"player_choice":"Leave","damage_taken":0,"max_hp_gain":0,"max_hp_loss":0,"event_name":"The Cleric","floor":14,"gold_loss":0},{"damage_healed":0,"gold_gain":0,"player_choice":"Ignored","damage_taken":0,"max_hp_gain":0,"max_hp_loss":0,"event_name":"betterNote:BetterNote","floor":21,"gold_loss":0,"cards_obtained":["infinitespire:SealOfDarkness"]},{"damage_healed":0,"gold_gain":0,"player_choice":"Ignored","damage_taken":0,"max_hp_gain":0,"max_hp_loss":0,"event_name":"Vampires","floor":27,"gold_loss":0},{"damage_healed":0,"gold_gain":0,"player_choice":"Adaptability","damage_taken":0,"max_hp_gain":0,"max_hp_loss":0,"event_name":"betterThird:BetterWriting","floor":31,"gold_loss":0},{"damage_healed":0,"gold_gain":0,"player_choice":"Copied","damage_taken":0,"max_hp_gain":0,"max_hp_loss":0,"event_name":"Duplicator","floor":37,"gold_loss":0,"cards_obtained":["Gash"]},{"damage_healed":0,"gold_gain":0,"player_choice":"Ignored","damage_taken":0,"max_hp_gain":0,"max_hp_loss":0,"event_name":"Transmorgrifier","floor":39,"gold_loss":0},{"damage_healed":0,"gold_gain":0,"player_choice":"Fight","damage_taken":0,"max_hp_gain":0,"max_hp_loss":0,"event_name":"Mysterious Sphere","floor":46,"gold_loss":0}],"is_beta":false,"boss_relics":[{"not_picked":["Pandora\u0027s Box","conspire:RunicOctahedron","Empty Cage"]},{"not_picked":["Abe\u0027s Treasure","conspire:RoyalGoblet","hubris:CrackedHourglass"]}],"items_purged_floors":[0,12,29,36],"is_endless":false,"potions_floor_spawned":[3,7,10,11,13,16,18,20,24,28,33,35,38,41,44,46,48],"ascension_level":0}}