{"host":"ldgvv9pwaeljxtz7","time":1610631971,"event":{"mods":["100% Spire Juice","Act Like it!","Aspiration","BaseMod","Better Altar","Better Third Choice","BetterRewards","CapriCore","Conspire","DeckTracker","Dio Mod","Dota2Spire","Downfall","Energized Spire","Fireblade Mod","Fox Events","Friendly Minions","Hermit","HexUI Lib","Hubris","Infinite Spire","Ironclad Rager","Jorbs\u0027s Wanderer Trilogy","Luminous","Minty Spire (QoL Compilation)","Prisma Mod","Quarter Circle Forward PUNCH!","QueenMod","Shade Mod","Shop Mod","StSLib","Steal the Spire","The Blue Laboratory","The Immortal","The Jester","The Marked","The Wild Card","TheFirefly","TheHero","TheSwordswoman","TheVacant","Trackpad","Watcher Patcher","Yakumo Yukari mod","vexMod"],"gold_per_floor":[119,119,164,184,195,195,0,19,168,183,198,231,231,231,231,336,436,452,452,422,422,439,439,467,467,592,611,611,629,779,798,798,798,798],"floor_reached":33,"language":"ENG","playtime":1292,"items_purged":[],"score":292,"play_id":"48a41135-9702-4b7e-9a00-346aa3916579","local_time":"20210114234611","is_ascension_mode":false,"campfire_choices":[{"data":"theMarked:Parkour","floor":6,"key":"SMITH"},{"floor":15,"key":"REST"},{"floor":23,"key":"REST"},{"floor":25,"key":"REST"},{"data":"theMarked:BanishingWave","floor":32,"key":"SMITH"}],"circlet_count":0,"master_deck":["theMarked:Strike","theMarked:Strike","theMarked:Strike","theMarked:Strike","theMarked:Strike","theMarked:Defend","theMarked:Defend","theMarked:Defend","theMarked:Defend","theMarked:SoldierOfQuellstein+1","theMarked:Parkour+1","theMarked:StartUp","theMarked:EmpowerWeapon","theMarked:Reabsorb","Enlightenment","theMarked:TwofoldDefense","theMarked:BindingBlade","theMarked:SwordAndMagic","theMarked:EmpowerWeapon","theMarked:Challenge","theMarked:BanishingStrike","theMarked:ChainLightning","theMarked:ChannelForce","theMarked:Seal","expansioncontent:GuardianWhirl","theMarked:Levitate","theMarked:Overcharge","theMarked:BanishingWave+1"],"relics":["theMarked:BronzeBlade","foxEvents:LuckyCharm","Pen Nib","Dota2Spire:Desolator","trackpad:BiPhaseBiplane","energizedSpire:MagnifyingGlass","Juzu Bracelet","Strawberry","qcfpunch:Army_Boots"],"acts_visited":["Exordium","TheCity"],"potions_floor_usage":[16,16,22,27,33,33],"damage_taken":[{"damage":0,"enemies":"Cultist","floor":1,"turns":3},{"damage":17,"enemies":"Colosseum Slavers","floor":3,"turns":3},{"damage":1,"enemies":"2 Louse","floor":4,"turns":2},{"damage":1,"enemies":"Small Slimes","floor":5,"turns":3},{"damage":13,"enemies":"Exordium Wildlife","floor":8,"turns":5},{"damage":4,"enemies":"Blue Slaver","floor":10,"turns":3},{"damage":0,"enemies":"Large Slime","floor":11,"turns":4},{"damage":24,"enemies":"Lagavulin","floor":12,"turns":5},{"damage":22,"enemies":"Hexaghost","floor":16,"turns":6},{"damage":25,"enemies":"3 Byrds","floor":18,"turns":5},{"damage":10,"enemies":"Shell Parasite","floor":22,"turns":3},{"damage":21,"enemies":"conspire:Head Lice","floor":24,"turns":5},{"damage":12,"enemies":"Shelled Parasite and Fungi","floor":27,"turns":3},{"damage":20,"enemies":"conspire:HollyBat","floor":29,"turns":5},{"damage":0,"enemies":"Centurion and Healer","floor":31,"turns":3},{"damage":44,"enemies":"Champ","floor":33,"turns":8}],"seed_played":"-7422448838103306605","potions_obtained":[{"floor":8,"key":"champ:CounterPotion"},{"floor":11,"key":"DistilledChaos"},{"floor":16,"key":"blueLaboratory:HorrorPotion"},{"floor":20,"key":"blueLaboratory:FruitPunch"},{"floor":20,"key":"GamblersBrew"},{"floor":22,"key":"ColorlessPotion"},{"floor":24,"key":"Energy Potion"}],"is_trial":false,"path_per_floor":["M","?","?","M","M","R","?","M","T","M","M","E","?","?","R","B",null,"M","?","?","AVR","M","R","E","R","T","M","?","M","T","M","R","B"],"character_chosen":"THE_DEFAULT","items_purchased":[],"campfire_rested":3,"item_purchase_floors":[],"current_hp_per_floor":[70,70,53,52,51,51,57,44,44,40,40,16,24,24,46,24,76,51,51,51,51,43,66,45,68,75,63,63,43,43,43,43,0,0],"gold":798,"neow_bonus":"UPGRADE_CARD","is_daily":false,"chose_seed":false,"campfire_upgraded":2,"win_rate":0.0,"timestamp":1610631971,"path_taken":["M","?","?","M","M","R","?","?","T","M","M","E","?","?","R","BOSS","M","?","?","AVR","M","R","E","R","T","M","?","M","?","M","R","BOSS"],"items_purchased_type":[],"build_version":"2020-12-22","purchased_purges":0,"victory":false,"max_hp_per_floor":[70,70,70,70,70,70,76,76,76,76,76,76,76,76,76,76,76,76,76,76,76,78,78,78,78,85,85,85,85,85,85,85,85,85],"card_choices":[{"not_picked":["theMarked:ResourceFulStrike","theMarked:WastefulDefense"],"picked":"theMarked:Parkour","floor":1},{"not_picked":["theMarked:ResourceFulStrike","theMarked:Convert"],"picked":"theMarked:StartUp","floor":3},{"not_picked":["theMarked:Electrify","theMarked:WastefulAttack"],"picked":"theMarked:EmpowerWeapon","floor":4},{"not_picked":["theMarked:Parkour","theMarked:TwofoldDefense"],"picked":"theMarked:Reabsorb","floor":5},{"not_picked":["theMarked:HeightenedSenses","theMarked:GodGivenPower"],"picked":"theMarked:TwofoldDefense","floor":8},{"not_picked":["theMarked:WastefulDefense","theMarked:Aftermath"],"picked":"theMarked:BindingBlade","floor":10},{"not_picked":["theMarked:ComboAttacks","theMarked:TwofoldDefense"],"picked":"theMarked:SwordAndMagic","floor":11},{"not_picked":["theMarked:SoldierForm","theMarked:Aftermath"],"picked":"theMarked:EmpowerWeapon","floor":12},{"not_picked":["theMarked:Snap","theMarked:MuscleMemory"],"picked":"theMarked:Challenge","floor":16},{"not_picked":["theMarked:Frustration","theMarked:EmpowerWeapon"],"picked":"theMarked:BanishingStrike","floor":18},{"not_picked":["theMarked:WardOff","theMarked:ResourceFulStrike"],"picked":"theMarked:ChainLightning","floor":22},{"not_picked":["theMarked:TwofoldDefense+1","theMarked:Improvise"],"picked":"theMarked:ChannelForce","floor":24},{"not_picked":["theMarked:EmpowerWeapon+1","theMarked:Panic"],"picked":"theMarked:Seal","floor":27},{"not_picked":["theMarked:EmpowerWeapon","theMarked:WastefulDefense+1"],"picked":"theMarked:Overcharge","floor":29},{"not_picked":["theMarked:HeightenedSenses+1","theMarked:Frustration"],"picked":"theMarked:BanishingWave","floor":31}],"player_experience":267648,"relics_obtained":[{"floor":3,"key":"foxEvents:LuckyCharm"},{"floor":9,"key":"Pen Nib"},{"floor":12,"key":"Dota2Spire:Desolator"},{"floor":24,"key":"Juzu Bracelet"},{"floor":26,"key":"Strawberry"},{"floor":30,"key":"qcfpunch:Army_Boots"}],"event_choices":[{"damage_healed":0,"gold_gain":0,"player_choice":"RENOUNCE","damage_taken":195,"max_hp_gain":0,"max_hp_loss":0,"event_name":"betterThird:BetterSerpent","floor":7,"gold_loss":195,"cards_obtained":["Enlightenment"]},{"damage_healed":0,"gold_gain":0,"player_choice":"Leave","damage_taken":0,"max_hp_gain":0,"max_hp_loss":0,"event_name":"conspire:Investor","floor":14,"gold_loss":0},{"damage_healed":0,"gold_gain":0,"player_choice":"Bought 2 Potions","damage_taken":0,"max_hp_gain":0,"max_hp_loss":0,"event_name":"The Woman in Blue","floor":20,"gold_loss":0},{"damage_healed":0,"gold_gain":0,"player_choice":"2 cards matched","damage_taken":0,"max_hp_gain":0,"max_hp_loss":0,"event_name":"Match and Keep!","floor":28,"gold_loss":0,"cards_obtained":["expansioncontent:GuardianWhirl","theMarked:Levitate"]}],"is_beta":false,"boss_relics":[{"not_picked":["energizedSpire:OgreHead","aspiration:RunicSpoon"],"picked":"theMarked:BronzeBlade"}],"items_purged_floors":[],"is_endless":false,"potions_floor_spawned":[8,11,16,22,24],"killed_by":"Champ","ascension_level":0}}