{"host":"4cf6pe4l8xfbvuvt","time":1610648489,"event":{"mods":["Act Like it!","Bard","BaseMod","Bestiary","Better Third Choice","BetterRewards","Block Reminder","Colored Map","Colored Powertips","Glutton Mod","GungeonMod","Hermit","Highlight Path","Marisa????????","Minty Spire (QoL Compilation)","Permanent Neow","Quick Restart","Random Character Button","Relic Stats","Remilia??????","Robot Space Explorer","StSLib","The Bug Knight","The Cursed","The Forsaken","The Marked","The Poker Player","The Runesmith","TheBandit"],"gold_per_floor":[217,232,232,232,250,250,10,33,109,149,162,180,11,30,30,160,160,183,217,217,233,256,256,292,292,292,292,305,321,321,28,28,28,28,28],"floor_reached":33,"language":"ENG","playtime":3145,"items_purged":[],"score":269,"play_id":"0275a14b-bbcc-47c3-8ed2-94fff32784a5","local_time":"20210114182129","is_ascension_mode":false,"campfire_choices":[{"data":"wariomod:EndlessBlast","floor":6.0,"key":"SMITH"},{"floor":15.0,"key":"REST"},{"floor":23,"key":"REST"},{"floor":25,"key":"REST"},{"data":"wariomod:SpacialMastery","floor":27,"key":"SMITH"},{"floor":32,"key":"REST"}],"circlet_count":0,"master_deck":["wariomod:Strike","wariomod:Strike","wariomod:Strike","wariomod:Strike","wariomod:Defend","wariomod:Defend","wariomod:Defend","wariomod:Defend","wariomod:Step","wariomod:Leap","wariomod:EndlessBlast+1","wariomod:WhirlwindBurst","wariomod:Hopshield","wariomod:DoubleDash","wariomod:TrekTime","wariomod:Game","wariomod:SmackSlam","wariomod:DoubleDash","wariomod:Bombtime","wariomod:EnergizedBombs","wariomod:Game","wariomod:EmptyMind","wariomod:SpacialMastery+1","CurseOfTheBell","wariomod:Bombshield","wariomod:DeepDig+1","wariomod:PoisonBombs","wariomod:BoomBoom","wariomod:Bombshield+1","wariomod:BoomBoom","wariomod:BoomForm","wariomod:TrekTime","Transmutation"],"relics":["wariomod:TheHat","Bloody Idol","wariomod:SmileyHat","Lantern","Calling Bell","Incense Burner","DemoMod:Bottle","Boot","Red Mask","CultistMask","Nunchaku","Ornamental Fan"],"acts_visited":["Exordium","TheCity"],"potions_floor_usage":[22,24,28,29],"damage_taken":[{"damage":9.0,"enemies":"Cultist","floor":1.0,"turns":4.0},{"damage":0.0,"enemies":"2 Louse","floor":2.0,"turns":2.0},{"damage":0.0,"enemies":"Jaw Worm","floor":5.0,"turns":4.0},{"damage":18.0,"enemies":"Exordium Wildlife","floor":8.0,"turns":5.0},{"damage":12.0,"enemies":"3 Sentries","floor":10.0,"turns":4.0},{"damage":0.0,"enemies":"Blue Slaver","floor":11.0,"turns":2.0},{"damage":4.0,"enemies":"Lots of Slimes","floor":12.0,"turns":2.0},{"damage":0.0,"enemies":"3 Louse","floor":14.0,"turns":1.0},{"damage":30.0,"enemies":"Slime Boss","floor":16.0,"turns":6.0},{"damage":2,"enemies":"Spheric Guardian","floor":18,"turns":4},{"damage":25,"enemies":"Masked Bandits","floor":19,"turns":4},{"damage":17,"enemies":"Shell Parasite","floor":21,"turns":8},{"damage":9,"enemies":"Snecko","floor":22,"turns":5},{"damage":6,"enemies":"Gremlin Leader","floor":24,"turns":8},{"damage":2,"enemies":"Snake Plant","floor":28,"turns":6},{"damage":35,"enemies":"Sentry and Sphere","floor":29,"turns":6},{"damage":86,"enemies":"Automaton","floor":33,"turns":6}],"seed_played":"8305166162560409248","potions_obtained":[{"floor":1.0,"key":"SkillPotion"},{"floor":5.0,"key":"SpeedPotion"},{"floor":10.0,"key":"FearPotion"},{"floor":14.0,"key":"Block Potion"},{"floor":19,"key":"GamblersBrew"},{"floor":22,"key":"Fire Potion"},{"floor":24,"key":"DemoMod:LeadSkinPotion"}],"is_trial":false,"path_per_floor":["M","M","?","?","M","R","$","M","T","E","M","M","$","M","R","B",null,"M","?","?","M","M","R","E","R","T","R","M","M","?","$","R","B"],"character_chosen":"THE_BANDIT","items_purchased":["wariomod:SmileyHat","wariomod:DoubleDash","wariomod:TrekTime","wariomod:EnergizedBombs","wariomod:Game","wariomod:TrekTime","Transmutation","Weak Potion"],"campfire_rested":4,"item_purchase_floors":[7,7,7,13,13,31,31,31],"current_hp_per_floor":[71,71,71,64,64,64,64,46,46,34,34,30,30,30,54,24,80,78,53,53,36,27,51,45,69,69,69,67,32,32,32,56,0,0,0],"gold":28,"neow_bonus":"HUNDRED_GOLD","is_daily":false,"chose_seed":false,"campfire_upgraded":2,"win_rate":0.0,"timestamp":1610648489,"path_taken":["M","M","?","?","M","R","?","M","T","E","M","M","$","M","R","BOSS","M","?","?","M","?","R","E","R","T","R","M","M","?","$","R","BOSS"],"items_purchased_type":["Relic","Card","Card","Card","Card","Card","Card","Potion"],"build_version":"2020-12-22","purchased_purges":0,"victory":false,"max_hp_per_floor":[80,80,80,80,80,80,80,80,80,80,80,80,80,80,80,80,80,80,80,80,80,80,80,80,80,80,80,80,80,80,80,80,80,80,80],"relic_stats":{"Nunchaku":[0],"counters":[17,77],"Ornamental Fan":[20],"Bloody Idol":0,"Boot":[31],"obtain_stats":[{"wariomod:SmileyHat":7,"Lantern":10,"Golden Idol":3,"wariomod:TheHat":0,"DemoMod:WeirdEgg":24,"DemoMod:GlassGuonStoneRelic":1,"Incense Burner":17,"Boot":17,"Calling Bell":17,"Nunchaku":33,"Ornamental Fan":26,"Bloody Idol":30,"CultistMask":20,"Red Mask":19,"DemoMod:Bottle":17},{"wariomod:SmileyHat":3,"Lantern":5,"Golden Idol":2,"wariomod:TheHat":0,"DemoMod:WeirdEgg":14,"DemoMod:GlassGuonStoneRelic":1,"Incense Burner":9,"Boot":9,"Calling Bell":9,"Nunchaku":17,"Ornamental Fan":14,"Bloody Idol":16,"CultistMask":11,"Red Mask":11,"DemoMod:Bottle":9},{"wariomod:SmileyHat":10,"Lantern":19,"Golden Idol":6,"wariomod:TheHat":0,"DemoMod:WeirdEgg":59,"DemoMod:GlassGuonStoneRelic":4,"Incense Burner":30,"Boot":30,"Calling Bell":30,"Nunchaku":76,"Ornamental Fan":59,"Bloody Idol":71,"CultistMask":38,"Red Mask":38,"DemoMod:Bottle":30}]},"card_choices":[{"not_picked":["wariomod:TrekTime","wariomod:SimpleShield"],"picked":"wariomod:EndlessBlast","floor":1.0},{"not_picked":["wariomod:Smackflip","wariomod:Goblast"],"picked":"wariomod:WhirlwindBurst","floor":2.0},{"not_picked":["wariomod:Bombshield","wariomod:EndlessBlast"],"picked":"wariomod:Hopshield","floor":5.0},{"not_picked":["wariomod:Bombshield","wariomod:DoubleDash"],"picked":"wariomod:Game","floor":8.0},{"not_picked":["wariomod:Bombshield","wariomod:TheGrandJourney"],"picked":"wariomod:SmackSlam","floor":10.0},{"not_picked":["wariomod:Game","wariomod:WhirlwindBurst"],"picked":"wariomod:DoubleDash","floor":11.0},{"not_picked":["wariomod:SpikeSlash","wariomod:SimpleShield"],"picked":"wariomod:Bombtime","floor":12.0},{"not_picked":["wariomod:ThatsNotAll","wariomod:DropBash"],"picked":"wariomod:EmptyMind","floor":14.0},{"not_picked":["wariomod:KeyFinisher","wariomod:WipeClean"],"picked":"wariomod:SpacialMastery","floor":16.0},{"not_picked":["wariomod:Goblast+1","wariomod:DonateDraw"],"picked":"wariomod:Bombshield","floor":18},{"not_picked":["wariomod:DoubleDash","wariomod:ImFeelingLucky+1"],"picked":"wariomod:DeepDig+1","floor":19},{"not_picked":["wariomod:Hopshield+1","wariomod:TrekTime"],"picked":"wariomod:PoisonBombs","floor":21},{"not_picked":["wariomod:DanceDash","wariomod:HastyRush+1"],"picked":"wariomod:BoomBoom","floor":22},{"not_picked":["wariomod:SmackSlam","wariomod:Hopshield"],"picked":"wariomod:Bombshield+1","floor":24},{"not_picked":["wariomod:HappyHit","wariomod:Goblast"],"picked":"wariomod:BoomBoom","floor":28},{"not_picked":["wariomod:ChargeForth+1","wariomod:SimpleShield"],"picked":"wariomod:BoomForm","floor":29}],"player_experience":28105,"relics_obtained":[{"floor":10.0,"key":"Lantern"},{"floor":17.0,"key":"Incense Burner"},{"floor":17.0,"key":"DemoMod:Bottle"},{"floor":17.0,"key":"Boot"},{"floor":19,"key":"Red Mask"},{"floor":24,"key":"DemoMod:WeirdEgg"},{"floor":26,"key":"Ornamental Fan"}],"event_choices":[{"damage_healed":0.0,"max_hp_gain":0.0,"max_hp_loss":0.0,"gold_gain":0.0,"event_name":"Golden Idol","player_choice":"Take Wound","floor":3.0,"gold_loss":0.0,"damage_taken":0.0,"relics_obtained":["Golden Idol"],"cards_obtained":["Injury"]},{"cards_removed":["Injury"],"damage_healed":0.0,"max_hp_gain":0.0,"max_hp_loss":0.0,"gold_gain":0.0,"event_name":"Golden Wing","player_choice":"Card Removal","floor":4.0,"gold_loss":0.0,"damage_taken":7.0},{"damage_healed":0,"gold_gain":0,"player_choice":"Fought Bandits","damage_taken":0,"max_hp_gain":0,"max_hp_loss":0,"event_name":"Masked Bandits","floor":19,"gold_loss":0},{"damage_healed":0,"gold_gain":0,"player_choice":"Trade","damage_taken":0,"relics_obtained":["CultistMask"],"max_hp_gain":0,"max_hp_loss":0,"event_name":"FaceTrader","floor":20,"gold_loss":0},{"damage_healed":0,"gold_gain":0,"player_choice":"Gave Idol","damage_taken":0,"relics_obtained":["Bloody Idol"],"max_hp_gain":0,"max_hp_loss":0,"event_name":"Forgotten Altar","floor":30,"relics_lost":["Golden Idol"],"gold_loss":0}],"is_beta":false,"boss_relics":[{"not_picked":["Busted Crown","wariomod:PropellerHat"],"picked":"Calling Bell"}],"items_purged_floors":[],"is_endless":false,"potions_floor_spawned":[1,5,10,14,19,22,24],"killed_by":"Automaton","ascension_level":0}}