{"host":"6jrd8fn9k88n08be","time":1610596414,"event":{"mods":["BaseMod","Minty Spire (QoL Compilation)","StSLib"],"gold_per_floor":[112,128,203,203,75,109,9,27,50,50,66,66,83,96,96,198,248,267,277,297,312,312,344,344,344],"floor_reached":24,"language":"ENG","playtime":2068,"items_purged":["Strike_G","Strike_G"],"score":242,"play_id":"92b6d17b-c746-4d78-8d62-7411690aefe8","local_time":"20210113225334","is_ascension_mode":true,"campfire_choices":[{"floor":10.0,"key":"REST"},{"data":"1","floor":15.0,"key":"LIFT"}],"circlet_count":0,"master_deck":["Strike_G","Strike_G","Strike_G","Defend_G","Defend_G","Defend_G","Defend_G","Defend_G","Survivor","Neutralize+1","Infinite Blades","Underhanded Strike","Prepared","Tactician","Blade Dance","Eviscerate","A Thousand Cuts","Underhanded Strike+1","Malaise","Reflex","Quick Slash","Acrobatics","Flechettes","Dagger Throw+1"],"relics":["Ring of the Snake","Bag of Marbles","Pen Nib","Girya","Dream Catcher","Tiny House","TungstenRod"],"acts_visited":["Exordium","TheCity"],"potions_floor_usage":[23,23],"damage_taken":[{"damage":0.0,"enemies":"Cultist","floor":1.0,"turns":4.0},{"damage":0.0,"enemies":"Small Slimes","floor":2.0,"turns":4.0},{"damage":17.0,"enemies":"3 Sentries","floor":6.0,"turns":12.0},{"damage":0.0,"enemies":"Jaw Worm","floor":8.0,"turns":3.0},{"damage":0.0,"enemies":"2 Fungi Beasts","floor":11.0,"turns":2.0},{"damage":0.0,"enemies":"Gremlin Gang","floor":13.0,"turns":3.0},{"damage":0.0,"enemies":"Red Slaver","floor":14.0,"turns":4.0},{"damage":15.0,"enemies":"Hexaghost","floor":16.0,"turns":8.0},{"damage":10.0,"enemies":"2 Thieves","floor":18.0,"turns":3.0},{"damage":14.0,"enemies":"Shell Parasite","floor":19.0,"turns":3.0},{"damage":13.0,"enemies":"Centurion and Healer","floor":20.0,"turns":7.0},{"damage":7.0,"enemies":"Snecko","floor":21.0,"turns":4.0},{"damage":44,"enemies":"Gremlin Leader","floor":23,"turns":10},{"damage":12,"enemies":"Chosen and Byrds","floor":24,"turns":4}],"seed_played":"-9187201721869060734","potions_obtained":[{"floor":2.0,"key":"Weak Potion"},{"floor":8.0,"key":"SkillPotion"},{"floor":14.0,"key":"GamblersBrew"},{"floor":19.0,"key":"SteroidPotion"}],"is_trial":false,"path_per_floor":["M","M","?","?","$","E","$","M","T","R","M","?","M","M","R","B",null,"M","M","M","M","?","E","M"],"character_chosen":"THE_SILENT","items_purchased":["Prepared"],"campfire_rested":1,"item_purchase_floors":[5],"current_hp_per_floor":[70,70,59,47,47,30,30,30,30,51,51,51,51,51,51,36,75,65,51,38,31,56,12,0,0],"gold":344,"neow_bonus":"RANDOM_COMMON_RELIC","is_daily":false,"chose_seed":false,"campfire_upgraded":0,"win_rate":0.0,"timestamp":1610596414,"path_taken":["M","?","?","?","$","E","?","M","T","R","M","?","M","?","R","BOSS","M","M","M","M","?","E","M"],"items_purchased_type":["Card"],"build_version":"2020-12-22","purchased_purges":2,"victory":false,"max_hp_per_floor":[70,70,70,70,70,70,70,70,70,70,70,70,70,70,70,70,75,75,75,75,75,75,75,75,75],"card_choices":[{"not_picked":["Dodge and Roll","Prepared"],"picked":"Infinite Blades","floor":1.0},{"not_picked":["Sucker Punch","Well Laid Plans"],"picked":"Underhanded Strike","floor":2.0},{"not_picked":["Acrobatics","Leg Sweep"],"picked":"Tactician","floor":6.0},{"not_picked":["Slice","Dodge and Roll"],"picked":"Blade Dance","floor":8.0},{"not_picked":["Outmaneuver","Underhanded Strike"],"picked":"Eviscerate","floor":10.0},{"not_picked":["Dagger Throw","Bane","Terror"],"picked":"SKIP","floor":11.0},{"not_picked":["Dagger Throw","Slice"],"picked":"A Thousand Cuts","floor":13.0},{"not_picked":["Crippling Poison","Distraction"],"picked":"Underhanded Strike","floor":14.0},{"not_picked":["A Thousand Cuts","Die Die Die"],"picked":"Malaise","floor":16.0},{"not_picked":["Dagger Spray","Flying Knee"],"picked":"Reflex","floor":17.0},{"not_picked":["Masterful Stab","Dodge and Roll"],"picked":"Quick Slash","floor":18.0},{"not_picked":["Dagger Throw","Dodge and Roll"],"picked":"Acrobatics","floor":19.0},{"not_picked":["Catalyst","Flying Knee","Slice"],"picked":"SKIP","floor":20.0},{"not_picked":["Outmaneuver","Sucker Punch"],"picked":"Flechettes","floor":21.0},{"not_picked":["Terror","Wraith Form v2"],"picked":"Dagger Throw+1","floor":23}],"player_experience":64559,"relics_obtained":[{"floor":6.0,"key":"Girya"},{"floor":9.0,"key":"Dream Catcher"},{"floor":23,"key":"TungstenRod"}],"event_choices":[{"damage_healed":0.0,"max_hp_gain":0.0,"max_hp_loss":0.0,"gold_gain":75.0,"event_name":"World of Goop","player_choice":"Gather Gold","floor":3.0,"gold_loss":0.0,"damage_taken":11.0},{"damage_healed":0.0,"max_hp_gain":0.0,"max_hp_loss":0.0,"gold_gain":0.0,"event_name":"Scrap Ooze","player_choice":"Success","floor":4.0,"gold_loss":0.0,"damage_taken":12.0,"relics_obtained":["Pen Nib"]},{"damage_healed":0.0,"max_hp_gain":0.0,"max_hp_loss":0.0,"gold_gain":0.0,"event_name":"Upgrade Shrine","player_choice":"Upgraded","floor":12.0,"gold_loss":0.0,"damage_taken":0.0,"cards_upgraded":["Neutralize"]},{"damage_healed":25.0,"max_hp_gain":0.0,"max_hp_loss":0.0,"gold_gain":0.0,"event_name":"The Library","player_choice":"Heal","floor":22.0,"gold_loss":0.0,"damage_taken":0.0}],"is_beta":false,"boss_relics":[{"not_picked":["Busted Crown","Coffee Dripper"],"picked":"Tiny House"}],"items_purged_floors":[5,7],"is_endless":false,"potions_floor_spawned":[2,8,14,16,19],"killed_by":"Chosen and Byrds","ascension_level":2}}