{"host":"l60rmjjsfi0fipmi","time":1610593803,"event":{"mods":["BaseMod","Colored Map","DeckTracker","Hermit","Highlight Path","Jorbs\u0027s Wanderer Trilogy","Minty Spire (QoL Compilation)","StSLib","The Cursed"],"gold_per_floor":[109,59,73,86,86,86,111,111,111,58,20,60,85,38,38,158,158,152,167,167,92,108,108,151,151,151,151,151,172,187,187,187],"floor_reached":31,"language":"ENG","playtime":1747,"items_purged":["Strike_R"],"score":318,"play_id":"c04d48a6-68ed-42ee-a339-ecca5d38c367","local_time":"20210113221003","is_ascension_mode":true,"campfire_choices":[{"data":"Armaments","floor":6,"key":"SMITH"},{"data":"Cleave","floor":8,"key":"SMITH"},{"floor":15,"key":"REST"},{"floor":23,"key":"REST"},{"floor":25,"key":"REST"},{"data":"Iron Wave","floor":27,"key":"SMITH"}],"circlet_count":0,"master_deck":["Defend_R","Defend_R","Defend_R","Defend_R","Bash","Armaments+1","Cleave+1","Metallicize","Flame Barrier","Wild Strike","Clothesline","Flex","Pommel Strike","Shrug It Off","Double Tap","Iron Wave+1","Anger","Cleave+1","Bite","Bite","Bite","Bite","Bite","Uppercut+1","Seeing Red+1"],"relics":["Burning Blood","Golden Idol","Akabeko","White Beast Statue","SlaversCollar","Enchiridion","Dead Branch"],"acts_visited":["Exordium","TheCity"],"potions_floor_usage":[22,22,30,30,31,31],"damage_taken":[{"damage":9,"enemies":"Jaw Worm","floor":1,"turns":4},{"damage":4,"enemies":"Small Slimes","floor":3,"turns":4},{"damage":0,"enemies":"2 Louse","floor":4,"turns":3},{"damage":18,"enemies":"Exordium Wildlife","floor":7,"turns":7},{"damage":27,"enemies":"Lagavulin","floor":12,"turns":9},{"damage":11,"enemies":"Blue Slaver","floor":13,"turns":3},{"damage":18,"enemies":"The Guardian","floor":16,"turns":18},{"damage":25,"enemies":"2 Thieves","floor":18,"turns":4},{"damage":16,"enemies":"Chosen","floor":19,"turns":7},{"damage":20,"enemies":"Snecko","floor":22,"turns":8},{"damage":38,"enemies":"Gremlin Leader","floor":24,"turns":6},{"damage":14,"enemies":"Chosen and Byrds","floor":29,"turns":7},{"damage":39,"enemies":"Sentry and Sphere","floor":30,"turns":10},{"damage":32,"enemies":"Centurion and Healer","floor":31,"turns":5}],"seed_played":"-8647392041906972706","potions_obtained":[{"floor":1,"key":"Weak Potion"},{"floor":3,"key":"BlessingOfTheForge"},{"floor":12,"key":"Weak Potion"},{"floor":22,"key":"BloodPotion"},{"floor":24,"key":"Block Potion"},{"floor":30,"key":"DistilledChaos"}],"is_trial":false,"path_per_floor":["M","?","M","M","?","R","M","R","T","$","?","E","M","$","R","B",null,"M","M","?","$","M","R","E","R","T","R","?","M","M","M"],"character_chosen":"IRONCLAD","items_purchased":["Clothesline","Shrug It Off"],"campfire_rested":3,"item_purchase_floors":[10,14],"current_hp_per_floor":[77,77,79,80,74,74,62,62,62,62,62,41,36,36,58,46,74,55,45,29,29,29,51,19,41,41,41,41,41,22,0,0],"gold":187,"neow_bonus":"THREE_CARDS","is_daily":false,"chose_seed":false,"campfire_upgraded":3,"win_rate":0.0,"timestamp":1610593803,"path_taken":["M","?","M","M","?","R","M","R","T","$","?","E","?","$","R","BOSS","M","M","?","$","M","R","E","R","T","R","?","M","M","M"],"items_purchased_type":["Card","Card"],"build_version":"2020-12-22","purchased_purges":1,"victory":false,"max_hp_per_floor":[80,80,80,80,74,74,74,74,74,74,74,74,74,74,74,74,74,74,74,74,74,74,74,74,74,74,74,74,74,74,74,74],"card_choices":[{"not_picked":["Heavy Blade","Clash"],"picked":"Armaments","floor":0},{"not_picked":["Flame Barrier","Disarm"],"picked":"Cleave","floor":1},{"not_picked":["Clash","True Grit"],"picked":"Metallicize","floor":3},{"not_picked":["Clash","Dark Embrace"],"picked":"Flame Barrier","floor":4},{"not_picked":["Metallicize","Dark Embrace"],"picked":"Wild Strike","floor":7},{"not_picked":["Reckless Charge","Clothesline"],"picked":"Flex","floor":12},{"not_picked":["Clothesline","Body Slam"],"picked":"Pommel Strike","floor":13},{"not_picked":["Limit Break","Fiend Fire"],"picked":"Double Tap","floor":16},{"not_picked":["Dark Embrace","Twin Strike+1"],"picked":"Iron Wave","floor":18},{"not_picked":["Havoc+1","Sever Soul"],"picked":"Anger","floor":19},{"not_picked":["Flame Barrier","Sever Soul+1"],"picked":"Cleave+1","floor":22},{"not_picked":["Flex","Searing Blow","Metallicize"],"picked":"SKIP","floor":24},{"not_picked":["Exhume","Pommel Strike"],"picked":"Uppercut+1","floor":29},{"not_picked":["Cleave+1","Whirlwind+1"],"picked":"Seeing Red+1","floor":30}],"player_experience":391755,"relics_obtained":[{"floor":9,"key":"Akabeko"},{"floor":12,"key":"White Beast Statue"},{"floor":20,"key":"Enchiridion"},{"floor":24,"key":"Blood Vial"},{"floor":26,"key":"Dead Branch"}],"event_choices":[{"cards_removed":["Strike_R"],"damage_healed":0,"gold_gain":0,"player_choice":"Card Removal","damage_taken":0,"max_hp_gain":0,"max_hp_loss":0,"event_name":"The Cleric","floor":2,"gold_loss":50},{"damage_healed":0,"gold_gain":0,"player_choice":"Lose Max HP","damage_taken":0,"relics_obtained":["Golden Idol"],"max_hp_gain":0,"max_hp_loss":6,"event_name":"Golden Idol","floor":5,"gold_loss":0},{"damage_healed":0,"gold_gain":0,"player_choice":"Left Gold","damage_taken":0,"max_hp_gain":0,"max_hp_loss":0,"event_name":"World of Goop","floor":11,"gold_loss":38},{"damage_healed":0,"gold_gain":0,"player_choice":"Obtained Book","damage_taken":16,"max_hp_gain":0,"max_hp_loss":0,"event_name":"Cursed Tome","floor":20,"gold_loss":0},{"damage_healed":0,"gold_gain":0,"player_choice":"Became a vampire (Vial)","damage_taken":0,"max_hp_gain":0,"max_hp_loss":0,"event_name":"Vampires","floor":28,"relics_lost":["Blood Vial"],"gold_loss":0,"cards_obtained":["Bite","Bite","Bite","Bite","Bite"]}],"is_beta":false,"boss_relics":[{"not_picked":["Runic Pyramid","SacredBark"],"picked":"SlaversCollar"}],"items_purged_floors":[21],"is_endless":false,"potions_floor_spawned":[1,3,12,13,16,18,19,22,24,29,30],"killed_by":"Centurion and Healer","ascension_level":3}}