{"host":"pf47v7h0307523iy","time":1610635698,"event":{"mods":["BaseMod","Minty Spire (QoL Compilation)"],"gold_per_floor":[114,114,8,23,23,57,57,3,55,55,68,89,89,120,120,214,214,233,233,233,258,274,274,287,331,331,331,132,132,175,29,29,128,128,141,157,157,181,200,231,231,262,262,300,300,38,38,61,61,61,61,61,61,11,51,51,51],"floor_reached":56,"language":"ENG","playtime":4662,"items_purged":["Strike_G","Strike_G","Defend_G"],"score":2062,"play_id":"0d9a7b1f-1b2a-47da-85fe-2f4dcfe69e7c","local_time":"20210114164818","is_ascension_mode":true,"campfire_choices":[{"data":"Panache","floor":7.0,"key":"SMITH"},{"data":"Predator","floor":10.0,"key":"SMITH"},{"floor":13.0,"key":"REST"},{"data":"Calculated Gamble","floor":15.0,"key":"SMITH"},{"data":"Crippling Poison","floor":23,"key":"SMITH"},{"data":"Calculated Gamble","floor":27,"key":"SMITH"},{"data":"Footwork","floor":32,"key":"SMITH"},{"data":"Well Laid Plans","floor":41,"key":"SMITH"},{"data":"Phantasmal Killer","floor":45,"key":"SMITH"},{"floor":47,"key":"RECALL"},{"data":"Neutralize","floor":49,"key":"SMITH"},{"data":"Dodge and Roll","floor":53,"key":"SMITH"}],"circlet_count":0,"master_deck":["AscendersBane","Defend_G","Defend_G","Defend_G","Survivor","Neutralize+1","Panache+1","Dodge and Roll+1","PiercingWail","Predator+1","Endless Agony","Backflip","Calculated Gamble+1","Corpse Explosion","Blade Dance","Phantasmal Killer+1","Endless Agony","Crippling Poison+1","Dash","PiercingWail","Acrobatics+1","Calculated Gamble+1","Bandage Up","Leg Sweep+1","Footwork+1","Acrobatics","Dodge and Roll+1","Well Laid Plans+1"],"relics":["Ring of the Snake","Golden Idol","Smiling Mask","Sundial","Anchor","Regal Pillow","Coffee Dripper","Prayer Wheel","Oddly Smooth Stone","Tingsha","Busted Crown","Blue Candle","Letter Opener","Orichalcum","Bottled Tornado","Happy Flower"],"acts_visited":["Exordium","TheCity","TheBeyond","TheEnding"],"potions_floor_usage":[25,25,30,30,33,33,40,42,56,56],"damage_taken":[{"damage":7.0,"enemies":"Jaw Worm","floor":1.0,"turns":8.0},{"damage":0.0,"enemies":"2 Louse","floor":4.0,"turns":6.0},{"damage":39.0,"enemies":"Gremlin Nob","floor":6.0,"turns":6.0},{"damage":0.0,"enemies":"Cultist","floor":11.0,"turns":3.0},{"damage":0.0,"enemies":"Large Slime","floor":12.0,"turns":4.0},{"damage":15.0,"enemies":"3 Sentries","floor":14.0,"turns":7.0},{"damage":21.0,"enemies":"The Guardian","floor":16.0,"turns":11.0},{"damage":5.0,"enemies":"2 Thieves","floor":18.0,"turns":3.0},{"damage":0.0,"enemies":"3 Byrds","floor":21.0,"turns":2.0},{"damage":8,"enemies":"Shelled Parasite and Fungi","floor":22,"turns":5},{"damage":12,"enemies":"Snake Plant","floor":24,"turns":3},{"damage":8,"enemies":"Gremlin Leader","floor":25,"turns":4},{"damage":0,"enemies":"Book of Stabbing","floor":30,"turns":5},{"damage":3,"enemies":"Champ","floor":33,"turns":14},{"damage":0,"enemies":"3 Shapes","floor":35,"turns":3},{"damage":0,"enemies":"Orb Walker","floor":36,"turns":3},{"damage":8,"enemies":"Writhing Mass","floor":38,"turns":3},{"damage":0,"enemies":"3 Darklings","floor":39,"turns":2},{"damage":14,"enemies":"Giant Head","floor":40,"turns":7},{"damage":0,"enemies":"Nemesis","floor":42,"turns":5},{"damage":16,"enemies":"Reptomancer","floor":44,"turns":5},{"damage":0,"enemies":"Sphere and 2 Shapes","floor":48,"turns":4},{"damage":4,"enemies":"Donu and Deca","floor":50,"turns":8},{"damage":24,"enemies":"Time Eater","floor":51,"turns":19},{"damage":11,"enemies":"Shield and Spear","floor":55,"turns":5},{"damage":55,"enemies":"The Heart","floor":56,"turns":3}],"seed_played":"7128077642372889527","potions_obtained":[{"floor":1.0,"key":"Regen Potion"},{"floor":6.0,"key":"Poison Potion"},{"floor":14.0,"key":"Poison Potion"},{"floor":24,"key":"SkillPotion"},{"floor":25,"key":"Swift Potion"},{"floor":30,"key":"SpeedPotion"},{"floor":33,"key":"Regen Potion"},{"floor":38,"key":"AttackPotion"},{"floor":40,"key":"Fruit Juice"},{"floor":55,"key":"EssenceOfSteel"}],"is_trial":false,"path_per_floor":["M","?","$","M","?","E","R","?","T","R","M","M","R","E","R","B",null,"M","?","?","M","M","R","M","E","T","R","$","?","E","$","R","B",null,"M","M","?","M","M","E","R","E","T","E","R","$","R","M","R","B","B",null,"R","$","E","B"],"character_chosen":"THE_SILENT","items_purchased":["PiercingWail","BlessingOfTheForge","Bandage Up","Poison Potion","Footwork","SteroidPotion","Bottled Tornado"],"campfire_rested":1,"item_purchase_floors":[3,3,28,28,31,31,46],"current_hp_per_floor":[37,37,37,37,57,30,30,30,30,30,30,30,48,33,33,12,48,43,43,43,43,35,35,23,15,15,15,15,15,19,19,19,20,50,54,58,58,52,56,46,46,60,60,48,48,48,48,52,52,52,32,53,53,53,46,0,0],"gold":51,"neow_bonus":"RANDOM_COLORLESS_2","is_daily":false,"chose_seed":false,"campfire_upgraded":10,"win_rate":0.0,"timestamp":1610635698,"path_taken":["M","?","$","M","?","E","R","?","T","R","?","M","R","E","R","BOSS","M","?","?","M","?","R","M","E","T","R","?","?","E","$","R","BOSS","M","M","?","M","M","E","R","E","T","E","R","?","R","?","R","BOSS","BOSS","R","$","E","BOSS"],"items_purchased_type":["Card","Potion","Card","Potion","Card","Potion","Relic"],"build_version":"2020-12-22","purchased_purges":3,"victory":false,"max_hp_per_floor":[66,60,60,60,60,60,60,60,60,60,60,60,60,60,60,60,60,60,60,60,60,60,60,60,60,60,60,60,60,60,60,60,60,60,60,60,60,60,60,60,60,60,60,60,60,60,60,60,60,60,60,60,60,60,60,65,65],"card_choices":[{"not_picked":["Magnetism","Mayhem"],"picked":"Panache","floor":0.0},{"not_picked":["Accuracy","Acrobatics"],"picked":"Dodge and Roll","floor":1.0},{"not_picked":["Slice","Catalyst"],"picked":"Predator","floor":4.0},{"not_picked":["Slice","Concentrate","Outmaneuver"],"picked":"SKIP","floor":6.0},{"not_picked":["PiercingWail","Skewer"],"picked":"Endless Agony","floor":11.0},{"not_picked":["PiercingWail","Cloak And Dagger"],"picked":"Backflip","floor":12.0},{"not_picked":["Blur","Heel Hook"],"picked":"Calculated Gamble","floor":14.0},{"not_picked":["Burst","Envenom"],"picked":"Corpse Explosion","floor":16.0},{"not_picked":["Flying Knee","Poisoned Stab"],"picked":"Blade Dance","floor":18.0},{"not_picked":["Acrobatics","Deadly Poison"],"picked":"Dash","floor":21.0},{"not_picked":["Tools of the Trade","Blade Dance"],"picked":"PiercingWail","floor":22},{"not_picked":["Predator","Deadly Poison"],"picked":"Acrobatics+1","floor":24},{"not_picked":["Prepared","Sucker Punch"],"picked":"Calculated Gamble","floor":25},{"not_picked":["Underhanded Strike","Bane+1"],"picked":"Leg Sweep+1","floor":30},{"not_picked":["Backstab"],"picked":"SKIP","floor":35},{"not_picked":["Choke+1"],"picked":"SKIP","floor":35},{"not_picked":[],"picked":"Acrobatics","floor":36},{"not_picked":["Concentrate"],"picked":"SKIP","floor":36},{"not_picked":[],"picked":"Dodge and Roll+1","floor":38},{"not_picked":["Poisoned Stab"],"picked":"SKIP","floor":38},{"not_picked":[],"picked":"Well Laid Plans","floor":39},{"not_picked":["Outmaneuver+1"],"picked":"SKIP","floor":39},{"not_picked":["Flying Knee"],"picked":"SKIP","floor":40},{"not_picked":["Concentrate"],"picked":"SKIP","floor":42},{"not_picked":["Dodge and Roll"],"picked":"SKIP","floor":44},{"not_picked":["Terror"],"picked":"SKIP","floor":48},{"not_picked":["Crippling Poison"],"picked":"SKIP","floor":48},{"not_picked":["Choke"],"picked":"SKIP","floor":55}],"player_experience":1641086,"relics_obtained":[{"floor":6.0,"key":"Smiling Mask"},{"floor":9.0,"key":"Anchor"},{"floor":14.0,"key":"Regal Pillow"},{"floor":25,"key":"Prayer Wheel"},{"floor":26,"key":"Oddly Smooth Stone"},{"floor":30,"key":"Tingsha"},{"floor":40,"key":"Blue Candle"},{"floor":42,"key":"Letter Opener"},{"floor":44,"key":"Orichalcum"},{"floor":55,"key":"Happy Flower"}],"event_choices":[{"damage_healed":0.0,"max_hp_gain":0.0,"max_hp_loss":6.0,"gold_gain":0.0,"event_name":"Golden Idol","player_choice":"Lose Max HP","floor":2.0,"gold_loss":0.0,"damage_taken":0.0,"relics_obtained":["Golden Idol"]},{"damage_healed":20.0,"max_hp_gain":0.0,"max_hp_loss":0.0,"gold_gain":0.0,"event_name":"Big Fish","player_choice":"Banana","floor":5.0,"gold_loss":0.0,"damage_taken":0.0},{"damage_healed":0.0,"max_hp_gain":0.0,"max_hp_loss":0.0,"gold_gain":0.0,"event_name":"WeMeetAgain","player_choice":"Paid Gold","floor":8.0,"gold_loss":54.0,"damage_taken":0.0,"relics_obtained":["Sundial"]},{"damage_healed":0.0,"max_hp_gain":0.0,"max_hp_loss":0.0,"gold_gain":0.0,"cards_transformed":["Strike_G","Strike_G"],"event_name":"Drug Dealer","player_choice":"Became Test Subject","floor":19.0,"gold_loss":0.0,"damage_taken":0.0,"cards_obtained":["Phantasmal Killer","Endless Agony"]},{"damage_healed":0.0,"max_hp_gain":0.0,"max_hp_loss":0.0,"gold_gain":0.0,"cards_transformed":["Strike_G"],"event_name":"Transmorgrifier","player_choice":"Transformed","floor":20.0,"gold_loss":0.0,"damage_taken":0.0,"cards_obtained":["Crippling Poison"]},{"damage_healed":0,"gold_gain":0,"player_choice":"Ignored","damage_taken":0,"max_hp_gain":0,"max_hp_loss":0,"event_name":"Vampires","floor":29,"gold_loss":0},{"cards_removed":["Defend_G"],"damage_healed":0,"gold_gain":0,"player_choice":"Purged","damage_taken":0,"max_hp_gain":0,"max_hp_loss":0,"event_name":"Purifier","floor":37,"gold_loss":0}],"is_beta":false,"boss_relics":[{"not_picked":["WristBlade","Black Star"],"picked":"Coffee Dripper"},{"not_picked":["Sozu","Snecko Eye"],"picked":"Busted Crown"}],"items_purged_floors":[28,31,54],"is_endless":false,"potions_floor_spawned":[1,6,14,24,25,30,33,38,39,40,55],"killed_by":"The Heart","ascension_level":20}}