{"host":"j4g6ia6asvpyu2b0","time":1610585809,"event":{"mods":["BaseMod","Colored Map","Minty Spire (QoL Compilation)","Permanent Neow","Quick Restart","Relic Stats","StSLib","Unceasing Turn Reminder"],"gold_per_floor":[119,119,69,69,81,109,109,143,143,160,177,211,223,11,11,111,111,129,129,141,154,171,171,26,26,26],"floor_reached":25,"language":"ENG","playtime":538,"items_purged":[],"score":381,"play_id":"71e4a998-b76b-49b6-9161-6fb6542b6b64","local_time":"20210113175649","is_ascension_mode":true,"campfire_choices":[{"data":"1","floor":7.0,"key":"LIFT"},{"data":"2","floor":15,"key":"LIFT"},{"floor":23,"key":"REST"}],"circlet_count":0,"master_deck":["AscendersBane","Strike_B","Strike_B","Strike_B","Defend_B","Defend_B","Defend_B","Defend_B+1","Zap","Dualcast+1","Ball Lightning","Compile Driver","Sweeping Beam","Gash","Cold Snap","Melter","All For One","Melter","All For One","Rebound","RitualDagger","Capacitor","Loop","Chaos+1"],"relics":["Cracked Core","NeowsBlessing","Question Card","Girya","Toy Ornithopter","MawBank","Lee\u0027s Waffle","Sozu","DataDisk"],"acts_visited":["Exordium","TheCity"],"potions_floor_usage":[10],"damage_taken":[{"damage":0.0,"enemies":"Cultist","floor":1.0,"turns":1.0},{"damage":0.0,"enemies":"Jaw Worm","floor":5.0,"turns":1.0},{"damage":0.0,"enemies":"3 Sentries","floor":6.0,"turns":1.0},{"damage":20.0,"enemies":"Lagavulin","floor":8.0,"turns":7.0},{"damage":0,"enemies":"2 Louse","floor":10,"turns":1},{"damage":13,"enemies":"Large Slime","floor":11,"turns":3},{"damage":12,"enemies":"3 Sentries","floor":12,"turns":5},{"damage":26,"enemies":"Slime Boss","floor":16,"turns":7},{"damage":20,"enemies":"2 Thieves","floor":18,"turns":3},{"damage":7,"enemies":"Chosen","floor":20,"turns":3},{"damage":8,"enemies":"Snecko","floor":21,"turns":3},{"damage":14,"enemies":"Cultist and Chosen","floor":22,"turns":5},{"damage":51,"enemies":"Gremlin Leader","floor":25,"turns":6}],"seed_played":"-4380421954873546364","potions_obtained":[{"floor":6.0,"key":"Ancient Potion"},{"floor":8.0,"key":"SneckoOil"},{"floor":12,"key":"PotionOfCapacity"},{"floor":16,"key":"AttackPotion"}],"is_trial":false,"path_per_floor":["M","?","?","?","M","E","R","E","T","M","M","E","$","$","R","B",null,"M","?","M","M","M","R","$","E"],"character_chosen":"DEFECT","items_purchased":["Lee\u0027s Waffle","Melter","DataDisk"],"campfire_rested":1,"item_purchase_floors":[14,14,24],"current_hp_per_floor":[68,61,61,46,46,46,46,26,26,31,18,6,6,82,82,56,76,56,50,43,35,21,45,45,0,0],"gold":26,"neow_bonus":"THREE_ENEMY_KILL","is_daily":false,"chose_seed":false,"campfire_upgraded":0,"win_rate":0.0,"timestamp":1610585809,"path_taken":["M","?","?","?","M","E","R","E","T","M","M","E","?","$","R","BOSS","M","?","M","M","M","R","$","E"],"items_purchased_type":["Relic","Card","Relic"],"build_version":"2020-12-22","purchased_purges":0,"victory":false,"max_hp_per_floor":[75,75,75,75,75,75,75,75,75,75,75,75,75,82,82,82,82,82,82,82,82,82,82,82,82,82],"relic_stats":{"Sozu":1,"Lee\u0027s Waffle":76,"counters":[13,46],"Question Card":11,"MawBank":24,"obtain_stats":[{"Sozu":17,"Girya":6,"Lee\u0027s Waffle":14,"DataDisk":24,"NeowsBlessing":0,"Cracked Core":0,"Question Card":2,"MawBank":12,"Toy Ornithopter":8},{"Sozu":8,"Girya":3,"Lee\u0027s Waffle":7,"DataDisk":12,"NeowsBlessing":0,"Cracked Core":0,"Question Card":1,"MawBank":7,"Toy Ornithopter":4},{"Sozu":26,"Girya":3,"Lee\u0027s Waffle":19,"DataDisk":40,"NeowsBlessing":0,"Cracked Core":0,"Question Card":1,"MawBank":19,"Toy Ornithopter":10}],"Toy Ornithopter":5},"card_choices":[{"not_picked":["Cold Snap","Blizzard"],"picked":"Ball Lightning","floor":1.0},{"not_picked":["Leap","Streamline","Hologram"],"picked":"Compile Driver","floor":5.0},{"not_picked":["White Noise","Redo","Turbo"],"picked":"Sweeping Beam","floor":6.0},{"not_picked":["Beam Cell","Reboot","Coolheaded"],"picked":"Gash","floor":8.0},{"not_picked":["Consume","Tempest","Streamline"],"picked":"Cold Snap","floor":10},{"not_picked":["Leap","Gash","Go for the Eyes"],"picked":"Melter","floor":11},{"not_picked":["Defragment","Melter","Gash"],"picked":"All For One","floor":12},{"not_picked":["Creative AI","Fission","Machine Learning"],"picked":"All For One","floor":16},{"not_picked":["Scrape","Go for the Eyes","Stack+1"],"picked":"Rebound","floor":18},{"not_picked":["Leap","Conserve Battery","Go for the Eyes+1"],"picked":"Capacitor","floor":20},{"not_picked":["Doom and Gloom","Hologram","Rebound"],"picked":"Loop","floor":21},{"not_picked":["Undo","Turbo","Fusion"],"picked":"Chaos+1","floor":22}],"player_experience":840428,"relics_obtained":[{"floor":6.0,"key":"Girya"},{"floor":8.0,"key":"Toy Ornithopter"},{"floor":12,"key":"MawBank"}],"event_choices":[{"damage_healed":0.0,"max_hp_gain":0.0,"max_hp_loss":0.0,"gold_gain":0.0,"event_name":"Scrap Ooze","player_choice":"Success","floor":2.0,"gold_loss":0.0,"damage_taken":7.0,"relics_obtained":["Question Card"]},{"cards_removed":["Strike_B"],"damage_healed":0.0,"max_hp_gain":0.0,"max_hp_loss":0.0,"gold_gain":0.0,"event_name":"The Cleric","player_choice":"Card Removal","floor":3.0,"gold_loss":50.0,"damage_taken":0.0},{"damage_healed":0.0,"max_hp_gain":0.0,"max_hp_loss":0.0,"gold_gain":0.0,"event_name":"Shining Light","player_choice":"Entered Light","floor":4.0,"gold_loss":0.0,"damage_taken":15.0,"cards_upgraded":["Dualcast","Defend_B"]},{"damage_healed":0,"gold_gain":0,"player_choice":"Joined the Cult","damage_taken":6,"max_hp_gain":0,"max_hp_loss":0,"event_name":"Nest","floor":19,"gold_loss":0,"cards_obtained":["RitualDagger"]}],"is_beta":false,"boss_relics":[{"not_picked":["FrozenCore","Tiny House"],"picked":"Sozu"}],"items_purged_floors":[],"is_endless":false,"potions_floor_spawned":[6,8,12,16,21],"killed_by":"Gremlin Leader","ascension_level":11}}