{"host":"qgkp8fvf2r7f4qmn","time":1610622913,"event":{"mods":["AchievementEnabler","BaseMod","Colored Map","Minty Spire (QoL Compilation)","Rare Cards Sparkle","SuperFastMode"],"gold_per_floor":[116,136,136,153,166,166,196,231,231,297,262,278,296,70,70,70,70],"floor_reached":16,"language":"KOR","playtime":835,"items_purged":[],"score":102,"play_id":"b52b9bae-aab8-40e6-95ab-8c05c318098e","local_time":"20210114201513","is_ascension_mode":false,"campfire_choices":[{"data":"Entrench","floor":6,"key":"SMITH"},{"floor":15,"key":"REST"}],"circlet_count":0,"master_deck":["Strike_R","Strike_R","Strike_R","Strike_R","Strike_R","Defend_R","Defend_R","Defend_R","Defend_R","Bash","Flex","Wild Strike","Entrench+1","Headbutt","Body Slam","Rage","Warcry","Body Slam","Metallicize"],"relics":["Burning Blood","NeowsBlessing","Odd Mushroom","Ancient Tea Set","Bag of Marbles","TheAbacus"],"acts_visited":["Exordium"],"potions_floor_usage":[8,8,16],"damage_taken":[{"damage":0,"enemies":"Small Slimes","floor":1,"turns":1},{"damage":0,"enemies":"Jaw Worm","floor":2,"turns":1},{"damage":0,"enemies":"Cultist","floor":4,"turns":1},{"damage":14,"enemies":"Large Slime","floor":5,"turns":6},{"damage":38,"enemies":"The Mushroom Lair","floor":7,"turns":6},{"damage":33,"enemies":"Lagavulin","floor":8,"turns":9},{"damage":11,"enemies":"2 Fungi Beasts","floor":12,"turns":3},{"damage":5,"enemies":"3 Louse","floor":13,"turns":3},{"damage":63,"enemies":"Hexaghost","floor":16,"turns":10}],"seed_played":"6319653388086599193","potions_obtained":[{"floor":2,"key":"Strength Potion"},{"floor":7,"key":"Block Potion"},{"floor":13,"key":"Strength Potion"}],"is_trial":false,"path_per_floor":["M","M","?","M","M","R","?","E","T","?","?","M","M","$","R","B"],"character_chosen":"IRONCLAD","items_purchased":["TheAbacus","Metallicize"],"campfire_rested":1,"item_purchase_floors":[14,14],"current_hp_per_floor":[80,80,85,85,77,77,45,18,18,18,39,34,35,35,60,0,0],"gold":70,"neow_bonus":"THREE_ENEMY_KILL","is_daily":false,"chose_seed":false,"campfire_upgraded":1,"win_rate":0.0,"timestamp":1610622913,"path_taken":["M","M","?","M","M","R","?","E","T","?","?","?","M","$","R","BOSS"],"items_purchased_type":["Relic","Card"],"build_version":"2020-12-22","purchased_purges":0,"victory":false,"max_hp_per_floor":[80,80,85,85,85,85,85,85,85,85,85,85,85,85,85,85,85],"card_choices":[{"not_picked":["Shrug It Off","Fire Breathing"],"picked":"Flex","floor":1},{"not_picked":["Sword Boomerang","Clothesline"],"picked":"Wild Strike","floor":2},{"not_picked":["Shrug It Off","Uppercut"],"picked":"Entrench","floor":4},{"not_picked":["Shrug It Off","Sword Boomerang"],"picked":"Headbutt","floor":5},{"not_picked":["Carnage","Spot Weakness"],"picked":"Body Slam","floor":7},{"not_picked":["Bludgeon","Intimidate"],"picked":"Rage","floor":8},{"not_picked":["Twin Strike","Clothesline"],"picked":"Warcry","floor":12},{"not_picked":["Thunderclap","Cleave"],"picked":"Body Slam","floor":13}],"player_experience":84996,"relics_obtained":[{"floor":7,"key":"Odd Mushroom"},{"floor":8,"key":"Ancient Tea Set"},{"floor":9,"key":"Bag of Marbles"}],"event_choices":[{"damage_healed":0,"gold_gain":0,"player_choice":"Donut","damage_taken":0,"max_hp_gain":5,"max_hp_loss":0,"event_name":"Big Fish","floor":3,"gold_loss":0},{"damage_healed":0,"gold_gain":0,"player_choice":"Fought Mushrooms","damage_taken":0,"max_hp_gain":0,"max_hp_loss":0,"event_name":"Mushrooms","floor":7,"gold_loss":0},{"damage_healed":0,"gold_gain":66,"player_choice":"Gained Gold","damage_taken":0,"max_hp_gain":0,"max_hp_loss":0,"event_name":"Golden Wing","floor":10,"gold_loss":0},{"damage_healed":21,"gold_gain":0,"player_choice":"Healed","damage_taken":0,"max_hp_gain":0,"max_hp_loss":0,"event_name":"The Cleric","floor":11,"gold_loss":35}],"is_beta":false,"boss_relics":[],"items_purged_floors":[],"is_endless":false,"potions_floor_spawned":[2,7,13],"killed_by":"Hexaghost","ascension_level":0}}