{"host":"obplhmlw33xb91v8","time":1610634071,"event":{"mods":["BaseMod","Curses Come First","Evolution","Minty Spire (QoL Compilation)","Quick Restart","Relic Stats","Spicy Shops","StSLib","Uncapped","Waifu the Spire","slay the spire mod where everything is the same but ironclad has a cowboy hat"],"gold_per_floor":[109,38,48,62,62,87,262,262,262,34,48,80,110,138,138,238,238,257,271,271,9,24,57,57,73,73,105,105,120,120,155,155,155,155],"floor_reached":33,"language":"ENG","playtime":1315,"items_purged":["Doubt","Strike_G"],"score":473,"play_id":"1d6f4d5e-e54a-426c-ac06-1c4d96358a18","local_time":"20210114092111","is_ascension_mode":true,"campfire_choices":[{"data":"Backflip","floor":8,"key":"SMITH"},{"floor":15,"key":"REST"},{"data":"Adrenaline","floor":24,"key":"SMITH"},{"floor":30,"key":"REST"},{"data":"Infinite Blades","floor":32,"key":"SMITH"}],"circlet_count":0,"master_deck":["Dagger Spray+1","Dagger Spray","Strike_G","Strike_G","Defend_G","Defend_G","Defend_G","Defend_G","Defend_G","Survivor","Neutralize","CurseOfTheBell","Infinite Blades+1","Blur+1","Blade Dance","Glass Knife","Backflip+1","PiercingWail","Sucker Punch","Dodge and Roll","Prepared","Heel Hook","Blade Dance","Adrenaline+1","Blade Dance+1","Blade Dance","Footwork","Backflip","Outmaneuver+1","Underhanded Strike","Prepared","Accuracy"],"relics":["EVO:Axolotl","Calling Bell","Bag of Marbles","InkBottle","Prayer Wheel","Oddly Smooth Stone","Ice Cream","Tingsha","Omamori","Juzu Bracelet","Odd Mushroom","Orichalcum","WristBlade","White Beast Statue","Tough Bandages","Letter Opener","Singing Bowl","Smiling Mask","MealTicket"],"acts_visited":["Exordium","TheCity"],"potions_floor_usage":[12,12,16,16,31,33,33],"damage_taken":[{"damage":7,"enemies":"Small Slimes","floor":1,"turns":2},{"damage":0,"enemies":"2 Louse","floor":3,"turns":1},{"damage":0,"enemies":"Jaw Worm","floor":4,"turns":4},{"damage":10,"enemies":"Gremlin Nob","floor":6,"turns":4},{"damage":0,"enemies":"Looter","floor":11,"turns":4},{"damage":0,"enemies":"Lagavulin","floor":12,"turns":7},{"damage":10,"enemies":"The Mushroom Lair","floor":13,"turns":4},{"damage":6,"enemies":"3 Sentries","floor":14,"turns":6},{"damage":28,"enemies":"The Guardian","floor":16,"turns":10},{"damage":15,"enemies":"2 Thieves","floor":18,"turns":3},{"damage":0,"enemies":"Spheric Guardian","floor":19,"turns":3},{"damage":3,"enemies":"3 Cultists","floor":22,"turns":4},{"damage":0,"enemies":"Slavers","floor":23,"turns":4},{"damage":0,"enemies":"Shelled Parasite and Fungi","floor":25,"turns":2},{"damage":16,"enemies":"Book of Stabbing","floor":27,"turns":4},{"damage":0,"enemies":"Chosen and Byrds","floor":29,"turns":3},{"damage":18,"enemies":"Gremlin Leader","floor":31,"turns":4},{"damage":62,"enemies":"Automaton","floor":33,"turns":6}],"seed_played":"-3257295702421445425","potions_obtained":[{"floor":4,"key":"DistilledChaos"},{"floor":6,"key":"DistilledChaos"},{"floor":13,"key":"CultistPotion"},{"floor":14,"key":"Weak Potion"},{"floor":19,"key":"Regen Potion"},{"floor":31,"key":"AttackPotion"}],"is_trial":false,"path_per_floor":["M","$","M","M","?","E","?","R","T","$","M","E","?","E","R","B",null,"M","M","?","$","M","E","R","M","T","E","?","M","R","E","R","B"],"character_chosen":"THE_SILENT","items_purchased":["Oddly Smooth Stone","Omamori","Weak Potion","Tough Bandages","Footwork"],"campfire_rested":2,"item_purchase_floors":[2,10,10,21,21],"current_hp_per_floor":[63,63,63,63,49,39,39,39,39,39,39,39,29,23,44,16,70,55,55,55,55,52,52,52,52,52,38,38,40,62,55,55,0,0],"gold":155,"neow_bonus":"BOSS_RELIC","is_daily":false,"chose_seed":false,"campfire_upgraded":3,"win_rate":0.0,"timestamp":1610634071,"path_taken":["M","$","M","M","?","E","?","R","T","$","M","E","?","E","R","BOSS","M","M","?","$","M","E","R","M","T","E","?","M","R","E","R","BOSS"],"items_purchased_type":["Relic","Relic","Potion","Relic","Card"],"build_version":"2020-12-22","purchased_purges":2,"victory":false,"max_hp_per_floor":[70,70,70,70,70,70,70,70,70,70,70,70,70,70,70,70,70,70,70,70,70,70,70,70,70,70,72,72,74,74,76,76,76,76],"relic_stats":{"Tough Bandages":[39],"Singing Bowl":6,"counters":[18,75],"Prayer Wheel":9,"Tingsha":[71],"MealTicket":0,"Juzu Bracelet":0,"Letter Opener":[106],"Orichalcum":[66],"Smiling Mask":0,"obtain_stats":[{"Ice Cream":6,"Singing Bowl":26,"Oddly Smooth Stone":2,"Tingsha":9,"Omamori":10,"Juzu Bracelet":12,"EVO:Axolotl":0,"Letter Opener":23,"Odd Mushroom":13,"Orichalcum":14,"Smiling Mask":27,"White Beast Statue":20,"Calling Bell":0,"Tough Bandages":21,"WristBlade":17,"Prayer Wheel":0,"MealTicket":31,"Bag of Marbles":0,"InkBottle":0,"Ring of the Snake":0},{"Ice Cream":4,"Singing Bowl":14,"Oddly Smooth Stone":1,"Tingsha":4,"Omamori":4,"Juzu Bracelet":6,"EVO:Axolotl":0,"Letter Opener":13,"Odd Mushroom":7,"Orichalcum":8,"Smiling Mask":15,"White Beast Statue":11,"Calling Bell":0,"Tough Bandages":11,"WristBlade":9,"Prayer Wheel":0,"MealTicket":17,"Bag of Marbles":0,"InkBottle":0,"Ring of the Snake":0},{"Ice Cream":11,"Singing Bowl":58,"Oddly Smooth Stone":2,"Tingsha":11,"Omamori":11,"Juzu Bracelet":22,"EVO:Axolotl":0,"Letter Opener":56,"Odd Mushroom":26,"Orichalcum":32,"Smiling Mask":62,"White Beast Statue":48,"Calling Bell":0,"Tough Bandages":48,"WristBlade":42,"Prayer Wheel":0,"MealTicket":69,"Bag of Marbles":0,"InkBottle":0,"Ring of the Snake":0}],"InkBottle":[42]},"card_choices":[{"not_picked":["Sucker Punch","Leg Sweep"],"picked":"Infinite Blades","floor":1},{"not_picked":["Quick Slash","Crippling Poison"],"picked":"Blur","floor":1},{"not_picked":["Flying Knee","Underhanded Strike"],"picked":"Blade Dance","floor":3},{"not_picked":["PiercingWail","Concentrate"],"picked":"Glass Knife","floor":3},{"not_picked":["PiercingWail","Deadly Poison"],"picked":"Backflip","floor":4},{"not_picked":["All Out Attack","Blade Dance"],"picked":"PiercingWail","floor":4},{"not_picked":["Poisoned Stab","Quick Slash"],"picked":"Sucker Punch","floor":6},{"not_picked":["Bane","Slice"],"picked":"Dodge and Roll","floor":11},{"not_picked":["Concentrate","Heel Hook"],"picked":"Prepared","floor":11},{"not_picked":["Escape Plan","Caltrops"],"picked":"Heel Hook","floor":12},{"not_picked":["All Out Attack","Bouncing Flask"],"picked":"Blade Dance","floor":14},{"not_picked":["Malaise","Wraith Form v2"],"picked":"Adrenaline","floor":16},{"not_picked":["Concentrate","Dagger Spray"],"picked":"Blade Dance+1","floor":18},{"not_picked":["Slice","Well Laid Plans","Bane"],"picked":"SKIP","floor":18},{"not_picked":["Deadly Poison+1","Underhanded Strike"],"picked":"Blade Dance","floor":19},{"not_picked":["Deadly Poison+1","Poisoned Stab","Acrobatics"],"picked":"SKIP","floor":19},{"not_picked":["Dagger Spray","Night Terror"],"picked":"Backflip","floor":22},{"not_picked":["Dodge and Roll","Endless Agony"],"picked":"Outmaneuver+1","floor":22},{"not_picked":["Dodge and Roll","Grand Finale"],"picked":"Underhanded Strike","floor":23},{"not_picked":["Distraction","Dodge and Roll"],"picked":"Prepared","floor":25},{"not_picked":["Outmaneuver","Concentrate","Quick Slash"],"picked":"SKIP","floor":25},{"not_picked":["Noxious Fumes","Acrobatics+1","Quick Slash"],"picked":"Singing Bowl","floor":27},{"not_picked":["Flying Knee+1","Bane","Deflect"],"picked":"Singing Bowl","floor":29},{"not_picked":["Footwork","Crippling Poison+1"],"picked":"Accuracy","floor":29},{"not_picked":["Skewer","Well Laid Plans","Backstab"],"picked":"Singing Bowl","floor":31}],"player_experience":184126,"relics_obtained":[{"floor":0,"key":"Bag of Marbles"},{"floor":0,"key":"InkBottle"},{"floor":0,"key":"Prayer Wheel"},{"floor":6,"key":"Ice Cream"},{"floor":9,"key":"Tingsha"},{"floor":12,"key":"Juzu Bracelet"},{"floor":13,"key":"Odd Mushroom"},{"floor":14,"key":"Orichalcum"},{"floor":23,"key":"Letter Opener"},{"floor":26,"key":"Singing Bowl"},{"floor":27,"key":"Smiling Mask"},{"floor":31,"key":"MealTicket"}],"event_choices":[{"damage_healed":0,"gold_gain":0,"player_choice":"Entered Light","damage_taken":14,"max_hp_gain":0,"max_hp_loss":0,"event_name":"Shining Light","floor":5,"gold_loss":0,"cards_upgraded":["Dagger Spray","Blur"]},{"damage_healed":0,"gold_gain":175,"player_choice":"AGREE","damage_taken":0,"max_hp_gain":0,"max_hp_loss":0,"event_name":"Liars Game","floor":7,"gold_loss":0,"cards_obtained":["Doubt"]},{"damage_healed":0,"gold_gain":0,"player_choice":"Fought Mushrooms","damage_taken":0,"max_hp_gain":0,"max_hp_loss":0,"event_name":"Mushrooms","floor":13,"gold_loss":0},{"damage_healed":0,"gold_gain":0,"player_choice":"Opened","damage_taken":0,"relics_obtained":["White Beast Statue"],"max_hp_gain":0,"max_hp_loss":0,"event_name":"The Mausoleum","floor":20,"gold_loss":0,"cards_obtained":["Writhe"]},{"damage_healed":0,"gold_gain":0,"player_choice":"Got Potions","damage_taken":0,"max_hp_gain":0,"max_hp_loss":0,"event_name":"Lab","floor":28,"gold_loss":0}],"is_beta":false,"boss_relics":[{"not_picked":["SlaversCollar","Black Star"],"picked":"WristBlade"}],"items_purged_floors":[10,21],"is_endless":false,"potions_floor_spawned":[4,6,11,13,14,19,22,23,25,27,29,31],"killed_by":"Automaton","ascension_level":4}}