{"host":"gzwwvnucm264f2jm","time":1610648739,"event":{"mods":["AchievementEnabler","BaseMod","Colored Map","JesterMod","Minty Spire (QoL Compilation)","Permanent Neow","Quick Restart","Rare Cards Sparkle","Spicy Shops","StSLib","SuperFastMode"],"gold_per_floor":[111,111,186,186,249,293,324,355,355,391,141,141,172,98,98,218,218,241,241,30,30,30,69,107,132,158,193,50,149,149,187,187,315,315,331,394,10,10,343,372,372,400,400,433,11,39,57,83,83,83],"floor_reached":51,"language":"ENG","playtime":1812,"items_purged":["Doubt","Shame"],"score":1095,"play_id":"569261ea-f3a6-49fe-89a1-a6042eff44b5","local_time":"20210114132539","daily_mods":["SealedDeck","Vintage","Colorless Cards","Flight","Elite Swarm"],"is_ascension_mode":false,"campfire_choices":[{"floor":12,"key":"REST"},{"data":"Echo Form","floor":15,"key":"SMITH"},{"data":"Biased Cognition","floor":30,"key":"SMITH"},{"data":"Defragment","floor":32,"key":"SMITH"},{"floor":49,"key":"DIG"}],"circlet_count":0,"master_deck":["Finesse","Leap","Conserve Battery","Rebound","Undo","Barrage","Ball Lightning+1","Coolheaded","Melter+1","Biased Cognition+1","Echo Form+1","Secret Technique","Double Energy","Panache","Electrodynamics","Defragment+1","Panacea","The Bomb+1","Apotheosis+1","Turbo+1","Defragment+1","Amplify+1","Defragment"],"relics":["Cracked Core","Ornamental Fan","Lantern","Toy Ornithopter","White Beast Statue","Centennial Puzzle","Bird Faced Urn","Ancient Tea Set","Bronze Scales","Unceasing Top","TheAbacus","Inserter","Bag of Marbles","Blood Vial","Toxic Egg 2","Bag of Preparation","Shovel","Vajra","Singing Bowl","ClockworkSouvenir","Darkstone Periapt","Nuclear Battery","StrikeDummy","Ice Cream","DollysMirror","Torii","Whetstone","Meat on the Bone","Eternal Feather","Sundial","Incense Burner","Mummified Hand","Boot","Calipers","DataDisk","Orichalcum"],"acts_visited":["Exordium","TheCity","TheBeyond"],"potions_floor_usage":[50],"damage_taken":[{"damage":0,"enemies":"Small Slimes","floor":1,"turns":2},{"damage":10,"enemies":"Lagavulin","floor":6,"turns":5},{"damage":0,"enemies":"3 Sentries","floor":7,"turns":5},{"damage":10,"enemies":"Gremlin Nob","floor":8,"turns":3},{"damage":5,"enemies":"Lagavulin","floor":10,"turns":3},{"damage":1,"enemies":"3 Sentries","floor":13,"turns":4},{"damage":0,"enemies":"Hexaghost","floor":16,"turns":6},{"damage":1,"enemies":"Chosen","floor":18,"turns":3},{"damage":18,"enemies":"Book of Stabbing","floor":23,"turns":5},{"damage":16,"enemies":"Slavers","floor":24,"turns":3},{"damage":0,"enemies":"Spheric Guardian","floor":25,"turns":2},{"damage":8,"enemies":"Gremlin Leader","floor":27,"turns":4},{"damage":12,"enemies":"Slavers","floor":31,"turns":2},{"damage":21,"enemies":"Automaton","floor":33,"turns":5},{"damage":9,"enemies":"3 Shapes","floor":35,"turns":3},{"damage":24,"enemies":"Mind Bloom Boss Battle","floor":36,"turns":4},{"damage":1,"enemies":"Giant Head","floor":40,"turns":6},{"damage":1,"enemies":"Nemesis","floor":42,"turns":4},{"damage":0,"enemies":"Reptomancer","floor":44,"turns":3},{"damage":1,"enemies":"Nemesis","floor":46,"turns":3},{"damage":0,"enemies":"3 Darklings","floor":47,"turns":2},{"damage":0,"enemies":"Reptomancer","floor":48,"turns":2},{"damage":10,"enemies":"Time Eater","floor":50,"turns":7}],"seed_played":"4745941202814753738","potions_obtained":[{"floor":1,"key":"FearPotion"},{"floor":6,"key":"EntropicBrew"},{"floor":8,"key":"LiquidBronze"},{"floor":16,"key":"FairyPotion"},{"floor":18,"key":"Fire Potion"},{"floor":47,"key":"Block Potion"},{"floor":48,"key":"FocusPotion"}],"is_trial":true,"path_per_floor":["M","?","?","$","?","E","E","E","T","E","$","R","E","$","R","B",null,"M","?","$","?","?","E","E","M","T","E","$","?","R","E","R","B",null,"M","?","$","?","?","E","?","E","T","E","$","E","M","E","R","B",null],"character_chosen":"DEFECT","items_purchased":["Ancient Tea Set","Bronze Scales","Double Energy","TheAbacus","Defragment","Panacea","ClockworkSouvenir","DollysMirror","Torii","Mummified Hand","Defragment"],"campfire_rested":1,"item_purchase_floors":[11,11,11,14,20,20,28,37,37,45,45],"current_hp_per_floor":[75,57,46,46,46,36,36,26,26,21,21,43,48,48,48,56,75,75,75,75,61,61,55,49,59,59,63,63,63,63,63,63,58,84,83,64,64,64,64,81,81,82,82,84,84,86,86,88,88,88],"gold":83,"neow_bonus":"","is_daily":false,"chose_seed":false,"campfire_upgraded":3,"win_rate":0.0,"timestamp":1610648739,"path_taken":["M","?","?","$","?","E","E","E","T","E","$","R","E","$","R","BOSS","M","?","$","?","?","E","E","?","T","E","$","?","R","E","R","BOSS","M","?","$","?","?","E","?","E","T","E","$","E","?","E","R","BOSS"],"items_purchased_type":["Relic","Relic","Card","Relic","Card","Card","Relic","Relic","Relic","Relic","Card"],"build_version":"2020-12-22","purchased_purges":2,"victory":true,"max_hp_per_floor":[75,75,75,75,75,75,75,75,75,75,75,75,75,75,75,75,75,75,75,75,80,80,80,80,80,80,82,82,82,82,84,84,84,84,84,84,84,80,80,82,82,82,82,84,84,86,86,88,88,88],"card_choices":[{"not_picked":["Seek","Mayhem"],"picked":"Biased Cognition","floor":6},{"not_picked":["Hyperbeam","Amplify"],"picked":"Echo Form","floor":7},{"not_picked":["Sadistic Nature","All For One","Meteor Strike"],"picked":"SKIP","floor":8},{"not_picked":["Meteor Strike","Mayhem"],"picked":"Secret Technique","floor":10},{"not_picked":["Metamorphosis","Mayhem"],"picked":"Panache","floor":13},{"not_picked":["Master of Strategy","Multi-Cast"],"picked":"Electrodynamics","floor":16},{"not_picked":["Hyperbeam","Panache"],"picked":"The Bomb+1","floor":23},{"not_picked":["Metamorphosis+1","Echo Form","Chrysalis+1"],"picked":"SKIP","floor":24},{"not_picked":["Thunder Strike","Panache","Sadistic Nature"],"picked":"Singing Bowl","floor":27},{"not_picked":["Violence+1","Chrysalis+1","Thinking Ahead+1"],"picked":"Singing Bowl","floor":31},{"not_picked":["Electrodynamics","Thunder Strike"],"picked":"Apotheosis+1","floor":33},{"not_picked":["Loop+1","Streamline"],"picked":"Turbo+1","floor":36},{"not_picked":["Secret Weapon+1","Core Surge","Reboot+1"],"picked":"Singing Bowl","floor":40},{"not_picked":["Rainbow+1","Reboot+1"],"picked":"Amplify+1","floor":42},{"not_picked":["Electrodynamics","Secret Technique+1","Transmutation+1"],"picked":"Singing Bowl","floor":44},{"not_picked":["Core Surge","Metamorphosis+1","Electrodynamics"],"picked":"Singing Bowl","floor":46},{"not_picked":["Metamorphosis+1","Violence+1","Secret Weapon+1"],"picked":"Singing Bowl","floor":48}],"player_experience":446907,"relics_obtained":[{"floor":1,"key":"Ornamental Fan"},{"floor":6,"key":"Lantern"},{"floor":7,"key":"Toy Ornithopter"},{"floor":8,"key":"White Beast Statue"},{"floor":9,"key":"Centennial Puzzle"},{"floor":10,"key":"Bird Faced Urn"},{"floor":13,"key":"Unceasing Top"},{"floor":18,"key":"Bag of Marbles"},{"floor":23,"key":"Toxic Egg 2"},{"floor":24,"key":"Bag of Preparation"},{"floor":25,"key":"Shovel"},{"floor":26,"key":"Vajra"},{"floor":27,"key":"Singing Bowl"},{"floor":31,"key":"Darkstone Periapt"},{"floor":35,"key":"StrikeDummy"},{"floor":36,"key":"Ice Cream"},{"floor":40,"key":"Whetstone"},{"floor":42,"key":"Eternal Feather"},{"floor":43,"key":"Sundial"},{"floor":44,"key":"Incense Burner"},{"floor":46,"key":"Boot"},{"floor":47,"key":"Calipers"},{"floor":48,"key":"DataDisk"},{"floor":49,"key":"Orichalcum"}],"event_choices":[{"damage_healed":0,"gold_gain":0,"player_choice":"Take Damage","damage_taken":18,"relics_obtained":["Golden Idol"],"max_hp_gain":0,"max_hp_loss":0,"event_name":"Golden Idol","floor":2,"gold_loss":0},{"damage_healed":0,"gold_gain":75,"player_choice":"Gather Gold","damage_taken":11,"max_hp_gain":0,"max_hp_loss":0,"event_name":"World of Goop","floor":3,"gold_loss":0},{"damage_healed":0,"gold_gain":63,"player_choice":"Gained Gold","damage_taken":0,"max_hp_gain":0,"max_hp_loss":0,"event_name":"Golden Wing","floor":5,"gold_loss":0},{"cards_removed":["Compile Driver"],"damage_healed":0,"gold_gain":0,"player_choice":"Elegance","damage_taken":0,"max_hp_gain":0,"max_hp_loss":0,"event_name":"Back to Basics","floor":19,"gold_loss":0},{"damage_healed":0,"gold_gain":0,"player_choice":"Shed Blood","damage_taken":19,"max_hp_gain":5,"max_hp_loss":0,"event_name":"Forgotten Altar","floor":21,"gold_loss":0},{"damage_healed":0,"gold_gain":0,"player_choice":"Stole Relic","damage_taken":0,"relics_obtained":["Blood Vial"],"max_hp_gain":0,"max_hp_loss":0,"event_name":"Addict","floor":22,"gold_loss":0,"cards_obtained":["Shame"]},{"damage_healed":0,"gold_gain":99,"player_choice":"Stole From Cult","damage_taken":0,"max_hp_gain":0,"max_hp_loss":0,"event_name":"Nest","floor":29,"gold_loss":0},{"damage_healed":0,"gold_gain":0,"player_choice":"Fight","damage_taken":0,"max_hp_gain":0,"max_hp_loss":0,"event_name":"MindBloom","floor":36,"gold_loss":0},{"damage_healed":0,"gold_gain":0,"player_choice":"Max HP","damage_taken":0,"max_hp_gain":0,"max_hp_loss":4,"event_name":"Winding Halls","floor":38,"gold_loss":0},{"damage_healed":0,"gold_gain":333,"player_choice":"Gave Idol","damage_taken":0,"max_hp_gain":0,"max_hp_loss":0,"event_name":"The Moai Head","floor":39,"relics_lost":["Golden Idol"],"gold_loss":0},{"damage_healed":0,"gold_gain":0,"player_choice":"Gave Potion","damage_taken":0,"relics_obtained":["Meat on the Bone"],"max_hp_gain":0,"max_hp_loss":0,"event_name":"WeMeetAgain","floor":41,"gold_loss":0}],"is_beta":false,"boss_relics":[{"not_picked":["Ectoplasm","jesterMod:MachoBrace"],"picked":"Inserter"},{"not_picked":["SacredBark","Runic Pyramid"],"picked":"Nuclear Battery"}],"items_purged_floors":[11,45],"is_endless":false,"potions_floor_spawned":[1,6,8,10,13,16,18,23,24,25,27,31,33,35,36,40,42,44,46,47,48],"ascension_level":0}}