{"host":"ukx402utdi8v8522","time":1610610879,"event":{"mods":["AchievementEnabler","BaseMod","Colored Map","Downfall","Minty Spire (QoL Compilation)","StSLib"],"gold_per_floor":[99,114,130,148,148,162,231,259,277,302,314,426,466,61,76,76,76,76],"floor_reached":16,"language":"ENG","playtime":731,"items_purged":["Regret"],"score":169,"play_id":"3dc610c7-00ca-402a-938e-3884675378e2","local_time":"20210114185439","is_ascension_mode":true,"campfire_choices":[{"floor":1,"key":"RECALL"}],"circlet_count":0,"master_deck":["hexamod:Strike","hexamod:Strike","hexamod:Strike+1","hexamod:Strike","hexamod:Defend","hexamod:Defend","hexamod:Defend","hexamod:Defend","hexamod:Sear","hexamod:Float","expansioncontent:DonusPower","hexamod:PhantomFireball+1","hexamod:PowerFromBeyond","hexamod:Hexaguard+1","hexamod:SuperheatedStrike","hexamod:GhostflameBarrier","hexamod:ApocalypticArmor","hexamod:SoulSteal","hexamod:HeatMetal","hexamod:GhostLash","hexamod:ExtraCrispy"],"relics":["hexamod:SpiritBrand","Bottled Flame","hexamod:InflammatoryLetter","Guardian:PocketSentry","MawBank","Vajra","Strange Spoon"],"acts_visited":["Exordium"],"potions_floor_usage":[15,16],"damage_taken":[{"damage":4,"enemies":"Cultist","floor":2,"turns":4},{"damage":0,"enemies":"2 Louse","floor":3,"turns":2},{"damage":6,"enemies":"Small Slimes","floor":4,"turns":3},{"damage":1,"enemies":"Gremlin Gang","floor":6,"turns":4},{"damage":16,"enemies":"3 Sentries","floor":8,"turns":8},{"damage":3,"enemies":"Lots of Slimes","floor":9,"turns":3},{"damage":24,"enemies":"Lagavulin","floor":10,"turns":5},{"damage":2,"enemies":"Gremlin Nob","floor":13,"turns":3},{"damage":2,"enemies":"downfall:FleeingMerchant","floor":14,"turns":4},{"damage":0,"enemies":"Blue Slaver","floor":15,"turns":2},{"damage":18,"enemies":"downfall:Silent","floor":16,"turns":4}],"seed_played":"-4366169911139172720","potions_obtained":[{"floor":6,"key":"DuplicationPotion"},{"floor":9,"key":"sneckomod:MuddlingPotion"},{"floor":13,"key":"Energy Potion"},{"floor":15,"key":"SpeedPotion"}],"is_trial":false,"path_per_floor":["R","M","M","M","T","M","T","E","M","E","?","?","E","$","M","B"],"character_chosen":"THE_SPIRIT","items_purchased":["hexamod:HeatMetal","Regen Potion","Strange Spoon","hexamod:GhostLash"],"campfire_rested":0,"item_purchase_floors":[14,14,14,14],"current_hp_per_floor":[70,66,66,60,60,59,59,43,40,16,16,16,14,12,17,0,0,0],"gold":76,"neow_bonus":"RANDOM_COLORLESS","is_daily":false,"chose_seed":false,"campfire_upgraded":0,"win_rate":0.0,"timestamp":1610610879,"path_taken":["R","M","M","M","?","M","T","E","M","E","?","?","E","$","M","BOSS"],"items_purchased_type":["Card","Potion","Relic","Card"],"build_version":"2020-12-22","purchased_purges":1,"victory":false,"max_hp_per_floor":[70,70,70,70,70,70,70,70,70,70,70,70,70,70,70,70,70,70],"card_choices":[{"not_picked":["Dramatic Entrance","expansioncontent:PrepareCrush"],"picked":"expansioncontent:DonusPower","floor":0},{"not_picked":["hexamod:ThirdSeal","hexamod:GhostOfSpirePast"],"picked":"hexamod:PhantomFireball","floor":2},{"not_picked":["hexamod:SpectralAdrenaline","hexamod:GhostOfSpirePresent"],"picked":"hexamod:PowerFromBeyond","floor":3},{"not_picked":["hexamod:FourthSeal","hexamod:GhostShield","hexamod:GhostOfSpirePresent"],"picked":"SKIP","floor":4},{"not_picked":["hexamod:BacktrackSmack","hexamod:BurningTouch"],"picked":"hexamod:Hexaguard","floor":6},{"not_picked":["hexamod:InspiringFlames","hexamod:BacktrackSmack","hexamod:NightmareGuise"],"picked":"SKIP","floor":8},{"not_picked":["hexamod:ShieldOfDarkness","hexamod:FastForward"],"picked":"hexamod:SuperheatedStrike","floor":9},{"not_picked":["hexamod:PowerFromBeyond","hexamod:GhostShield"],"picked":"hexamod:GhostflameBarrier","floor":10},{"not_picked":["hexamod:ShieldOfDarkness","hexamod:GhostOfSpirePresent"],"picked":"hexamod:ApocalypticArmor","floor":13},{"not_picked":["hexamod:ChargedBarrage","hexamod:HauntingEcho"],"picked":"hexamod:SoulSteal","floor":14},{"not_picked":["hexamod:ThermalTransfer","hexamod:FastForward"],"picked":"hexamod:ExtraCrispy","floor":15}],"player_experience":524159,"relics_obtained":[{"floor":5,"key":"Bottled Flame"},{"floor":7,"key":"hexamod:InflammatoryLetter"},{"floor":8,"key":"Guardian:PocketSentry"},{"floor":10,"key":"MawBank"},{"floor":13,"key":"Vajra"}],"event_choices":[],"is_beta":false,"boss_relics":[],"items_purged_floors":[14],"is_endless":false,"potions_floor_spawned":[6,9,13,15],"killed_by":"downfall:Silent","ascension_level":3}}