{"host":"ws1rigs6jhqnf67d","time":1610625653,"event":{"mods":["BaseMod","Friendly Minions","KinomotoSakuraMod(ƒæ÷Æ±æ”£)","Kiyohime£®«Âºß£©","Lobotomy","LobotomyExtend","Marisa£®ÏF”Í°°ƒß¿Ì…≥£©","Minty Spire (QoL Compilation)","Remilia£®¿Ÿ√◊¿Ú—«£©","StSLib","The Bug Knight","Youmu£®ªÍ∆«—˝√Œ£©","[IsaacMod]“‘»ˆº‚À˛"],"gold_per_floor":[113,130,145,160,335,364,375,400,423,457,457,477,494,272,272,373,373,388,404,424,173,186,219,219,254,278,289,303,313,412,256,256,354,354,354,369,383,397,415,444,462,462,462,494,510,107,119,119,119,119,119],"floor_reached":52,"language":"ZHS","playtime":2229,"items_purged":["Doubt","Strike_G"],"score":1032,"play_id":"c3782d4b-943f-438e-8c0c-f46e0b63f250","local_time":"20210114200053","is_ascension_mode":true,"campfire_choices":[{"data":"Noxious Fumes","floor":11,"key":"SMITH"},{"data":"Deadly Poison","floor":15,"key":"SMITH"},{"data":"Noxious Fumes","floor":24,"key":"SMITH"},{"data":"After Image","floor":32,"key":"SMITH"},{"floor":42,"key":"REST"},{"floor":49,"key":"REST"}],"circlet_count":0,"master_deck":["Strike_G","Strike_G","Strike_G","Strike_G","Defend_G","Defend_G","Defend_G","Defend_G","Defend_G","Survivor","Neutralize","Deadly Poison+1","Dash","Dash","Poisoned Stab","Noxious Fumes+1","Unload","Corpse Explosion","PiercingWail+1","Noxious Fumes+1","Riddle With Holes","After Image+1","Leg Sweep+1","Poisoned Stab+1","Malaise","Blade Dance","Blade Dance+1","Infinite Blades","Cloak And Dagger+1","Blade Dance+1","Parasite"],"relics":["Ring of the Snake","HushsDoor","DeathBook","LetterFromLob","Eternal Feather","Strawberry","Oddly Smooth Stone","TheBean","Blood Vial","Philosopher\u0027s Stone","DeadEye","TuHaoJin","Regal Pillow","Centennial Puzzle","Lee\u0027s Waffle","WristBlade","Toxic Egg 2","DoctorsRemote","HollowMod:PaleOreRelic","TwistedFunnel","Vajra"],"acts_visited":["Exordium","TheCity","TheBeyond"],"potions_floor_usage":[6,10,10,23,28,47,50,50],"damage_taken":[{"damage":2,"enemies":"Jaw Worm","floor":1,"turns":5},{"damage":2,"enemies":"Cultist","floor":2,"turns":5},{"damage":0,"enemies":"Small Slimes","floor":3,"turns":4},{"damage":4,"enemies":"Looter","floor":4,"turns":3},{"damage":7,"enemies":"Lagavulin","floor":6,"turns":3},{"damage":12,"enemies":"3 Louse","floor":7,"turns":4},{"damage":0,"enemies":"HollowMod:MossKnight","floor":8,"turns":11},{"damage":0,"enemies":"3 Sentries","floor":10,"turns":8},{"damage":0,"enemies":"Red Slaver","floor":12,"turns":3},{"damage":0,"enemies":"Lots of Slimes","floor":13,"turns":2},{"damage":22,"enemies":"Hexaghost","floor":16,"turns":7},{"damage":2,"enemies":"Chosen","floor":18,"turns":4},{"damage":0,"enemies":"2 Thieves","floor":19,"turns":1},{"damage":12,"enemies":"Snake Plant","floor":20,"turns":4},{"damage":38,"enemies":"Shelled Parasite and Fungi","floor":22,"turns":6},{"damage":0,"enemies":"Gremlin Leader","floor":23,"turns":1},{"damage":23,"enemies":"Slavers","floor":25,"turns":2},{"damage":4,"enemies":"Cultist and Chosen","floor":27,"turns":3},{"damage":4,"enemies":"Centurion and Healer","floor":28,"turns":3},{"damage":10,"enemies":"Snake Plant","floor":29,"turns":4},{"damage":25,"enemies":"Champ","floor":33,"turns":10},{"damage":1,"enemies":"Orb Walker","floor":36,"turns":3},{"damage":0,"enemies":"3 Shapes","floor":37,"turns":3},{"damage":30,"enemies":"Sphere and 2 Shapes","floor":38,"turns":4},{"damage":0,"enemies":"3 Darklings","floor":39,"turns":2},{"damage":42,"enemies":"Giant Head","floor":40,"turns":8},{"damage":16,"enemies":"Transient","floor":41,"turns":5},{"damage":20,"enemies":"Reptomancer","floor":44,"turns":5},{"damage":20,"enemies":"Writhing Mass","floor":45,"turns":10},{"damage":20,"enemies":"Maw","floor":47,"turns":6},{"damage":17,"enemies":"Donu and Deca","floor":50,"turns":6}],"seed_played":"3803474355989648083","potions_obtained":[{"floor":0,"key":"LiquidMemories"},{"floor":0,"key":"BlessingOfTheForge"},{"floor":0,"key":"Energy Potion"},{"floor":1,"key":"AttackPotion"},{"floor":6,"key":"PowerPotion"},{"floor":10,"key":"ColorlessPotion"},{"floor":16,"key":"CunningPotion"},{"floor":20,"key":"CultistPotion"},{"floor":25,"key":"FearPotion"},{"floor":29,"key":"EssenceOfSteel"}],"is_trial":false,"path_per_floor":["M","M","M","M","?","E","M","E","T","E","R","M","M","$","R","B",null,"M","M","M","$","M","E","R","E","T","M","M","M","?","$","R","B",null,"M","M","M","M","M","E","M","R","T","E","M","$","M","$","R","B",null,null],"character_chosen":"THE_SILENT","items_purchased":["Blood Vial","DeadEye","Lee\u0027s Waffle","TwistedFunnel","Vajra"],"campfire_rested":2,"item_purchase_floors":[14,21,31,46,46],"current_hp_per_floor":[68,66,66,62,62,55,43,50,50,50,59,59,59,59,68,48,77,75,77,65,65,29,31,43,22,22,20,18,10,10,84,84,59,84,84,83,84,54,56,16,2,60,60,42,24,24,6,6,64,49,49],"gold":119,"neow_bonus":"THREE_SMALL_POTIONS","is_daily":false,"chose_seed":false,"campfire_upgraded":4,"win_rate":0.0,"timestamp":1610625653,"path_taken":["M","M","M","M","?","E","?","E","T","E","R","M","M","?","R","BOSS","M","M","M","$","M","E","R","E","T","M","M","M","?","$","R","BOSS","M","M","M","M","M","E","M","R","T","E","M","$","M","$","R","BOSS"],"items_purchased_type":["Relic","Relic","Relic","Relic","Relic"],"build_version":"2020-12-22","purchased_purges":2,"victory":true,"max_hp_per_floor":[70,70,70,70,70,70,70,77,77,77,77,77,77,77,77,77,77,77,77,77,77,77,77,77,77,77,77,77,77,77,84,84,84,84,84,84,84,84,84,84,84,84,84,84,84,84,84,84,84,84,84],"card_choices":[{"not_picked":["Slice","Wraith Form v2","Dagger Throw"],"picked":"SKIP","floor":0},{"not_picked":["Underhanded Strike","Setup"],"picked":"Deadly Poison","floor":1},{"not_picked":["Dagger Spray","Deadly Poison"],"picked":"Dash","floor":2},{"not_picked":["Dagger Throw","Tactician","Wraith Form v2"],"picked":"SKIP","floor":3},{"not_picked":["Underhanded Strike","Sucker Punch"],"picked":"Bomb","floor":4},{"not_picked":["Prepared","Blade Dance"],"picked":"Dash","floor":6},{"not_picked":["Accuracy","Caltrops"],"picked":"Poisoned Stab","floor":7},{"not_picked":["Deflect","Skewer","Masterful Stab"],"picked":"SKIP","floor":8},{"not_picked":["Blade Dance","Bane"],"picked":"Noxious Fumes","floor":10},{"not_picked":["Deadly Poison","Underhanded Strike"],"picked":"Unload","floor":12},{"not_picked":["Dagger Spray","Flying Knee","Bane"],"picked":"SKIP","floor":13},{"not_picked":["Unload","Tools of the Trade"],"picked":"Corpse Explosion","floor":16},{"not_picked":["Underhanded Strike","Bane","All Out Attack"],"picked":"SKIP","floor":18},{"not_picked":["Riddle With Holes","Cloak And Dagger"],"picked":"PiercingWail+1","floor":19},{"not_picked":["Well Laid Plans","Backflip+1"],"picked":"Noxious Fumes","floor":20},{"not_picked":["Endless Agony","Backflip","Underhanded Strike"],"picked":"SKIP","floor":22},{"not_picked":["Well Laid Plans+1","Masterful Stab+1","PiercingWail"],"picked":"SKIP","floor":23},{"not_picked":["Prepared","Reflex"],"picked":"Riddle With Holes","floor":25},{"not_picked":["Sucker Punch","Masterful Stab"],"picked":"After Image","floor":27},{"not_picked":["Dodge and Roll+1","Outmaneuver"],"picked":"Leg Sweep+1","floor":28},{"not_picked":["Endless Agony","PiercingWail+1"],"picked":"Poisoned Stab+1","floor":29},{"not_picked":["Tools of the Trade","Wraith Form v2"],"picked":"Malaise","floor":33},{"not_picked":["Deadly Poison+1","Poisoned Stab+1"],"picked":"Blade Dance","floor":36},{"not_picked":["PiercingWail+1","Outmaneuver+1","Sucker Punch+1"],"picked":"SKIP","floor":37},{"not_picked":["Deflect+1","Distraction"],"picked":"Blade Dance+1","floor":38},{"not_picked":["Poisoned Stab","Quick Slash","Expertise+1"],"picked":"SKIP","floor":39},{"not_picked":["Escape Plan+1","Flechettes+1"],"picked":"Infinite Blades","floor":40},{"not_picked":["Underhanded Strike+1","Backflip+1"],"picked":"Cloak And Dagger+1","floor":41},{"not_picked":["Underhanded Strike","Distraction+1"],"picked":"Blade Dance+1","floor":44},{"not_picked":["Prepared+1","Slice+1","Leg Sweep+1"],"picked":"SKIP","floor":45},{"not_picked":["Quick Slash","Endless Agony","Well Laid Plans+1"],"picked":"SKIP","floor":47}],"player_experience":802483,"relics_obtained":[{"floor":1,"key":"LetterFromLob"},{"floor":6,"key":"Eternal Feather"},{"floor":8,"key":"Strawberry"},{"floor":9,"key":"Oddly Smooth Stone"},{"floor":10,"key":"TheBean"},{"floor":23,"key":"TuHaoJin"},{"floor":25,"key":"Regal Pillow"},{"floor":26,"key":"Centennial Puzzle"},{"floor":40,"key":"Toxic Egg 2"},{"floor":43,"key":"DoctorsRemote"},{"floor":44,"key":"HollowMod:PaleOreRelic"}],"event_choices":[{"damage_healed":0,"gold_gain":175,"player_choice":"AGREE","damage_taken":0,"max_hp_gain":0,"max_hp_loss":0,"event_name":"Liars Game","floor":5,"gold_loss":0,"cards_obtained":["Doubt"]},{"damage_healed":0,"gold_gain":99,"player_choice":"Stole From Cult","damage_taken":0,"max_hp_gain":0,"max_hp_loss":0,"event_name":"Nest","floor":30,"gold_loss":0}],"is_beta":false,"boss_relics":[{"not_picked":["HoveringKite","Pandora\u0027s Box"],"picked":"Philosopher\u0027s Stone"},{"not_picked":[]},{"not_picked":["Tiny House","Empty Cage"],"picked":"WristBlade"},{"not_picked":[]}],"items_purged_floors":[14,46],"is_endless":false,"potions_floor_spawned":[1,3,6,10,16,19,20,22,25,29,33,36,40,45],"ascension_level":3}}