{"host":"w5vfr18i2ft1pzo2","time":1610647122,"event":{"mods":["AchievementEnabler","Act Like it!","Aspiration","BaseMod","Better Debug","Better Third Choice","BetterRewards","Colored Map","Colored Powertips","Conspire","Curses Come First","DNKmod","Defuse TimeMaze Blight","Dota2Spire","Elementarium","Energized Spire","Evolution","Force Act Four","Fox Events","Friendly Minions","Gensokyo","GifTheSpireLib","Gold Saver","GungeonMod","Halation","Hallownest","Hubris","Hyrulean Relics","Infinite Spire","Jedi Mod","Marisa????????","Minty Spire (QoL Compilation)","MostiFishMod","Poor People Problems","Prisma Mod","Remilia??????","Replay The Spire","SacredBarkPlus","Small Relic Pack","Spicy Shops","Spikes Relics","StSLib","Stuff the Spire","SuperFastMode","Synergy Search","The Animator","The Blue Laboratory","The Servant 0.9.4","Trackpad","Treasure Hunter","Uncapped","Wandering Minibosses","Yakumo Yukari mod","noobMod","vexMod","??????REMEMod"],"gold_per_floor":[2812,2832,2846,2866,2892,2922,2938,2962,2988,1851,1851,1905,1925,1950,1950,2022,2022,2038,1703,1703,1723,1774,1774,1807,1825,1825,1852,1864,1891,816,827,827,899,899,910,961,961,976,976,976,1005,1005,1005,1033,1033,1049,1049,1064,1064,1064,1064,1064,1064,819,869,924,924,924,104,179,259,259,259,354,354,354,198,313,445,445],"floor_reached":71,"language":"ENG","playtime":1904,"items_purged":["animator:DolaSchwi","animator:Gillette","animator:PandorasActor"],"score":3745,"play_id":"83cc7e91-9ed3-486b-81a3-4d4b842f143a","local_time":"20210115015842","is_ascension_mode":true,"campfire_choices":[{"floor":15,"key":"RECALL"},{"data":"animator:Shimakaze","floor":23,"key":"SMITH"},{"data":"animator:MaesHughes","floor":32,"key":"SMITH"},{"data":"animator:RinTohsaka","floor":40,"key":"SMITH"},{"data":"animator:EmiyaShirou","floor":42,"key":"SMITH"},{"data":"animator:Berserker","floor":45,"key":"SMITH"},{"data":"animator:SakuraMatou","floor":49,"key":"SMITH"},{"floor":53,"key":"REST"},{"data":"animator:SakuraMatou","floor":63,"key":"SMITH"}],"circlet_count":0,"master_deck":["AscendersBane","animator:Emonzaemon+1","animator:Benimaru+1","animator:Kazuma+1","animator:Shinoa+1","animator:Alexander+1","animator:Rider+1","animator:Shimakaze+1","animator:SakuraMatou+1","jedi:studypoison+1","animator:Berserker+1","animator:Berserker+1","animator:RinTohsaka+1","TH:TreasureMap+1","animator:Lancer+1","animator:Berserker+1","animator:EmiyaShirou+1","animator:Illya+1","animator:TsurugaMeisai+1","animator:Lancer+1","animator:MaesHughes+1","animator:Rider+1","animator:Archer+1","animator:Saber+1","animator:ShinjiMatou+1","animator:Archer+1","animator:SakuraMatou+1","animator:Saber+1","animator:SakuraMatou+1","animator:SakuraMatou+1","animator:Caster+1","animator:EmiyaShirou+1","animator:EmiyaShirou+1","animator:SakuraMatou+1","animator:ZankiKiguchi+1","animator:Illya+1","animator:EmiyaShirou+1","animator:Eve+1","animator:Saitama+1","animator:Rider+1","TH:DeckOfManyThings+1","animator:GazelDwargon+1"],"relics":["animator:TheWolleyCore","animator:LivingPicture","animator:TheMissingPiece","animator:AncientMedallion","halation:EternalFortune"],"acts_visited":["Exordium","TheCity","TheBeyond","TheEnding","EYB:TheUnnamedReign"],"potions_floor_usage":[7,27],"damage_taken":[{"damage":0,"enemies":"Cultist","floor":1,"turns":2},{"damage":0,"enemies":"Jaw Worm","floor":2,"turns":2},{"damage":0,"enemies":"Small Slimes","floor":3,"turns":2},{"damage":0,"enemies":"3 Louse","floor":4,"turns":1},{"damage":3,"enemies":"conspire:2 RoseBushes","floor":5,"turns":2},{"damage":8,"enemies":"3 Sentries","floor":6,"turns":6},{"damage":3,"enemies":"Gremlin Gang","floor":7,"turns":3},{"damage":0,"enemies":"Replay:BlueRogue","floor":12,"turns":1},{"damage":0,"enemies":"Looter","floor":13,"turns":1},{"damage":0,"enemies":"Lagavulin","floor":14,"turns":1},{"damage":0,"enemies":"Slime Boss","floor":16,"turns":2},{"damage":0,"enemies":"Chosen","floor":18,"turns":1},{"damage":0,"enemies":"3 Byrds","floor":21,"turns":2},{"damage":0,"enemies":"animator:HornedBat","floor":24,"turns":2},{"damage":0,"enemies":"Shelled Parasite and Fungi","floor":25,"turns":1},{"damage":0,"enemies":"Slavers","floor":27,"turns":2},{"damage":0,"enemies":"Snake Plant","floor":28,"turns":1},{"damage":0,"enemies":"Gremlin Leader","floor":29,"turns":1},{"damage":0,"enemies":"Sentry and Sphere","floor":31,"turns":1},{"damage":0,"enemies":"Automaton","floor":33,"turns":2},{"damage":11,"enemies":"3 Shapes","floor":35,"turns":3},{"damage":0,"enemies":"2 Orb Walkers","floor":36,"turns":1},{"damage":0,"enemies":"3 Darklings","floor":38,"turns":1},{"damage":0,"enemies":"Nightmare","floor":41,"turns":2},{"damage":0,"enemies":"Nemesis","floor":44,"turns":1},{"damage":0,"enemies":"Jaw Worm Horde","floor":46,"turns":2},{"damage":0,"enemies":"Sphere and 2 Shapes","floor":48,"turns":2},{"damage":0,"enemies":"infinitespire:MassOfShapes","floor":50,"turns":2},{"damage":0,"enemies":"conspire:OrnateMirror","floor":51,"turns":1},{"damage":0,"enemies":"animator:UNNAMED_HAT","floor":55,"turns":3},{"damage":0,"enemies":"animator:UNNAMED_CULTIST_1","floor":56,"turns":2},{"damage":17,"enemies":"animator:TRIPLE_LAGAVULIN","floor":60,"turns":3},{"damage":29,"enemies":"animator:LARGE_CUBE","floor":61,"turns":3},{"damage":26,"enemies":"animator:ULTIMATE_WISP","floor":64,"turns":4},{"damage":20,"enemies":"animator:ULTIMATE_CUBE","floor":68,"turns":5},{"damage":19,"enemies":"animator:ULTIMATE_CRYSTAL","floor":69,"turns":3}],"seed_played":"4666143686722501687","potions_obtained":[{"floor":4,"key":"ColorlessPotion"},{"floor":7,"key":"jedi:wingpotion"},{"floor":12,"key":"Energy Potion"},{"floor":13,"key":"DuplicationPotion"},{"floor":24,"key":"blueLaboratory:FruitPunch"},{"floor":27,"key":"blueLaboratory:PolymorphPotion"},{"floor":44,"key":"SkillPotion"},{"floor":55,"key":"animator:FalseLifePotion"},{"floor":56,"key":"animator:FalseLifePotion"}],"is_trial":false,"path_per_floor":["M","M","M","M","M","E","M","T","T","$","?","E","M","E","R","B",null,"M","$","?","M","T","R","E","M","T","E","M","E","$","M","R","B",null,"M","?","T","M","?","R","NM","R","T","E","R","M","?","M","R","B","B",null,"R","??","M","M","T","?","$","M","M","?","R","E","T","?","$","E","E","B",null],"character_chosen":"THE_ANIMATOR","items_purchased":["animator:Berserker","animator:EmiyaShirou+1","StuffTheSpire:Barrel","Dota2Spire:PhaseBoots","halation:TrafficLight","relicPack:WeightedSword","animator:ShionDessert","Medical Kit","animator:Saber","FossilizedHelix","Whetstone","StuffTheSpire:GrapeVine","animator:AncientMedallion","animator:AncientMedallion","animator:AncientMedallion","animator:Saitama"],"campfire_rested":1,"item_purchase_floors":[10,10,10,10,10,10,19,19,30,30,30,30,59,59,59,67],"current_hp_per_floor":[56,56,57,57,54,47,64,64,64,64,64,64,64,64,64,64,29,29,29,29,29,29,29,31,31,31,33,33,33,33,33,33,33,63,52,52,52,54,34,34,34,34,39,39,39,39,35,56,56,56,56,65,68,80,80,80,80,83,83,66,53,53,53,43,43,43,43,50,59,76],"gold":445,"neow_bonus":"RANDOM_COLORLESS","is_daily":false,"chose_seed":false,"campfire_upgraded":7,"win_rate":0.0,"timestamp":1610647122,"path_taken":["M","M","M","M","M","E","M","?","T","$","?","E","M","E","R","BOSS","M","$","?","M","?","R","E","?","T","E","M","E","?","M","R","BOSS","M","?","?","M","?","R","NM","R","T","E","R","?","?","M","R","BOSS","BOSS","R","??","M","M","T","?","$","M","M","?","R","E","T","?","$","E","E","BOSS"],"items_purchased_type":["Card","Card","Relic","Relic","Relic","Relic","Relic","Relic","Card","Relic","Relic","Relic","Relic","Relic","Relic","Card"],"build_version":"2020-12-22","purchased_purges":3,"victory":true,"max_hp_per_floor":[62,62,63,63,63,64,64,64,64,64,64,64,64,64,64,64,29,29,29,29,29,29,29,31,31,31,33,33,33,33,33,33,33,63,63,63,63,63,63,63,63,63,68,68,68,68,68,68,68,68,68,68,68,80,80,80,80,83,83,83,83,83,83,83,83,83,83,86,86,86],"card_choices":[{"not_picked":["animator:IchigoKurosaki","animator:MamizouFutatsuiwa"],"picked":"animator:Shimakaze","floor":0},{"not_picked":["animator:Priestess","animator:SayakaMiki"],"picked":"animator:SakuraMatou","floor":1},{"not_picked":["animator:Souei","animator:Shion","animator:Hakurou","animator:Benimaru","animator:MetalKnight"],"picked":"SKIP","floor":2},{"not_picked":["animator:Souei","animator:Shion","animator:Hakurou","animator:Benimaru","animator:MetalKnight"],"picked":"SKIP","floor":2},{"not_picked":["animator:Souei","animator:Shion","animator:Hakurou","animator:Benimaru","animator:MetalKnight"],"picked":"SKIP","floor":2},{"not_picked":["animator:DwarfShaman","animator:Rimuru","animator:Lu","animator:Ciel"],"picked":"animator:Berserker","floor":3},{"not_picked":["animator:Assassin","animator:Illya","animator:SakuraMatou","animator:RinTohsaka"],"picked":"animator:Berserker","floor":4},{"not_picked":["animator:Assassin","animator:Saitama","animator:HighElfArcher","animator:MaesHughes"],"picked":"animator:RinTohsaka","floor":5},{"not_picked":["TH:ArmorSpikes","TH:CursedSword","TH:EnergyPotion"],"picked":"TH:TreasureMap","floor":6},{"not_picked":["animator:Spearman","animator:ElricEdward","animator:Ainz","animator:DwarfShaman"],"picked":"animator:Lancer","floor":6},{"not_picked":["animator:Millim","animator:MumenRider","animator:LizardPriest","animator:ElricEdward","animator:Lu"],"picked":"SKIP","floor":7},{"not_picked":["TH:DeckOfManyThings","TH:PixieDust","TH:Mimic","TH:CopperCoins"],"picked":"SKIP","floor":8},{"not_picked":["TH:PixieDust","TH:ElvenBoots","TH:CursedSword","TH:Mimic"],"picked":"SKIP","floor":9},{"not_picked":["animator:Rider","animator:Caster","animator:Assassin","animator:Lancer"],"picked":"animator:Illya","floor":12},{"not_picked":["animator:SayakaMiki","animator:Hakurou","animator:Benimaru","animator:Rena"],"picked":"animator:TsurugaMeisai","floor":12},{"not_picked":["animator:ZankiKiguchi","animator:SuzuneAmano","animator:Cocytus","animator:Genos"],"picked":"animator:Lancer","floor":13},{"not_picked":["animator:Souei","animator:Kaijin","animator:Spearman","animator:Hitei"],"picked":"animator:MaesHughes","floor":14},{"not_picked":["TH:Mimic","TH:CopperCoins","TH:BikiniMail","TH:DeckOfManyThings"],"picked":"SKIP","floor":14},{"not_picked":["animator:Add","animator:Pride","animator:Sonic","animator:DwarfShaman"],"picked":"animator:Rider","floor":18},{"not_picked":["TH:EnergyPotion","TH:DeckOfManyThings","TH:CopperCoins","TH:PixieDust"],"picked":"SKIP","floor":22},{"not_picked":["animator:Sonic","animator:HigakiRinne","animator:Alexander","animator:KyokoSakura"],"picked":"animator:Archer","floor":24},{"not_picked":["TH:DeckOfManyThings","TH:ArmorSpikes","TH:BikiniMail","TH:CursedSword"],"picked":"SKIP","floor":24},{"not_picked":["animator:KyokoSakura","animator:Raven","animator:Chung+1","animator:Scar"],"picked":"animator:Saber","floor":25},{"not_picked":["TH:PixieDust","TH:ElvenBoots","TH:ArmorSpikes","TH:DeckOfManyThings"],"picked":"SKIP","floor":26},{"not_picked":["animator:Alexander","animator:Emonzaemon","animator:Millim","animator:Souei"],"picked":"animator:ShinjiMatou","floor":27},{"not_picked":["TH:TreasureMap","TH:Mimic","TH:CursedSword","TH:BikiniMail"],"picked":"SKIP","floor":27},{"not_picked":["animator:Assassin","animator:ShinjiMatou","animator:Illya","animator:SakuraMatou"],"picked":"animator:Archer","floor":28},{"not_picked":["animator:Kyubey","animator:Cocytus","animator:Lancer","animator:SilverFang"],"picked":"animator:SakuraMatou+1","floor":29},{"not_picked":["TH:PixieDust","TH:ArmorSpikes","TH:TreasureMap","TH:CursedSword"],"picked":"SKIP","floor":29},{"not_picked":["animator:TsurugaMeisai","animator:DwarfShaman","animator:Millim","animator:CowGirl"],"picked":"animator:SakuraMatou","floor":31},{"not_picked":["animator:KyokoSakura","animator:Scar+1","animator:MumenRider","animator:Emonzaemon","animator:Shuna"],"picked":"SKIP","floor":35},{"not_picked":["animator:CowGirl","animator:Shichika","animator:GuildGirl","animator:Lu"],"picked":"animator:SakuraMatou","floor":36},{"not_picked":["TH:BikiniMail","TH:Mimic","TH:CopperCoins","TH:ElvenBoots"],"picked":"SKIP","floor":37},{"not_picked":["animator:RinTohsaka","animator:Rider","animator:ShinjiMatou","animator:Illya"],"picked":"animator:Caster","floor":38},{"not_picked":["animator:Demiurge","animator:RinTohsaka","animator:Berserker","animator:Ainz"],"picked":"animator:EmiyaShirou","floor":41},{"not_picked":["TH:BikiniMail","TH:ElvenBoots","TH:DeckOfManyThings","TH:CopperCoins"],"picked":"SKIP","floor":41},{"not_picked":["TH:ArmorSpikes","TH:CursedSword","TH:Mimic","TH:ElvenBoots"],"picked":"SKIP","floor":43},{"not_picked":["animator:SilverFang+1","animator:Tatsumaki","animator:Gluttony+1","animator:Saitama"],"picked":"animator:EmiyaShirou","floor":44},{"not_picked":["TH:ArmorSpikes","TH:CopperCoins","TH:Mimic","TH:TreasureMap"],"picked":"SKIP","floor":44},{"not_picked":["animator:Rider","animator:TsurugaMeisai","animator:Eve","animator:SilverFang"],"picked":"animator:SakuraMatou","floor":46},{"not_picked":["animator:Scar","animator:OrikoMikuni","animator:Shion+1"],"picked":"SKIP","floor":55},{"not_picked":["animator:DwarfShaman","animator:SilverFang"],"picked":"animator:ZankiKiguchi","floor":56},{"not_picked":["TH:ElvenBoots","TH:CursedSword"],"picked":"SKIP","floor":57},{"not_picked":["animator:KyokoSakura","animator:Kaijin"],"picked":"animator:Illya+1","floor":60},{"not_picked":["animator:RinTohsaka","animator:ShinjiMatou"],"picked":"animator:EmiyaShirou","floor":61},{"not_picked":["animator:EmiyaShirou","animator:Assassin"],"picked":"animator:Eve","floor":64},{"not_picked":["TH:TreasureMap","TH:CursedSword"],"picked":"SKIP","floor":64},{"not_picked":["TH:EnergyPotion","TH:TreasureMap"],"picked":"SKIP","floor":65},{"not_picked":["animator:WinryRockbell","animator:Assassin"],"picked":"animator:Rider","floor":68},{"not_picked":["TH:ArmorSpikes"],"picked":"TH:DeckOfManyThings","floor":68},{"not_picked":["animator:RinTohsaka","animator:SilverFang"],"picked":"animator:GazelDwargon+1","floor":69},{"not_picked":["TH:CursedSword","TH:BikiniMail"],"picked":"SKIP","floor":69}],"player_experience":450281,"relics_obtained":[{"floor":1,"key":"SynthV:TestCard"},{"floor":6,"key":"Tiny Chest"},{"floor":9,"key":"StuffTheSpire:Gunfinga"},{"floor":12,"key":"Blue Doll"},{"floor":14,"key":"animator:OldCoffin"},{"floor":22,"key":"infinitespire:Beetle Shell"},{"floor":24,"key":"aspiration:VileToxins"},{"floor":26,"key":"RoseTintedShades"},{"floor":27,"key":"Vajra"},{"floor":29,"key":"Bottled Lightning"},{"floor":35,"key":"wanderingMiniBosses:AbyssPearl"},{"floor":36,"key":"Dota2Spire:Satanic"},{"floor":37,"key":"Iron Hammer"},{"floor":41,"key":"Dota2Spire:UrnOfShadows"},{"floor":43,"key":"vexMod:Dragonfruit"},{"floor":44,"key":"BlackRope"},{"floor":54,"key":"animator:TheWolleyCore"},{"floor":57,"key":"animator:AncientMedallion"},{"floor":64,"key":"animator:AncientMedallion"},{"floor":65,"key":"animator:AncientMedallion"},{"floor":68,"key":"halation:EternalFortune"},{"floor":68,"key":"animator:AncientMedallion"},{"floor":69,"key":"animator:AncientMedallion"}],"event_choices":[{"cards_removed":["animator:LizardPriest"],"damage_healed":5,"gold_gain":0,"player_choice":"Offered Common","damage_taken":0,"max_hp_gain":0,"max_hp_loss":0,"event_name":"Bonfire Elementals","floor":20,"gold_loss":0},{"cards_removed":["animator:LizardPriest"],"damage_healed":5,"gold_gain":0,"player_choice":"Offered Special","damage_taken":0,"max_hp_gain":0,"max_hp_loss":0,"event_name":"Bonfire Elementals","floor":20,"gold_loss":0},{"damage_healed":0,"gold_gain":0,"player_choice":"Fight","damage_taken":0,"max_hp_gain":0,"max_hp_loss":0,"event_name":"Mysterious Sphere","floor":36,"gold_loss":0},{"damage_healed":0,"gold_gain":0,"player_choice":"Leave","damage_taken":0,"max_hp_gain":0,"max_hp_loss":0,"event_name":"conspire:Investor","floor":47,"gold_loss":0}],"is_beta":false,"boss_relics":[{"not_picked":["StuffTheSpire:RunicConfusion","ChewingGum"],"picked":"vexMod:MysteryBossChallenge"},{"not_picked":["energizedSpire:DeadBattery","xbg"],"picked":"vexMod:BigBerry"}],"items_purged_floors":[10,30,30],"is_endless":false,"potions_floor_spawned":[4,7,12,13,16,24,27,31,33,35,38,44,60,64,68,69],"ascension_level":20}}