{"host":"fmwbmnqnrup981we","time":1610655863,"event":{"mods":["AchievementEnabler","Act Like it!","Alarm Clock","BaseMod","Better Match","Better Note","Better Skull","Better Synergies","Better Third Choice","Better Vampires","Block Reminder","Curses Come First","Displayed Cursed Tome","Downfall","Duelist Mod","Ekko","Elementarium","GungeonMod","HexUI Lib","HornydragonMod","Kratos Character Expansion","Marked Mod","Minty Spire (QoL Compilation)","Pikachu Mod","Poor People Problems","Quick Restart","Relic Stats","SIMod","StSLib","The Bug Knight","The Death Knight","The Forsaken","The Marked","The Necromancer","The Runesmith","The Servant 0.9.4","The Wild Card","TheHero","TheVacant","TheVelvet","Thieving Mod","Transform Curses","Waifu the Spire","Yuri Mod","everything is the same but u backflip on backflip"],"gold_per_floor":[111,121,121,342,360,393,393,421,502,577,602,620,645,661,661,758,758,772,687,706,719,643,677,677,704,780,806,822,832,832,866,866,962,962,980,617,633,633,543,543,578,9,9,29,61,71,82,93,93,93,93,93,21,51,51,51],"floor_reached":55,"language":"ENG","playtime":2434,"items_purged":["WaveOfTheHand","CutThroughFate"],"score":1189,"play_id":"2f4d1705-87d5-4b58-826e-2eb7a2f87db9","local_time":"20210114202423","is_ascension_mode":true,"campfire_choices":[{"floor":7,"key":"REST"},{"floor":15,"key":"RECALL"},{"floor":24,"key":"REST"},{"floor":32,"key":"REST"},{"floor":40,"key":"REST"},{"floor":49,"key":"REST"},{"floor":52,"key":"REST"}],"circlet_count":0,"master_deck":["Eruption","Vigilance","MentalFortress","SashWhip","Prostrate","FlurryOfBlows","Prostrate+1","Consecrate","Prostrate","TalkToTheHand","Weave+1","MasterReality","Alpha","FlurryOfBlows+1","Bite","Bite+1","Bite","Bite","DevaForm","Alpha","MasterReality","Madness","FollowUp","Mind Blast","Deep Breath","FollowUp","Panache","Consecrate","FollowUp","Halt","FlurryOfBlows","Consecrate","SashWhip"],"relics":["PureWater","KratosMod:chalice","DeathKnight:Shadowmourne","theForsaken:Lifeblossom","DemoMod:PoisonVial","Bag of Preparation","DemoMod:NanoMachines","DemoMod:OrangeGuonStone","Unceasing Top","Meat on the Bone","Fusion Hammer","InkBottle","Oddly Smooth Stone","Centennial Puzzle","Damaru","DemoMod:PinkGuonStone","Regal Pillow","Whetstone","Pandora\u0027s Box","Runesmith:AutoHammer","Bottled Flame","Prayer Wheel","HollowMod:StagPassRelic","DemoMod:MonsterBlood","Boot"],"acts_visited":["Exordium","TheCity","TheBeyond","TheEnding"],"potions_floor_usage":[6,16,16,16,33,50,50,55],"damage_taken":[{"damage":0,"enemies":"Cultist","floor":1,"turns":2},{"damage":0,"enemies":"2 Louse","floor":2,"turns":2},{"damage":1,"enemies":"Small Slimes","floor":5,"turns":1},{"damage":3,"enemies":"Gremlin Nob","floor":6,"turns":3},{"damage":1,"enemies":"HollowMod:MossKnight","floor":8,"turns":3},{"damage":2,"enemies":"Gremlin Nob","floor":11,"turns":3},{"damage":2,"enemies":"Blue Slaver","floor":12,"turns":2},{"damage":2,"enemies":"HollowMod:MossKnight","floor":13,"turns":3},{"damage":2,"enemies":"Large Slime","floor":14,"turns":2},{"damage":11,"enemies":"The Guardian","floor":16,"turns":5},{"damage":2,"enemies":"3 Byrds","floor":18,"turns":3},{"damage":3,"enemies":"Chosen","floor":20,"turns":3},{"damage":3,"enemies":"Centurion and Healer","floor":21,"turns":3},{"damage":2,"enemies":"theDuelist:KaibaA2","floor":23,"turns":3},{"damage":4,"enemies":"Book of Stabbing","floor":25,"turns":5},{"damage":11,"enemies":"Gremlin Leader","floor":27,"turns":4},{"damage":6,"enemies":"Snake Plant","floor":28,"turns":4},{"damage":2,"enemies":"Sentry and Sphere","floor":29,"turns":2},{"damage":1,"enemies":"theDuelist:KaibaA2","floor":31,"turns":2},{"damage":7,"enemies":"Automaton","floor":33,"turns":6},{"damage":18,"enemies":"3 Darklings","floor":35,"turns":4},{"damage":6,"enemies":"Orb Walker","floor":37,"turns":3},{"damage":5,"enemies":"Nemesis","floor":41,"turns":5},{"damage":17,"enemies":"Writhing Mass","floor":44,"turns":3},{"damage":4,"enemies":"Giant Head","floor":45,"turns":5},{"damage":7,"enemies":"Maw","floor":46,"turns":3},{"damage":4,"enemies":"Transient","floor":47,"turns":5},{"damage":16,"enemies":"Sphere and 2 Shapes","floor":48,"turns":3},{"damage":27,"enemies":"Donu and Deca","floor":50,"turns":5},{"damage":37,"enemies":"Shield and Spear","floor":54,"turns":4},{"damage":54,"enemies":"The Heart","floor":55,"turns":5}],"seed_played":"-4879169942054867847","potions_obtained":[{"floor":1,"key":"EssenceOfSteel"},{"floor":2,"key":"Block Potion"},{"floor":8,"key":"BlessingOfTheForge"},{"floor":14,"key":"hexamod:EctoCoolerPotion"},{"floor":16,"key":"Regen Potion"},{"floor":18,"key":"AttackPotion"},{"floor":21,"key":"GamblersBrew"},{"floor":27,"key":"DeathKnight:RimePotion"},{"floor":35,"key":"SteroidPotion"},{"floor":41,"key":"Strength Potion"},{"floor":44,"key":"Fire Potion"},{"floor":47,"key":"AttackPotion"}],"is_trial":false,"path_per_floor":["M","M","?","?","M","E","R","E","T","?","E","M","E","M","R","B",null,"M","?","M","M","?","E","R","E","T","E","M","M","?","E","R","B",null,"M","$","M","?","?","R","E","$","T","M","E","M","M","M","R","B",null,"R","$","E","B"],"character_chosen":"WATCHER","items_purchased":["Madness","Runesmith:AutoHammer","FollowUp","Panache","Prayer Wheel","Guardian:BlockOnCardUsePotion"],"campfire_rested":6,"item_purchase_floors":[36,36,36,42,42,53],"current_hp_per_floor":[72,72,72,10,9,11,32,36,36,25,28,29,32,45,45,40,72,71,71,71,71,71,71,72,71,78,71,71,72,60,60,60,60,60,60,60,56,56,56,60,60,60,60,46,66,67,67,55,67,51,67,67,67,40,0,0],"gold":51,"neow_bonus":"THREE_CARDS","is_daily":false,"chose_seed":false,"campfire_upgraded":0,"win_rate":0.0,"timestamp":1610655863,"path_taken":["M","M","?","?","?","E","R","E","T","?","E","M","E","M","R","BOSS","M","?","M","M","?","E","R","E","T","E","?","?","?","E","R","BOSS","M","$","M","?","?","R","E","$","T","M","E","M","M","?","R","BOSS","R","$","E","BOSS"],"items_purchased_type":["Card","Relic","Card","Card","Relic","Potion"],"build_version":"2020-12-22","purchased_purges":2,"victory":false,"max_hp_per_floor":[72,72,72,72,72,72,72,72,72,72,72,72,72,72,72,72,72,72,72,72,72,72,72,72,72,79,79,79,79,60,60,60,60,60,60,60,60,60,60,60,60,60,60,60,67,67,67,67,67,67,67,67,67,67,67,67],"relic_stats":{"Centennial Puzzle":[22],"Regal Pillow":0,"counters":[31,106],"Pandora\u0027s Box":["Alpha","MasterReality","Establishment","WaveOfTheHand"],"Prayer Wheel":4,"Bag of Preparation":[58],"Whetstone":["FlurryOfBlows","Bite"],"Boot":[7],"obtain_stats":[{"Regal Pillow":27,"DemoMod:PoisonVial":4,"DeathKnight:Shadowmourne":3,"theForsaken:Lifeblossom":4,"DemoMod:GlassGuonStoneRelic":1,"Bag of Preparation":4,"Whetstone":31,"HollowMod:StagPassRelic":43,"Boot":54,"Centennial Puzzle":23,"DemoMod:MonsterBlood":45,"Prayer Wheel":42,"Fusion Hammer":17,"InkBottle":19,"KratosMod:chalice":3,"DemoMod:Armor":6,"DemoMod:OrangeGuonStone":8,"Oddly Smooth Stone":22,"Damaru":25,"DemoMod:PinkGuonStone":26,"Bottled Flame":41,"DemoMod:NanoMachines":6,"Pandora\u0027s Box":34,"Runesmith:AutoHammer":36,"PureWater":0,"Unceasing Top":11,"Meat on the Bone":13},{"Regal Pillow":16,"DemoMod:PoisonVial":2,"DeathKnight:Shadowmourne":2,"theForsaken:Lifeblossom":2,"DemoMod:GlassGuonStoneRelic":1,"Bag of Preparation":2,"Whetstone":19,"HollowMod:StagPassRelic":23,"Boot":30,"Centennial Puzzle":14,"DemoMod:MonsterBlood":25,"Prayer Wheel":23,"Fusion Hammer":10,"InkBottle":11,"KratosMod:chalice":2,"DemoMod:Armor":4,"DemoMod:OrangeGuonStone":5,"Oddly Smooth Stone":13,"Damaru":15,"DemoMod:PinkGuonStone":15,"Bottled Flame":23,"DemoMod:NanoMachines":4,"Pandora\u0027s Box":20,"Runesmith:AutoHammer":21,"PureWater":0,"Unceasing Top":6,"Meat on the Bone":8},{"Regal Pillow":47,"DemoMod:PoisonVial":4,"DeathKnight:Shadowmourne":4,"theForsaken:Lifeblossom":4,"DemoMod:GlassGuonStoneRelic":2,"Bag of Preparation":4,"Whetstone":55,"HollowMod:StagPassRelic":73,"Boot":101,"Centennial Puzzle":38,"DemoMod:MonsterBlood":81,"Prayer Wheel":73,"Fusion Hammer":26,"InkBottle":29,"KratosMod:chalice":4,"DemoMod:Armor":8,"DemoMod:OrangeGuonStone":11,"Oddly Smooth Stone":35,"Damaru":43,"DemoMod:PinkGuonStone":43,"Bottled Flame":73,"DemoMod:NanoMachines":8,"Pandora\u0027s Box":61,"Runesmith:AutoHammer":65,"PureWater":0,"Unceasing Top":14,"Meat on the Bone":19}],"Unceasing Top":[108],"InkBottle":[64],"Meat on the Bone":12},"card_choices":[{"not_picked":["WheelKick","MarkedMod:FirstStrike"],"picked":"CutThroughFate","floor":0},{"not_picked":["MarkedMod:PinPointDefense","LikeWater"],"picked":"MentalFortress","floor":1},{"not_picked":["CrushJoints","ClearTheMind"],"picked":"SashWhip","floor":2},{"not_picked":["Protect","CrushJoints","Evaluate"],"picked":"SKIP","floor":5},{"not_picked":["Indignation","Study"],"picked":"Prostrate","floor":6},{"not_picked":["SpiritShield","Ragnarok"],"picked":"FlurryOfBlows","floor":8},{"not_picked":["MentalFortress","WindmillStrike"],"picked":"Prostrate","floor":11},{"not_picked":["MentalFortress","Study"],"picked":"Consecrate","floor":12},{"not_picked":["Pray","Vault","Collect"],"picked":"SKIP","floor":13},{"not_picked":["BowlingBash","ForeignInfluence","EmptyBody"],"picked":"SKIP","floor":14},{"not_picked":["CutThroughFate","JustLucky"],"picked":"Prostrate","floor":18},{"not_picked":["Nirvana+1","ThirdEye"],"picked":"TalkToTheHand","floor":20},{"not_picked":["Sanctity","FollowUp+1"],"picked":"Weave+1","floor":21},{"not_picked":["Crescendo+1","CarveReality","Protect"],"picked":"SKIP","floor":23},{"not_picked":["EmptyMind","ClearTheMind+1"],"picked":"MasterReality","floor":25},{"not_picked":["Protect","MarkedMod:OneThousandNeedles"],"picked":"Alpha","floor":27},{"not_picked":["CutThroughFate+1","FollowUp"],"picked":"FlurryOfBlows","floor":28},{"not_picked":["WheelKick+1","PathToVictory","SpiritShield"],"picked":"SKIP","floor":29},{"not_picked":["MarkedMod:Acupuncture","FlyingSleeves+1","MarkedMod:GentlePulse"],"picked":"SKIP","floor":31},{"not_picked":["DeusExMachina","MarkedMod:ChiBlock"],"picked":"DevaForm","floor":33},{"not_picked":["CrushJoints+1","ReachHeaven+1","Wallop"],"picked":"SKIP","floor":35},{"not_picked":["Nirvana+1","Indignation","Sanctity+1"],"picked":"SKIP","floor":37},{"not_picked":["HandOfGreed","DemoMod:Spice"],"picked":"Mind Blast","floor":38},{"not_picked":["expansioncontent:Flail","expansioncontent:SuperHexaguard"],"picked":"Deep Breath","floor":38},{"not_picked":["CutThroughFate+1","ThirdEye"],"picked":"FollowUp","floor":41},{"not_picked":["MarkedMod:Acupuncture","CarveReality+1"],"picked":"Consecrate","floor":44},{"not_picked":["InnerPeace+1","CrushJoints+1","SandsOfTime"],"picked":"SKIP","floor":44},{"not_picked":["Meditate+1","Indignation+1","BowlingBash+1"],"picked":"SKIP","floor":45},{"not_picked":["MarkedMod:GentlePulse","DeceiveReality"],"picked":"FollowUp","floor":46},{"not_picked":["Vengeance+1","EmptyBody+1","Worship"],"picked":"SKIP","floor":46},{"not_picked":["Protect+1","ClearTheMind+1"],"picked":"Halt","floor":47},{"not_picked":["CarveReality+1","EmptyFist","EmptyMind+1"],"picked":"SKIP","floor":47},{"not_picked":["FlyingSleeves+1","Vengeance"],"picked":"FlurryOfBlows","floor":48},{"not_picked":["Wireheading+1","ClearTheMind"],"picked":"Consecrate","floor":48},{"not_picked":["Collect+1","CarveReality+1"],"picked":"SashWhip","floor":54}],"player_experience":444314,"relics_obtained":[{"floor":6,"key":"DemoMod:NanoMachines"},{"floor":8,"key":"DemoMod:OrangeGuonStone"},{"floor":11,"key":"Unceasing Top"},{"floor":13,"key":"Meat on the Bone"},{"floor":23,"key":"Centennial Puzzle"},{"floor":25,"key":"Damaru"},{"floor":26,"key":"DemoMod:PinkGuonStone"},{"floor":27,"key":"Regal Pillow"},{"floor":31,"key":"Whetstone"},{"floor":41,"key":"Bottled Flame"},{"floor":43,"key":"HollowMod:StagPassRelic"},{"floor":45,"key":"DemoMod:MonsterBlood"},{"floor":54,"key":"Boot"}],"event_choices":[{"damage_healed":0,"gold_gain":221,"player_choice":"RE RE GO GO RE ","damage_taken":70,"relics_obtained":["theForsaken:Lifeblossom","DemoMod:PoisonVial","Bag of Preparation"],"max_hp_gain":0,"max_hp_loss":0,"event_name":"betterSkull:BetterSkull","floor":4,"gold_loss":0,"cards_upgraded":[]},{"damage_healed":0,"gold_gain":75,"player_choice":"Gold","damage_taken":11,"max_hp_gain":1,"max_hp_loss":0,"event_name":"betterThird:BetterGoop","floor":10,"gold_loss":0},{"damage_healed":0,"gold_gain":0,"player_choice":"Obtained Relic","damage_taken":0,"relics_obtained":["InkBottle"],"max_hp_gain":0,"max_hp_loss":0,"event_name":"Addict","floor":19,"gold_loss":85},{"damage_healed":0,"gold_gain":0,"player_choice":"Paid Gold","damage_taken":0,"relics_obtained":["Oddly Smooth Stone"],"max_hp_gain":0,"max_hp_loss":0,"event_name":"WeMeetAgain","floor":22,"gold_loss":76},{"damage_healed":0,"gold_gain":0,"player_choice":"Became a vampire","damage_taken":0,"max_hp_gain":0,"max_hp_loss":19,"event_name":"Vampires","floor":30,"gold_loss":0,"cards_obtained":["Bite","Bite","Bite","Bite"]},{"damage_healed":0,"gold_gain":0,"player_choice":"Memory 2","damage_taken":5,"max_hp_gain":0,"max_hp_loss":0,"event_name":"SensoryStone","floor":38,"gold_loss":0},{"cards_removed":["Establishment"],"damage_healed":0,"gold_gain":0,"player_choice":"Upgrade and Remove","damage_taken":0,"max_hp_gain":0,"max_hp_loss":0,"event_name":"Designer","floor":39,"gold_loss":90,"cards_upgraded":["Prostrate"]}],"is_beta":false,"boss_relics":[{"not_picked":["Cursed Key","Coffee Dripper"],"picked":"Fusion Hammer"},{"not_picked":["Velvet Choker","Runesmith:UraniumAnvil"],"picked":"Pandora\u0027s Box"}],"items_purged_floors":[36,42],"is_endless":false,"potions_floor_spawned":[1,2,8,14,16,18,21,27,28,31,35,41,44,47],"killed_by":"The Heart","ascension_level":1}}