{"host":"khkox7sggahain0a","time":1610603357,"event":{"mods":["Act Like it!","Arknights The Spire","BaseMod","Downfall","Gensokyo","Lobotomy","LobotomyExtend","Marisa£®ÏF”Í°°ƒß¿Ì…≥£©","Minty Spire (QoL Compilation)","StSLib","The Animator","Waifu the Spire"],"gold_per_floor":[117,292,307,257,257,287,303,314,338,338,338,338,338],"floor_reached":12,"language":"ZHS","playtime":664,"items_purged":[],"score":78,"play_id":"eb285a7e-322b-41c6-bf6c-614969706f08","local_time":"20210114134917","is_ascension_mode":false,"campfire_choices":[{"data":"ats:Closed Bolt Burst Fire","floor":10,"key":"SMITH"}],"circlet_count":0,"master_deck":["ats:Strike C","ats:Strike G","ats:Strike S","ats:Armor Crushing Shot","ats:Defend","ats:Defend","ats:Defend","ats:Defend","ats:Emotion Absorption","BlueStar","ats:Ignite","MeatLantern","ats:Curse Doll","UniverseFragment","ats:Ignite","QueenOfHatred","ats:Apocalypse","DespairKnight","ats:Closed Bolt Burst Fire+1"],"relics":["ats:Sanity","CogitoBucket","LetterFromLob","Dream Catcher","ats:Originium","Oddly Smooth Stone"],"acts_visited":["Exordium"],"potions_floor_usage":[12],"damage_taken":[{"damage":3.0,"enemies":"Small Slimes","floor":1.0,"turns":5.0},{"damage":13.0,"enemies":"Jaw Worm","floor":3.0,"turns":3.0},{"damage":21,"enemies":"Lagavulin","floor":6,"turns":5},{"damage":0,"enemies":"2 Louse","floor":7,"turns":2},{"damage":1,"enemies":"Lots of Slimes","floor":8,"turns":4},{"damage":54,"enemies":"3 Sentries","floor":12,"turns":3}],"seed_played":"-5015512711618271075","potions_obtained":[{"floor":1.0,"key":"DuplicationPotion"},{"floor":7,"key":"Slimebound:ThreeZeroPotion"},{"floor":8,"key":"PowerPotion"}],"is_trial":false,"path_per_floor":["M","?","M","?","?","E","M","M","T","R","?","E"],"character_chosen":"DOCTOR_CLASS","items_purchased":[],"campfire_rested":0,"item_purchase_floors":[],"current_hp_per_floor":[69,69,56,56,56,35,35,44,44,44,37,0,0],"gold":338,"neow_bonus":"","is_daily":false,"chose_seed":false,"campfire_upgraded":1,"win_rate":0.0,"timestamp":1610603357,"path_taken":["M","?","M","?","?","E","?","M","T","R","?","E"],"items_purchased_type":[],"build_version":"2020-12-22","purchased_purges":0,"victory":false,"max_hp_per_floor":[72,72,72,72,72,72,72,72,72,72,72,72,72],"card_choices":[{"not_picked":["Yin","OSAHOGD"],"picked":"BlueStar","floor":1.0},{"not_picked":["ats:Chain Hook","ats:Cat Scratch"],"picked":"ats:Ignite","floor":1.0},{"not_picked":["OSAHOGD","CrumblingArmor"],"picked":"MeatLantern","floor":3.0},{"not_picked":["ats:Consecutive Shot Auto","ats:Explosion Area Strengthen"],"picked":"ats:Curse Doll","floor":3.0},{"not_picked":["GreedKing","Scorched","MHz"],"picked":"Singing Bowl","floor":6},{"not_picked":["BeautyBeast","CENSORED"],"picked":"UniverseFragment","floor":6},{"not_picked":["ats:Calcification","ats:Charging Defense"],"picked":"ats:Ignite","floor":6},{"not_picked":["Wellcheers","BeautyBeast"],"picked":"QueenOfHatred","floor":7},{"not_picked":["ats:Cat Scratch","ats:LN2 Cannon"],"picked":"ats:Apocalypse","floor":7},{"not_picked":["Murderer","Bloodbath","GalaxyChild"],"picked":"Singing Bowl","floor":8},{"not_picked":["HappyTeddy","Mercenary"],"picked":"DespairKnight","floor":8},{"not_picked":["ats:Hammer On","ats:Powerful Strike"],"picked":"ats:Closed Bolt Burst Fire","floor":8}],"player_experience":293503,"relics_obtained":[{"floor":1.0,"key":"LetterFromLob"},{"floor":6,"key":"ats:Originium"},{"floor":6,"key":"Oddly Smooth Stone"}],"event_choices":[{"damage_healed":0.0,"max_hp_gain":0.0,"max_hp_loss":0.0,"gold_gain":175.0,"event_name":"Liars Game","player_choice":"AGREE","floor":2.0,"gold_loss":0.0,"damage_taken":0.0,"cards_obtained":["Doubt"]},{"cards_removed":["Doubt"],"damage_healed":0.0,"max_hp_gain":0.0,"max_hp_loss":0.0,"gold_gain":0.0,"event_name":"The Cleric","player_choice":"Card Removal","floor":4.0,"gold_loss":50.0,"damage_taken":0.0},{"damage_healed":0.0,"max_hp_gain":0.0,"max_hp_loss":0.0,"gold_gain":0.0,"event_name":"WeMeetAgain","player_choice":"Gave Potion","floor":5.0,"gold_loss":0.0,"damage_taken":0.0,"relics_obtained":["Dream Catcher"]},{"cards_removed":["ats:Strike V"],"damage_healed":0,"gold_gain":0,"player_choice":"Card Removal","damage_taken":7,"max_hp_gain":0,"max_hp_loss":0,"event_name":"Golden Wing","floor":11,"gold_loss":0}],"is_beta":false,"boss_relics":[],"items_purged_floors":[],"is_endless":false,"potions_floor_spawned":[1,7,8],"killed_by":"3 Sentries","ascension_level":0}}