{"host":"wonp23fsqqcu31ie","time":1610667646,"event":{"mods":["2.2 Compatiblity","AchievementEnabler","Aspiration","BaseMod","Bestiary","Better Altar","Better Match","Better Sensory Stone","Better Skull","Better Third Choice","BetterRewards","Block Reminder","Colored Map","Colored Powertips","Conspire","Curses Come First","DeckTracker","Displayed Cursed Tome","Downfall","Energized Spire","Evolution","Hermit","Highlight Path","Hubris","Infinite Spire","Marisa????????","Minty Spire (QoL Compilation)","Permanent Neow","Prisma Mod","Quick Restart","Rare Cards Sparkle","Relic Stats","Replay The Spire","Robot Space Explorer","Shade Mod","Shop Mod","StSLib","SuperFastMode","The Animator","The Bug Knight","The Construct","The Cursed","The Disciple","The Dragon Tamer","The Gatherer","The Hierophant","The Marked","The Necromancer","The Poker Player","The Runesmith","The Saiyan","The Servant 0.9.4","TheBandit"],"gold_per_floor":[118,51,226,240,165,195,195,214,284,341,375,385,385,399,399,502,552,569,580,580,592,606,635,635,6,6,6,6,6,6],"floor_reached":28,"language":"ENG","playtime":896,"items_purged":[],"score":383,"play_id":"8f0e768c-2c43-497c-9895-4e351ebca774","local_time":"20210115104046","is_ascension_mode":true,"metric_token":3410,"campfire_choices":[{"data":"PokerPlayerMod:SpadeStrike","floor":7,"key":"SMITH"},{"floor":15,"key":"RECALL"},{"data":"PokerPlayerMod:Promotion","floor":24,"key":"SMITH"}],"circlet_count":0,"master_deck":["PokerPlayerMod:Diamond1","PokerPlayerMod:Diamond2","PokerPlayerMod:Diamond3","PokerPlayerMod:Diamond4","PokerPlayerMod:Diamond5","PokerPlayerMod:Spade1","PokerPlayerMod:Spade3","PokerPlayerMod:Spade3","PokerPlayerMod:Spade4","PokerPlayerMod:Club1","PokerPlayerMod:Club2","PokerPlayerMod:Heart2","PokerPlayerMod:DiamondStrike","PokerPlayerMod:BadJoker","PokerPlayerMod:Mulligan","PokerPlayerMod:ClubShade","PokerPlayerMod:Heart8","PokerPlayerMod:SpadeStrike+1","PokerPlayerMod:JackOfSpades+1","PokerPlayerMod:Diamond9","PokerPlayerMod:SpadeStrike","PokerPlayerMod:Club7","PokerPlayerMod:ClubStrike","PokerPlayerMod:Diamond8","PokerPlayerMod:SpadeStrike","PokerPlayerMod:DartThrow","PokerPlayerMod:Duplicate","PokerPlayerMod:Promotion+1"],"relics":["PokerPlayerMod:DeckCase","EVO:Axolotl","hubris:64BitClover","Calipers","Pondfish Scales","ReplayTheSpireMod:TigerMarble","Smiling Mask","Blue Doll","MerchantsRug","aspiration:FrozenJewel","Lizard Tail","PokerPlayerMod:ClubPass"],"acts_visited":["Exordium","TheCity"],"potions_floor_usage":[21,23],"damage_taken":[{"damage":10,"enemies":"Jaw Worm","floor":1,"turns":3},{"damage":4,"enemies":"2 Louse","floor":4,"turns":3},{"damage":18,"enemies":"Gremlin Nob","floor":6,"turns":5},{"damage":0,"enemies":"Cultist","floor":8,"turns":3},{"damage":40,"enemies":"3 Sentries","floor":10,"turns":7},{"damage":5,"enemies":"3 Sentries","floor":11,"turns":5},{"damage":1,"enemies":"Exordium Thugs","floor":12,"turns":4},{"damage":0,"enemies":"2 Fungi Beasts","floor":14,"turns":3},{"damage":23,"enemies":"The Guardian","floor":16,"turns":7},{"damage":12,"enemies":"Spheric Guardian","floor":18,"turns":4},{"damage":20,"enemies":"Shell Parasite","floor":19,"turns":5},{"damage":0,"enemies":"Shelled Parasite and Fungi","floor":21,"turns":2},{"damage":15,"enemies":"Snake Plant","floor":22,"turns":2},{"damage":32,"enemies":"Slavers","floor":23,"turns":5},{"damage":79,"enemies":"Nightmare","floor":28,"turns":9}],"seed_played":"-2963257999533765071","potions_obtained":[{"floor":4,"key":"Strength Potion"},{"floor":10,"key":"Strength Potion"},{"floor":14,"key":"Slimebound:ThreeZeroPotion"},{"floor":16,"key":"PowerPotion"}],"is_trial":false,"path_per_floor":["M","$","?","M","?","E","R","M","T","?","E","M","?","M","R","B",null,"M","M","T","M","M","E","R","$","T","?","NM"],"character_chosen":"THE_POKER_PLAYER","items_purchased":["PokerPlayerMod:Heart8","MerchantsRug","aspiration:FrozenJewel","Lizard Tail"],"campfire_rested":0,"item_purchase_floors":[2,25,25,25],"current_hp_per_floor":[41,41,41,49,49,40,40,42,42,20,25,26,53,53,53,33,58,46,36,36,46,41,29,29,29,29,29,0,0,0],"gold":6,"neow_bonus":"","is_daily":false,"chose_seed":false,"campfire_upgraded":2,"win_rate":0.0,"timestamp":1610667646,"path_taken":["M","$","?","M","?","E","R","?","T","?","E","M","?","M","R","BOSS","M","M","?","M","?","E","R","?","T","?","NM"],"items_purchased_type":["Card","Relic","Relic","Relic"],"build_version":"2020-12-22","purchased_purges":0,"victory":false,"max_hp_per_floor":[53,53,53,53,53,53,53,53,53,53,53,53,53,53,53,53,58,58,58,58,58,58,58,58,58,58,58,58,58,58],"relic_stats":{"Lizard Tail":29,"counters":[27,107],"Smiling Mask":0,"obtain_stats":[{"aspiration:Lifesprig":14,"Calipers":10,"Tiny House":17,"CeramicFish":26,"Blue Doll":23,"Juzu Bracelet":8,"EVO:Axolotl":0,"Cursed Key":17,"Smiling Mask":20,"PokerPlayerMod:DeckCase":0,"m_ScarletBlood":0,"Replay:Bandana":22,"Lizard Tail":25,"hubris:Icosahedron":19,"HollowMod:PaleOreRelic":6,"MerchantsRug":25,"hubris:DuctTape":6,"aspiration:Nostalgia":0,"ReplayTheSpireMod:CursedCoin":14,"hubris:64BitClover":0,"Blue Candle":24,"hubris:MedicalManual":2,"Pen Nib":27,"Guardian:PocketSentry":9,"aspiration:FrozenJewel":25,"Pondfish Scales":11,"Bronze Scales":14,"ReplayTheSpireMod:TigerMarble":18,"PokerPlayerMod:ClubPass":26},{"aspiration:Lifesprig":5,"Calipers":17,"Tiny House":21,"CeramicFish":9,"Blue Doll":26,"Juzu Bracelet":4,"EVO:Axolotl":0,"Cursed Key":6,"Smiling Mask":23,"PokerPlayerMod:DeckCase":0,"m_ScarletBlood":0,"Replay:Bandana":8,"Lizard Tail":26,"hubris:Icosahedron":7,"HollowMod:PaleOreRelic":15,"MerchantsRug":26,"hubris:DuctTape":4,"aspiration:Nostalgia":0,"ReplayTheSpireMod:CursedCoin":5,"hubris:64BitClover":12,"Blue Candle":9,"hubris:MedicalManual":1,"Pen Nib":9,"Guardian:PocketSentry":4,"aspiration:FrozenJewel":26,"Pondfish Scales":18,"Bronze Scales":5,"ReplayTheSpireMod:TigerMarble":22,"PokerPlayerMod:ClubPass":26},{"aspiration:Lifesprig":13,"Calipers":61,"Tiny House":80,"CeramicFish":32,"Blue Doll":98,"Juzu Bracelet":12,"EVO:Axolotl":0,"Cursed Key":20,"Smiling Mask":89,"PokerPlayerMod:DeckCase":0,"m_ScarletBlood":0,"Replay:Bandana":28,"Lizard Tail":98,"hubris:Icosahedron":24,"HollowMod:PaleOreRelic":51,"MerchantsRug":98,"hubris:DuctTape":12,"aspiration:Nostalgia":0,"ReplayTheSpireMod:CursedCoin":13,"hubris:64BitClover":40,"Blue Candle":32,"hubris:MedicalManual":3,"Pen Nib":32,"Guardian:PocketSentry":12,"aspiration:FrozenJewel":98,"Pondfish Scales":66,"Bronze Scales":13,"ReplayTheSpireMod:TigerMarble":84,"PokerPlayerMod:ClubPass":98}]},"card_choices":[{"not_picked":["PokerPlayerMod:CloakAndDiamond","PokerPlayerMod:Spade2"],"picked":"PokerPlayerMod:ClubShade","floor":1},{"not_picked":["PokerPlayerMod:Club5","PokerPlayerMod:Club3"],"picked":"PokerPlayerMod:SpadeStrike","floor":4},{"not_picked":["PokerPlayerMod:HotShotCut+1","PokerPlayerMod:Sharpen+1"],"picked":"PokerPlayerMod:JackOfSpades+1","floor":5},{"not_picked":["PokerPlayerMod:JackOfSpades","PokerPlayerMod:ClubStrike"],"picked":"PokerPlayerMod:Diamond9","floor":6},{"not_picked":["PokerPlayerMod:Diamond1","PokerPlayerMod:Diamond2","PokerPlayerMod:Spade4"],"picked":"SKIP","floor":8},{"not_picked":["PokerPlayerMod:HotShotCut","PokerPlayerMod:Diamond3"],"picked":"PokerPlayerMod:SpadeStrike","floor":10},{"not_picked":["PokerPlayerMod:SpadeStrike","PokerPlayerMod:Trickery"],"picked":"PokerPlayerMod:JackOfSpades","floor":11},{"not_picked":["PokerPlayerMod:Spade5","PokerPlayerMod:JackOfSpades"],"picked":"PokerPlayerMod:Club7","floor":12},{"not_picked":["PokerPlayerMod:ClubShade","PokerPlayerMod:DamnStraight"],"picked":"PokerPlayerMod:ClubStrike","floor":14},{"not_picked":["PokerPlayerMod:SecretDealer","PokerPlayerMod:StackedDeck"],"picked":"PokerPlayerMod:Diamond8","floor":16},{"not_picked":["PokerPlayerMod:Harden","PokerPlayerMod:Spade2"],"picked":"PokerPlayerMod:SpadeStrike","floor":17},{"not_picked":["PokerPlayerMod:Club2","PokerPlayerMod:DiamondStrike"],"picked":"PokerPlayerMod:DartThrow","floor":18},{"not_picked":["PokerPlayerMod:Manipulation","PokerPlayerMod:Heart1","PokerPlayerMod:Spade2"],"picked":"SKIP","floor":19},{"not_picked":["PokerPlayerMod:Heart1","PokerPlayerMod:Club1"],"picked":"PokerPlayerMod:Duplicate","floor":21},{"not_picked":["PokerPlayerMod:MagicTrick","PokerPlayerMod:Heart2","PokerPlayerMod:Fold"],"picked":"SKIP","floor":22},{"not_picked":["PokerPlayerMod:ClubsClub","PokerPlayerMod:Diamond1"],"picked":"PokerPlayerMod:Promotion","floor":23}],"player_experience":525994,"relics_obtained":[{"floor":6,"key":"HollowMod:PaleOreRelic"},{"floor":10,"key":"Calipers"},{"floor":11,"key":"Pondfish Scales"},{"floor":18,"key":"ReplayTheSpireMod:TigerMarble"},{"floor":20,"key":"Smiling Mask"},{"floor":23,"key":"Blue Doll"},{"floor":26,"key":"PokerPlayerMod:ClubPass"}],"event_choices":[{"damage_healed":0,"gold_gain":175,"player_choice":"AGREE","damage_taken":51,"max_hp_gain":0,"max_hp_loss":0,"event_name":"betterThird:BetterSerpent","floor":3,"gold_loss":0},{"damage_healed":0,"gold_gain":0,"player_choice":"2","damage_taken":0,"max_hp_gain":0,"max_hp_loss":0,"event_name":"betterMatch:BetterMatch","floor":5,"gold_loss":0,"cards_obtained":["betterMatch:UncommonCard"]},{"damage_healed":0,"gold_gain":30,"player_choice":"Searched \u00273\u0027 times","damage_taken":0,"max_hp_gain":0,"max_hp_loss":0,"event_name":"Dead Adventurer","floor":10,"gold_loss":0},{"cards_removed":["PokerPlayerMod:JackOfSpades"],"damage_healed":27,"gold_gain":0,"player_choice":"Offered Uncommon","damage_taken":0,"max_hp_gain":0,"max_hp_loss":0,"event_name":"Bonfire Elementals","floor":13,"gold_loss":0},{"cards_removed":["Doubt"],"damage_healed":0,"gold_gain":0,"player_choice":"Purged","damage_taken":0,"max_hp_gain":0,"max_hp_loss":0,"event_name":"Purifier","floor":27,"gold_loss":0}],"is_beta":false,"boss_relics":[{"not_picked":["energizedSpire:SpiderWeb","hubris:GrandSneckoEye"],"picked":"Tiny House"}],"items_purged_floors":[],"is_endless":false,"potions_floor_spawned":[4,10,14,16,18,19],"killed_by":"Nightmare","ascension_level":2}}