{"host":"8anlmvy5ylhozj27","time":1610663693,"event":{"mods":["2.2 Compatiblity","Act Like it!","Aspiration","BaseMod","Best Route Mod","Better Match","Better Note","Better Sensory Stone","Better Skull","Better Third Choice","BetterRewards","Block Reminder","Colored Map","Colored Powertips","Conspire","Curses Come First","Duelist Mod","Energized Spire","GifTheSpireLib","Gold Saver","Halation","Hermit","Highlight Path","Hubris","Infinite Spire","Ironclad Rager","Minty Spire (QoL Compilation)","Permanent Neow","Quick Restart","Rare Cards Sparkle","Replay The Spire","Robot Space Explorer","Spicy Shops","StSLib","Stuff the Spire","The Bladedancer","The Blue Laboratory","The Disciple","The Exalted","The Necromancer","The Sage","Transform Curses","Wandering Minibosses","vexMod"],"gold_per_floor":[115,134,134,153,163,198,198,232,300,319,319,335,335,347,347,445,445,456,1110,1110,1128,1145,1172,272,289,316,316,329,364,339,339,339,443,443,460,476,9,49,59,87,87,87,87,103,135,135,135,166,166,166],"floor_reached":51,"language":"FRA","playtime":14506,"items_purged":["Pride","Defend_R"],"score":1089,"play_id":"51e6b8ad-415b-4ce2-b320-3430d2007ffc","local_time":"20210114233453","is_ascension_mode":false,"campfire_choices":[{"data":"Fiend Fire","floor":7,"key":"SMITH"},{"data":"Body Slam","floor":11,"key":"SMITH"},{"data":"Pommel Strike","floor":15,"key":"SMITH"},{"data":"Reaper","floor":41,"key":"SMITH"},{"data":"Brutality","floor":47,"key":"SMITH"},{"data":"Reaper","floor":49,"key":"SMITH"}],"circlet_count":0,"master_deck":["Strike_R","Defend_R","Defend_R","Bash","Clash","Metallicize","Twin Strike","Havoc","Shrug It Off","Fiend Fire+1","Body Slam+1","Run Through","Shrug It Off","Pommel Strike+1","Reaper+1","Sword Boomerang","Wild Strike+1","Brutality+1","Reaper+1","Iron Wave+1","Chrysalis+1","Headbutt+1","Reaper+1","Battle Trance+1","Body Slam+1","Bloodletting","Run Through+1","Immolate","Perfected Strike+1","Rampage+1"],"relics":["Burning Blood","infinitespire:CheckeredPen","halation:BlackBeret","Bag of Marbles","infinitespire:Broken Mirror","Medical Kit","ReplayTheSpireMod:Spearhead","ReplayTheSpireMod:TigerMarble","conspire:Flyswatter","Replay:Ringing Soul","energizedSpire:DecayingSkull","Replay:WaspNest","StuffTheSpire:Mouthbags","Nunchaku","halation:LostSnail","Anchor","Lee\u0027s Waffle","Juzu Bracelet","infinitespire:Satchel","aspiration:PoetsPen_weak","infinitespire:Beetle Shell","aspiration:FrozenJewel","Magic Flower","hubris:TenFootPole","Oddly Smooth Stone","Strawberry","conspire:Boomerang"],"acts_visited":["Exordium","TheCity","TheBeyond"],"potions_floor_usage":[8,22,22,22,38,38],"damage_taken":[{"damage":0,"enemies":"Cultist","floor":1,"turns":2},{"damage":0,"enemies":"Small Slimes","floor":2,"turns":2},{"damage":0,"enemies":"conspire:RoseBush","floor":4,"turns":2},{"damage":0,"enemies":"3 Louse","floor":5,"turns":3},{"damage":17,"enemies":"3 Sentries","floor":6,"turns":7},{"damage":0,"enemies":"Replay:BlueRogue","floor":8,"turns":3},{"damage":1,"enemies":"conspire:2 RoseBushes","floor":10,"turns":2},{"damage":1,"enemies":"Gremlin Gang","floor":12,"turns":4},{"damage":0,"enemies":"Exordium Thugs","floor":14,"turns":2},{"damage":41,"enemies":"Slime Boss","floor":16,"turns":12},{"damage":8,"enemies":"Shell Parasite","floor":18,"turns":3},{"damage":0,"enemies":"3 Byrds","floor":21,"turns":4},{"damage":0,"enemies":"Centurion and Healer","floor":22,"turns":3},{"damage":20,"enemies":"theDuelist:KaibaA2","floor":23,"turns":3},{"damage":3,"enemies":"Sentry and Sphere","floor":25,"turns":4},{"damage":9,"enemies":"Snecko","floor":28,"turns":4},{"damage":31,"enemies":"conspire:SneckoGhost","floor":29,"turns":5},{"damage":77,"enemies":"Automaton","floor":33,"turns":9},{"damage":0,"enemies":"3 Shapes","floor":35,"turns":1},{"damage":0,"enemies":"Orb Walker","floor":36,"turns":1},{"damage":38,"enemies":"Maw","floor":38,"turns":5},{"damage":0,"enemies":"Sphere and 2 Shapes","floor":39,"turns":2},{"damage":45,"enemies":"Nightmare","floor":40,"turns":4},{"damage":4,"enemies":"3 Darklings","floor":44,"turns":3},{"damage":52,"enemies":"R_Hoarder","floor":45,"turns":6},{"damage":71,"enemies":"Nemesis","floor":48,"turns":4},{"damage":75,"enemies":"Time Eater","floor":50,"turns":6}],"seed_played":"7573962176168108791","potions_obtained":[{"floor":1,"key":"BloodPotion"},{"floor":2,"key":"blueLaboratory:BottleOfVodka"},{"floor":10,"key":"blueLaboratory:BubblePotion"},{"floor":14,"key":"LifebloodPotion"},{"floor":21,"key":"blueLaboratory:BottleOfRum"},{"floor":27,"key":"Adrenaline Potion"},{"floor":27,"key":"Reflective Coating"},{"floor":27,"key":"Languid Potion"},{"floor":48,"key":"FearPotion"}],"is_trial":false,"path_per_floor":["M","M","?","M","M","E","R","E","T","M","R","M","?","M","R","B",null,"M","?","?","M","M","E","$","M","T","?","M","E","?","AVR","R_BF","B",null,"M","M","$","M","M","NM","R","?","T","M","E","?","R","E","R","B",null],"character_chosen":"IRONCLAD","items_purchased":["infinitespire:CheckeredPen","halation:BlackBeret","Bag of Marbles","infinitespire:Broken Mirror","Clash","Medical Kit","Reaper","StuffTheSpire:Mouthbags","Nunchaku","halation:LostSnail","Anchor","Lee\u0027s Waffle","Chrysalis","infinitespire:Beetle Shell","aspiration:FrozenJewel","Magic Flower"],"campfire_rested":0,"item_purchase_floors":[0,0,0,0,0,0,24,24,24,24,24,24,24,37,37,37],"current_hp_per_floor":[50,56,56,62,68,57,57,63,63,68,68,73,73,83,83,51,86,87,17,17,29,66,62,109,109,109,109,109,100,100,100,103,47,118,121,124,124,103,120,87,87,87,87,133,116,153,153,108,108,64],"gold":166,"neow_bonus":"","is_daily":false,"chose_seed":false,"campfire_upgraded":6,"win_rate":0.0,"timestamp":1610663693,"path_taken":["M","M","?","?","M","E","R","E","T","M","R","M","?","?","R","BOSS","M","?","?","?","M","E","?","M","T","?","M","E","?","AVR","R_BF","BOSS","M","M","$","M","M","NM","R","?","T","M","E","?","R","E","R","BOSS"],"items_purchased_type":["Relic","Relic","Relic","Relic","Card","Relic","Card","Relic","Relic","Relic","Relic","Relic","Card","Relic","Relic","Relic"],"build_version":"2020-12-22","purchased_purges":2,"victory":true,"max_hp_per_floor":[80,80,80,80,80,80,80,80,80,80,80,80,80,83,83,86,86,89,89,89,92,96,99,109,109,109,109,109,112,112,112,115,118,118,121,124,124,127,127,130,130,130,130,133,143,153,153,156,156,156],"card_choices":[{"not_picked":["Clothesline","StuffTheSpire:RockThrow"],"picked":"Metallicize","floor":1},{"not_picked":["StuffTheSpire:Slingshot","True Grit"],"picked":"Twin Strike","floor":2},{"not_picked":["Combust","Thunderclap"],"picked":"Havoc","floor":4},{"not_picked":["Iron Wave","Headbutt"],"picked":"Shrug It Off","floor":5},{"not_picked":["Fire Breathing","Uppercut"],"picked":"Fiend Fire","floor":6},{"not_picked":["Rupture","Sword Boomerang"],"picked":"Body Slam","floor":8},{"not_picked":["Clothesline","Heavy Blade"],"picked":"Run Through","floor":10},{"not_picked":["Havoc","Twin Strike"],"picked":"Shrug It Off","floor":12},{"not_picked":["Armaments","Flex"],"picked":"Pommel Strike","floor":14},{"not_picked":["Replay:Many Hands","Limit Break"],"picked":"Reaper","floor":16},{"not_picked":["StuffTheSpire:RockThrow","Clothesline"],"picked":"Iron Wave+1","floor":18},{"not_picked":["ReplayTheSpireMod:Strike From Hell","Massacre"],"picked":"Sword Boomerang","floor":21},{"not_picked":["Evolve+1","ReplayTheSpireMod:Muscle Training"],"picked":"Wild Strike+1","floor":22},{"not_picked":["Sword Boomerang","Clash"],"picked":"Brutality","floor":23},{"not_picked":["Shockwave","ReplayTheSpireMod:LeadingStrike","Massacre"],"picked":"SKIP","floor":25},{"not_picked":["Dropkick","StuffTheSpire:Resist+1","Replay:Undeath\u0027s Touch"],"picked":"SKIP","floor":28},{"not_picked":["Heavy Blade","Fire Breathing+1"],"picked":"Headbutt+1","floor":29},{"not_picked":["Demonic Infusion","Exhume"],"picked":"Reaper","floor":33},{"not_picked":["True Grit+1","Infernal Blade"],"picked":"Battle Trance+1","floor":35},{"not_picked":["Rage+1","True Grit"],"picked":"Body Slam+1","floor":36},{"not_picked":["Armaments","Combust"],"picked":"Bloodletting","floor":38},{"not_picked":["True Grit+1","ReplayTheSpireMod:Strike From Hell","conspire:Charge+1"],"picked":"SKIP","floor":39},{"not_picked":["Sentinel","Heavy Blade+1"],"picked":"Run Through+1","floor":40},{"not_picked":["Body Slam","conspire:Charge+1"],"picked":"Immolate","floor":44},{"not_picked":["ReplayTheSpireMod:Limb From Limb+1","Infernal Blade"],"picked":"Perfected Strike+1","floor":45},{"not_picked":["Flex","Eclipse"],"picked":"Rampage+1","floor":48}],"player_experience":156312,"relics_obtained":[{"floor":6,"key":"ReplayTheSpireMod:Spearhead"},{"floor":8,"key":"ReplayTheSpireMod:TigerMarble"},{"floor":9,"key":"conspire:Flyswatter"},{"floor":23,"key":"Replay:WaspNest"},{"floor":26,"key":"Juzu Bracelet"},{"floor":29,"key":"infinitespire:Satchel"},{"floor":40,"key":"hubris:TenFootPole"},{"floor":43,"key":"Oddly Smooth Stone"},{"floor":45,"key":"Strawberry"},{"floor":48,"key":"conspire:Boomerang"}],"event_choices":[{"cards_removed":["Injury"],"damage_healed":0,"gold_gain":0,"player_choice":"Purged","damage_taken":0,"max_hp_gain":0,"max_hp_loss":0,"event_name":"Purifier","floor":3,"gold_loss":0},{"damage_healed":0,"gold_gain":0,"player_choice":"Gave Potion","damage_taken":0,"relics_obtained":["Replay:Ringing Soul"],"max_hp_gain":0,"max_hp_loss":0,"event_name":"WeMeetAgain","floor":13,"gold_loss":0},{"damage_healed":0,"gold_gain":654,"player_choice":"GO GO GO GO GO GO ","damage_taken":76,"relics_obtained":[],"max_hp_gain":0,"max_hp_loss":0,"event_name":"betterSkull:BetterSkull","floor":19,"gold_loss":0,"cards_upgraded":[]},{"damage_healed":0,"gold_gain":0,"player_choice":"Forge","damage_taken":0,"max_hp_gain":0,"max_hp_loss":0,"event_name":"Accursed Blacksmith","floor":20,"gold_loss":0,"cards_upgraded":["Reaper"]},{"damage_healed":0,"gold_gain":0,"player_choice":"Got Potions","damage_taken":0,"max_hp_gain":0,"max_hp_loss":0,"event_name":"Lab","floor":27,"gold_loss":0},{"cards_removed":["conspire:Purge"],"damage_healed":27,"gold_gain":0,"player_choice":"Offered Rare","damage_taken":0,"max_hp_gain":10,"max_hp_loss":0,"event_name":"Bonfire Elementals","floor":46,"gold_loss":0}],"is_beta":false,"boss_relics":[{"not_picked":["aspiration:RitualDagger","Runic Dome"],"picked":"energizedSpire:DecayingSkull"},{"not_picked":["Replay:Bronze Core","hubris:TerracottaHorce"],"picked":"aspiration:PoetsPen_weak"}],"items_purged_floors":[24,31],"is_endless":false,"potions_floor_spawned":[1,2,10,14,21,29,33,39,40,48],"ascension_level":0}}