{"host":"1cd1aqaox6jesai3","time":1610661498,"event":{"mods":["Act Like it!","Arknights The Spire","Astrologer","Bartender","BaseMod","Colored Powertips","Googly Eyes","Hallownest","Infinite Spire","Mimic Mod","Minty Spire (QoL Compilation)","Replay The Spire","StSLib","The Bladedancer","The Bug Knight","The Construct","The Factory","The Hierophant"],"gold_per_floor":[110,110,110,110,125,125,159,159,159,159,159,176,211,231,231,331,331,348,363,383,383,403,403,403],"floor_reached":23,"language":"ENG","playtime":1206,"items_purged":[],"score":237,"play_id":"1d4ea2aa-1ee4-4d16-beea-382ff2ea05a7","local_time":"20210114165818","is_ascension_mode":true,"campfire_choices":[{"data":"HollowMod:DashSlash","floor":6,"key":"SMITH"},{"data":"HollowMod:MothsMistake","floor":8,"key":"SMITH"},{"data":"HollowMod:FocusHealStart","floor":10,"key":"SMITH"},{"data":"HollowMod:InfectionAssault","floor":15,"key":"SMITH"}],"circlet_count":0,"master_deck":["HollowMod:NailStrikeStart","HollowMod:NailStrikeStart","HollowMod:NailStrikeStart","HollowMod:QuickDashStart","HollowMod:QuickDashStart","HollowMod:QuickDashStart","HollowMod:QuickDashStart","HollowMod:FocusHealStart+1","HollowMod:PogoStrike","HollowMod:DashSlash+1","HollowMod:SoulShaman","HollowMod:MothsMistake+1","HollowMod:DashSlash","HollowMod:NewJinnsSoul","HollowMod:InfectionAssault+1","HollowMod:LifebloodCore","HollowMod:InfectedAttack+1","HollowMod:TaintedHusks"],"relics":["HollowMod:VesselMask","NeowsBlessing","Cleaning_Rag","infinitespire:Broken Mirror","HollowMod:LifeEnderRelic","Blue Doll","Sozu","Pear"],"acts_visited":["Exordium","TheCity"],"potions_floor_usage":[16,20],"damage_taken":[{"damage":0,"enemies":"Jaw Worm","floor":1,"turns":1},{"damage":0,"enemies":"Small Slimes","floor":5,"turns":1},{"damage":0,"enemies":"HollowMod:MossKnight","floor":7,"turns":1},{"damage":0,"enemies":"Cultist","floor":12,"turns":2},{"damage":7,"enemies":"Gremlin Nob","floor":13,"turns":3},{"damage":0,"enemies":"3 Louse","floor":14,"turns":3},{"damage":35,"enemies":"The Guardian","floor":16,"turns":9},{"damage":3,"enemies":"Chosen","floor":18,"turns":5},{"damage":14,"enemies":"Shell Parasite","floor":19,"turns":3},{"damage":42,"enemies":"Snecko","floor":20,"turns":5},{"damage":20,"enemies":"Centurion and Healer","floor":22,"turns":4},{"damage":22,"enemies":"Gremlin Leader","floor":23,"turns":3}],"seed_played":"-6030179175446350268","potions_obtained":[{"floor":1,"key":"Ancient Potion"},{"floor":7,"key":"LiquidBronze"},{"floor":14,"key":"BlessingOfTheForge"}],"is_trial":false,"path_per_floor":["M","?","?","?","M","R","E","R","T","R","?","M","E","M","R","B",null,"M","M","M","AVR","M","E"],"character_chosen":"THE_BUGKNIGHT","items_purchased":[],"campfire_rested":0,"item_purchase_floors":[],"current_hp_per_floor":[75,75,75,75,75,75,75,75,75,75,75,75,68,74,74,49,75,72,64,22,32,12,0,0],"gold":403,"neow_bonus":"THREE_ENEMY_KILL","is_daily":false,"chose_seed":false,"campfire_upgraded":4,"win_rate":0.0,"timestamp":1610661498,"path_taken":["M","?","?","?","?","R","E","R","T","R","?","M","E","M","R","BOSS","M","M","M","AVR","M","E"],"items_purchased_type":[],"build_version":"2020-12-22","purchased_purges":0,"victory":false,"max_hp_per_floor":[75,75,75,75,75,75,75,75,75,75,75,75,75,75,75,75,75,75,75,75,85,85,85,85],"card_choices":[{"not_picked":["HollowMod:NewJinnsSoul","HollowMod:DreamGate"],"picked":"HollowMod:DashSlash","floor":1},{"not_picked":["HollowMod:DesolateDive","HollowMod:LuriensSpire"],"picked":"HollowMod:SoulShaman","floor":5},{"not_picked":["HollowMod:NewLittleFool","HollowMod:VengefulSpirit"],"picked":"HollowMod:MothsMistake","floor":7},{"not_picked":["HollowMod:AbyssShriek","HollowMod:LordofShades"],"picked":"HollowMod:DashSlash","floor":12},{"not_picked":["HollowMod:ShadowDash","HollowMod:MothsMistake"],"picked":"HollowMod:NewJinnsSoul","floor":13},{"not_picked":["HollowMod:SiblingsSouls","HollowMod:DoubleDash"],"picked":"HollowMod:InfectionAssault","floor":14},{"not_picked":["HollowMod:WhiteLadysBlessing","HollowMod:MidwifesHunger"],"picked":"HollowMod:LifebloodCore","floor":16},{"not_picked":["HollowMod:CrystalDash+1","HollowMod:SharpenedNail"],"picked":"HollowMod:InfectedAttack+1","floor":18},{"not_picked":["HollowMod:SharpenedNail","HollowMod:LuriensSpire+1"],"picked":"HollowMod:TaintedHusks","floor":19},{"not_picked":["HollowMod:CrystalDash","HollowMod:CornifersMapStart","HollowMod:NewLittleFool"],"picked":"SKIP","floor":20},{"not_picked":["HollowMod:DashSlash","HollowMod:LuriensSpire","HollowMod:SiblingsShadow"],"picked":"SKIP","floor":22}],"player_experience":168502,"relics_obtained":[{"floor":7,"key":"infinitespire:Broken Mirror"},{"floor":9,"key":"HollowMod:LifeEnderRelic"},{"floor":13,"key":"Blue Doll"}],"event_choices":[{"damage_healed":0,"gold_gain":0,"player_choice":"Gave Potion","damage_taken":0,"relics_obtained":["Cleaning_Rag"],"max_hp_gain":0,"max_hp_loss":0,"event_name":"WeMeetAgain","floor":4,"gold_loss":0},{"damage_healed":0,"gold_gain":0,"player_choice":"Bought 0 Potions","damage_taken":0,"max_hp_gain":0,"max_hp_loss":0,"event_name":"The Woman in Blue","floor":11,"gold_loss":0}],"is_beta":false,"boss_relics":[{"not_picked":["Coffee Dripper","Replay:Drink Me"],"picked":"Sozu"}],"items_purged_floors":[],"is_endless":false,"potions_floor_spawned":[1,7,14,22],"killed_by":"Gremlin Leader","ascension_level":1}}