{"host":"ywbsnexmk111etbw","time":1610657395,"event":{"mods":["100% Spire Juice","Act Like it!","BaseMod","Beaked The Cultist","Colored Powertips","Curses Come First","Downfall","Hubris","Infinite Spire","Marisa????????","Minty Spire (QoL Compilation)","Pale of the Ancients","Permanent Neow","Replay The Spire","Robot Space Explorer","StSLib","The Bladedancer","The Cursed","The Dragon Tamer","The Marked","The Mystic","The Necromancer","The Saiyan","Wandering Minibosses"],"gold_per_floor":[118,118,293,309,61,61,61,61,108,108,126,139,165,184,184,279,279,291,291,291,308,308,308,308,308],"floor_reached":24,"language":"ENG","playtime":1252,"items_purged":[],"score":184,"play_id":"f4f20693-2477-448b-a4c5-c73fc3fffdba","local_time":"20210114154955","is_ascension_mode":false,"campfire_choices":[{"data":"RobotSpaceExplorer:SurgingShield","floor":6,"key":"SMITH"},{"floor":8,"key":"REST"},{"data":"RobotSpaceExplorer:Pulsar","floor":15,"key":"SMITH"},{"floor":23,"key":"REST"}],"circlet_count":0,"master_deck":["RobotSpaceExplorer:Strike","RobotSpaceExplorer:Strike+1","RobotSpaceExplorer:Strike","RobotSpaceExplorer:Strike","RobotSpaceExplorer:Defend","RobotSpaceExplorer:Defend","RobotSpaceExplorer:Defend","RobotSpaceExplorer:Defend","RobotSpaceExplorer:Scan","RobotSpaceExplorer:MiniLasers+1","RobotSpaceExplorer:SurgingShield+1","Doubt","RobotSpaceExplorer:Pulsar+1","Looming Evil","RobotSpaceExplorer:Jetpack","RobotSpaceExplorer:PowerCollector","RobotSpaceExplorer:StunGrenade","RobotSpaceExplorer:Arsenal","Saiyan:SuperSaiyanThree","RobotSpaceExplorer:Pulsar+1","RobotSpaceExplorer:MiniDrones","RobotSpaceExplorer:ScrapMissile","infinitespire:TheBestDefense"],"relics":["RobotSpaceExplorer:RoboCore","NeowsBlessing","hubris:PeanutButter","Ring of Hypnosis","ReplayTheSpireMod:Ring of Exchange","Potion Belt","infinitespire:Satchel","beaked:SacredDeck","Lantern"],"acts_visited":["Exordium","TheCity"],"potions_floor_usage":[14,16,16,18,21],"damage_taken":[{"damage":0,"enemies":"Small Slimes","floor":1,"turns":1},{"damage":0,"enemies":"2 Louse","floor":4,"turns":1},{"damage":0,"enemies":"Jaw Worm","floor":11,"turns":1},{"damage":0,"enemies":"Looter","floor":12,"turns":5},{"damage":5,"enemies":"Exordium Thugs","floor":14,"turns":6},{"damage":45,"enemies":"The Guardian","floor":16,"turns":19},{"damage":0,"enemies":"Spheric Guardian","floor":18,"turns":5},{"damage":42,"enemies":"Chosen","floor":21,"turns":7},{"damage":55,"enemies":"Slavers","floor":24,"turns":7}],"seed_played":"943262346012629988","potions_obtained":[{"floor":4,"key":"EssenceOfSteel"},{"floor":11,"key":"AttackPotion"},{"floor":12,"key":"BlessingOfTheForge"},{"floor":14,"key":"sneckomod:MuddlingPotion"},{"floor":18,"key":"hexamod:EctoCoolerPotion"}],"is_trial":false,"path_per_floor":["M","?","?","M","$","R","?","R","T","?","M","M","T","M","R","B",null,"M","?","AVR","M","?","R","E"],"character_chosen":"RobotSpaceExplorer","items_purchased":["hubris:PeanutButter"],"campfire_rested":2,"item_purchase_floors":[5],"current_hp_per_floor":[75,75,75,75,75,75,75,75,75,75,75,75,75,70,70,25,75,75,75,75,33,15,37,0,0],"gold":308,"neow_bonus":"THREE_ENEMY_KILL","is_daily":false,"chose_seed":false,"campfire_upgraded":2,"win_rate":0.0,"timestamp":1610657395,"path_taken":["M","?","?","M","$","R","?","R","T","?","M","?","?","M","R","BOSS","M","?","AVR","M","?","R","E"],"items_purchased_type":["Relic"],"build_version":"2020-12-22","purchased_purges":0,"victory":false,"max_hp_per_floor":[75,75,75,75,75,75,75,75,75,75,75,75,75,75,75,75,75,75,75,75,75,75,75,75,75],"card_choices":[{"not_picked":["RobotSpaceExplorer:FranticSearch","RobotSpaceExplorer:SlimeMissile"],"picked":"RobotSpaceExplorer:SurgingShield","floor":1},{"not_picked":["RobotSpaceExplorer:MetalStrike","RobotSpaceExplorer:ExhaustFan"],"picked":"RobotSpaceExplorer:Pulsar","floor":4},{"not_picked":["RobotSpaceExplorer:Discharger","RobotSpaceExplorer:SelfCleaning"],"picked":"RobotSpaceExplorer:Jetpack","floor":11},{"not_picked":["RobotSpaceExplorer:BigMissile","RobotSpaceExplorer:ShockKick"],"picked":"RobotSpaceExplorer:PowerCollector","floor":12},{"not_picked":["RobotSpaceExplorer:TurboDodge","RobotSpaceExplorer:ShockKick"],"picked":"RobotSpaceExplorer:StunGrenade","floor":14},{"not_picked":["RobotSpaceExplorer:ShockMissile","RobotSpaceExplorer:Wormhole"],"picked":"RobotSpaceExplorer:Arsenal","floor":16},{"not_picked":["RobotSpaceExplorer:PowerGlove","RobotSpaceExplorer:Electropulse"],"picked":"RobotSpaceExplorer:Pulsar+1","floor":18},{"not_picked":["RobotSpaceExplorer:GlueShot+1","RobotSpaceExplorer:FranticSearch"],"picked":"RobotSpaceExplorer:ScrapMissile","floor":21},{"not_picked":["hubris:Rewind","infinitespire:Collect"],"picked":"infinitespire:TheBestDefense","floor":22}],"player_experience":156348,"relics_obtained":[{"floor":7,"key":"Ring of Hypnosis"},{"floor":7,"key":"ReplayTheSpireMod:Ring of Exchange"},{"floor":9,"key":"Potion Belt"},{"floor":13,"key":"infinitespire:Satchel"}],"event_choices":[{"damage_healed":0,"gold_gain":175,"player_choice":"AGREE","damage_taken":0,"max_hp_gain":0,"max_hp_loss":0,"event_name":"Liars Game","floor":3,"gold_loss":0,"cards_obtained":["Doubt"]},{"damage_healed":0,"gold_gain":0,"player_choice":"Upgraded","damage_taken":0,"max_hp_gain":0,"max_hp_loss":0,"event_name":"Upgrade Shrine","floor":10,"gold_loss":0,"cards_upgraded":["RobotSpaceExplorer:MiniLasers"]},{"damage_healed":0,"gold_gain":0,"player_choice":"Read","damage_taken":0,"max_hp_gain":0,"max_hp_loss":0,"event_name":"The Library","floor":19,"gold_loss":0,"cards_obtained":["RobotSpaceExplorer:MiniDrones"]}],"is_beta":false,"boss_relics":[{"not_picked":["Fusion Hammer","hubris:CrackedHourglass"],"picked":"beaked:SacredDeck"}],"items_purged_floors":[],"is_endless":false,"potions_floor_spawned":[4,11,12,14,18],"killed_by":"Slavers","ascension_level":0}}