{"host":"22s5scuj7mu87reg","time":1610645987,"event":{"mods":["BaseMod","Colored Powertips","Dota2Spire","Downfall","Duelist Mod","GungeonMod","Halation","Hubris","Infinite Spire","Koishi","KomeijiMod","Minty Spire (QoL Compilation)","Replay The Spire","StSLib","SuperFastMode","The Jungle","The Mystic","The Necromancer","Wandering Minibosses"],"gold_per_floor":[394,404,404,163,163,163,177,277,300,319,331,331,347,361,361,458,458,448,348,348,348,358,358,378,253,253,305,316,349,43,59,59,162,162,179,179,179,179,195,195,195],"floor_reached":40,"language":"POL","playtime":2352,"items_purged":["theDuelist:Sparks","Regret","theDuelist:Sparks","theDuelist:CastleWalls"],"score":464,"play_id":"8d6292d0-c93e-4eef-addb-95a9d92fbc16","local_time":"20210114183947","is_ascension_mode":true,"campfire_choices":[{"data":"theDuelist:Duoterion","floor":6,"key":"SMITH"},{"floor":12,"key":"REST"},{"floor":15,"key":"REST"},{"floor":23,"key":"RECALL"},{"floor":32,"key":"REST"}],"circlet_count":0,"master_deck":["theDuelist:BabyDragon","theDuelist:CastleWalls","theDuelist:CaveDragon","theDuelist:CaveDragon","theDuelist:LesserDragon","theDuelist:LesserDragon","theDuelist:YamataDragon","theDuelist:CoralDragon","theDuelist:Duoterion","theDuelist:Duoterion+1","theDuelist:GuardragonJusticia","theDuelist:GuardragonJusticia","theDuelist:StardustDragon","theDuelist:LeviaDragon+1","theDuelist:ArmageddonDragonEmp","theDuelist:BoosterDragon+1","infinitespire:Oblivion","Confused","Hallucinations","theDuelist:GuardragonJusticia"],"relics":["theDuelist:MillenniumPuzzle","theDuelist:CardPoolRelic","theDuelist:CardPoolBasicRelic","theDuelist:CardRewardRelicC","halation:NonexistentMirror","halation:Toothbrush","DemoMod:MonsterBlood","Replay:Fungal Core","Spirit Poop","Kunai","Ancient Tea Set","halation:KoshaPiece","Ooze Armor","Ring of Peace"],"acts_visited":["Exordium","TheCity","TheBeyond"],"potions_floor_usage":[33,33,33,40],"damage_taken":[{"damage":6,"enemies":"Jaw Worm","floor":1,"turns":3},{"damage":7,"enemies":"Small Slimes","floor":2,"turns":2},{"damage":3,"enemies":"2 Louse","floor":7,"turns":2},{"damage":16,"enemies":"Exordium Thugs","floor":10,"turns":6},{"damage":27,"enemies":"Lots of Slimes","floor":11,"turns":4},{"damage":19,"enemies":"2 Fungi Beasts","floor":13,"turns":6},{"damage":4,"enemies":"Exordium Thugs","floor":14,"turns":4},{"damage":28,"enemies":"Hexaghost","floor":16,"turns":15},{"damage":4,"enemies":"2 Thieves","floor":18,"turns":4},{"damage":20,"enemies":"Spheric Guardian","floor":22,"turns":8},{"damage":7,"enemies":"Centurion and Healer","floor":24,"turns":8},{"damage":4,"enemies":"Snake Plant","floor":28,"turns":6},{"damage":42,"enemies":"Nightmare","floor":29,"turns":17},{"damage":9,"enemies":"3 Cultists","floor":31,"turns":9},{"damage":25,"enemies":"Automaton","floor":33,"turns":14},{"damage":40,"enemies":"Orb Walker","floor":35,"turns":6},{"damage":28,"enemies":"3 Darklings","floor":39,"turns":11},{"damage":9,"enemies":"Nightmare","floor":40,"turns":8}],"seed_played":"2822426556604126807","potions_obtained":[{"floor":7,"key":"theDuelist:SolderPotionB"},{"floor":14,"key":"theDuelist:SealedPack"},{"floor":16,"key":"theDuelist:VampireVial"},{"floor":33,"key":"theDuelist:VampireVial"},{"floor":35,"key":"theDuelist:TokenPotion"}],"is_trial":false,"path_per_floor":["M","M","?","$","?","R","M","?","T","M","M","R","M","M","R","B",null,"M","$","T","?","M","R","M","$","T","T","M","NM","$","M","R","B",null,"M","?","?","?","M","NM"],"character_chosen":"THE_DUELIST","items_purchased":["theDuelist:Duoterion","halation:NonexistentMirror","theDuelist:ArmageddonDragonEmp"],"campfire_rested":3,"item_purchase_floors":[4,4,30],"current_hp_per_floor":[66,59,59,59,59,59,56,56,63,47,20,43,24,20,43,15,79,75,78,78,81,61,61,54,57,57,57,53,11,14,5,32,7,91,51,30,30,30,2,0,0],"gold":195,"neow_bonus":"TWO_FIFTY_GOLD","is_daily":false,"chose_seed":false,"campfire_upgraded":1,"win_rate":0.0,"timestamp":1610645987,"path_taken":["M","M","?","$","?","R","M","?","T","M","?","R","M","M","R","BOSS","M","?","?","?","?","R","M","?","T","?","M","NM","$","M","R","BOSS","M","?","?","?","?","NM"],"items_purchased_type":["Card","Relic","Card"],"build_version":"2020-12-13","purchased_purges":4,"victory":false,"max_hp_per_floor":[72,72,72,72,72,72,72,72,79,79,79,79,79,79,79,79,79,79,82,82,85,85,85,85,88,88,88,88,88,91,91,91,91,91,91,91,91,91,91,91,91],"card_choices":[{"not_picked":["theDuelist:YamataDragon","theDuelist:HazyFlameHydra"],"picked":"theDuelist:CoralDragon","floor":1},{"not_picked":["theDuelist:CloudianGhost","theDuelist:RedEyesZombie"],"picked":"theDuelist:Duoterion","floor":2},{"not_picked":["theDuelist:SnowDragon","theDuelist:DefenseDraw","theDuelist:CyberTwinDragon"],"picked":"SKIP","floor":7},{"not_picked":["theDuelist:CyberValley","theDuelist:ToonBarrelDragon","theDuelist:GalaxyTyranno"],"picked":"SKIP","floor":7},{"not_picked":["theDuelist:AtomicScrapDragon","theDuelist:GalaxyTyranno"],"picked":"theDuelist:GuardragonJusticia","floor":10},{"not_picked":["theDuelist:CyberDinosaur","theDuelist:ExploderDragonwing","theDuelist:DarkHorus"],"picked":"SKIP","floor":10},{"not_picked":["theDuelist:BusterDrake","theDuelist:Duoterion","theDuelist:LeviaDragon"],"picked":"SKIP","floor":11},{"not_picked":["theDuelist:HymnOfLight","theDuelist:SnowDragon","theDuelist:BusterBladerDDS"],"picked":"SKIP","floor":11},{"not_picked":["theDuelist:BlizzardDragon","theDuelist:BlackPtera","theDuelist:RedRisingDragon"],"picked":"SKIP","floor":13},{"not_picked":["theDuelist:CaveDragon","theDuelist:BlackPtera","theDuelist:AquaDolphin"],"picked":"SKIP","floor":13},{"not_picked":["theDuelist:LesserDragon","theDuelist:AquaDolphin","theDuelist:BlackPtera"],"picked":"SKIP","floor":14},{"not_picked":["theDuelist:CyberDragonVier","theDuelist:SnowDragon","theDuelist:InfernityDoomDragon"],"picked":"SKIP","floor":14},{"not_picked":["theDuelist:BusterBladerDDS","theDuelist:OceanDragonLord"],"picked":"theDuelist:StardustDragon","floor":16},{"not_picked":["theDuelist:SilverDragon","theDuelist:DefenseDraw","theDuelist:ArmedDragon5+1"],"picked":"SKIP","floor":18},{"not_picked":["theDuelist:CyberDragonNachster","theDuelist:HazyFlameHydra","theDuelist:ToonBarrelDragon+1"],"picked":"SKIP","floor":22},{"not_picked":["theDuelist:CyberDinosaur","theDuelist:CyberDragonVier"],"picked":"theDuelist:LeviaDragon+1","floor":24},{"not_picked":["theDuelist:AncientPixieDragon","theDuelist:StarlightRoad+1","theDuelist:SystemDown"],"picked":"SKIP","floor":28},{"not_picked":["theDuelist:AxeDespair+1","theDuelist:Kabazauls","theDuelist:CyberValley+1"],"picked":"SKIP","floor":29},{"not_picked":["theDuelist:CyberDragonNachster","theDuelist:SuperancientDinobeast+1","theDuelist:RedEyesZombie"],"picked":"SKIP","floor":31},{"not_picked":["theDuelist:CyberDragonNachster","theDuelist:SuperancientDinobeast+1","theDuelist:RedEyesZombie"],"picked":"SKIP","floor":31},{"not_picked":["theDuelist:HazyFlameHydra+1","theDuelist:SphereChaos+1"],"picked":"theDuelist:BoosterDragon+1","floor":35},{"not_picked":["infinitespire:DeathsTouch","infinitespire:UltimateForm"],"picked":"infinitespire:Oblivion","floor":36},{"not_picked":["theDuelist:MangaRyuRan","theDuelist:YamataDragon+1"],"picked":"theDuelist:GuardragonJusticia","floor":39}],"player_experience":134178,"relics_obtained":[{"floor":3,"key":"theDuelist:CardRewardRelicC"},{"floor":9,"key":"DemoMod:MonsterBlood"},{"floor":26,"key":"Kunai"},{"floor":27,"key":"Ancient Tea Set"},{"floor":29,"key":"halation:KoshaPiece"},{"floor":38,"key":"Ring of Peace"}],"event_choices":[{"damage_healed":0,"gold_gain":0,"player_choice":"Box","damage_taken":0,"relics_obtained":["halation:Toothbrush"],"max_hp_gain":0,"max_hp_loss":0,"event_name":"Big Fish","floor":5,"gold_loss":0,"cards_obtained":["Regret"]},{"damage_healed":0,"gold_gain":100,"player_choice":"Pray","damage_taken":0,"max_hp_gain":0,"max_hp_loss":0,"event_name":"Golden Shrine","floor":8,"gold_loss":0},{"cards_removed":["Regret"],"damage_healed":0,"gold_gain":0,"player_choice":"Offered Curse","damage_taken":0,"relics_obtained":["Spirit Poop"],"max_hp_gain":0,"max_hp_loss":0,"event_name":"Bonfire Elementals","floor":21,"gold_loss":0}],"is_beta":false,"boss_relics":[{"not_picked":["Fusion Hammer","Snecko Scales"],"picked":"Replay:Fungal Core"},{"not_picked":["Replay:Wanted Poster","halation:Yufonium"],"picked":"Ooze Armor"}],"items_purged_floors":[4,19,25,30],"is_endless":true,"potions_floor_spawned":[7,14,16,22,29,33,35],"killed_by":"Nightmare","ascension_level":2}}