{"host":"glr6dej2vgiwq051","time":1610583409,"event":{"mods":["BaseMod","Better Match","Better Note","Better Third Choice","BetterRewards","Colored Map","Minty Spire (QoL Compilation)","Rare Cards Sparkle","Replay The Spire","StSLib","The IronCluck"],"gold_per_floor":[115,127,127,144,69,103,103,103,103,132,132,152,163,176,176,176,176],"floor_reached":16,"language":"DEU","playtime":712,"items_purged":["Strike_R"],"score":112,"play_id":"9e184ddf-18e2-4e7f-988b-c41b7799e68b","local_time":"20210114011649","daily_mods":["Heirloom"],"is_ascension_mode":false,"campfire_choices":[{"data":"Searing Blow+1","floor":7,"key":"SMITH"},{"data":"Searing Blow+2","floor":11,"key":"SMITH"},{"floor":15,"key":"REST"}],"circlet_count":0,"master_deck":["Strike_R+1","Strike_R","Strike_R","Defend_R","Defend_R","Defend_R","Defend_R","Bash","Cleave","Shrug It Off","Searing Blow+3","Pommel Strike+1","Flame Barrier","Ghostly Armor","Barricade"],"relics":["Burning Blood","Counterbalance","Molten Egg 2","Gremlin Horn","Dream Catcher"],"acts_visited":["Exordium"],"potions_floor_usage":[6],"damage_taken":[{"damage":5,"enemies":"Small Slimes","floor":1,"turns":3},{"damage":6,"enemies":"Jaw Worm","floor":2,"turns":4},{"damage":1,"enemies":"Cultist","floor":4,"turns":3},{"damage":36,"enemies":"Lagavulin","floor":6,"turns":6},{"damage":26,"enemies":"Replay:BlueRogue","floor":10,"turns":5},{"damage":7,"enemies":"Blue Slaver","floor":12,"turns":3},{"damage":0,"enemies":"2 Fungi Beasts","floor":13,"turns":3},{"damage":0,"enemies":"Lots of Slimes","floor":14,"turns":2},{"damage":58,"enemies":"Hexaghost","floor":16,"turns":12}],"seed_played":"-6122550790388386076","potions_obtained":[{"floor":1,"key":"PowerPotion"},{"floor":4,"key":"Swift Potion"},{"floor":13,"key":"ElixirPotion"}],"is_trial":true,"path_per_floor":["M","M","?","M","$","E","R","?","T","E","R","M","M","M","R","B"],"character_chosen":"IRONCLAD","items_purchased":[],"campfire_rested":1,"item_purchase_floors":[],"current_hp_per_floor":[80,80,80,80,80,50,50,43,43,23,23,22,28,34,58,0,0],"gold":176,"neow_bonus":"","is_daily":false,"chose_seed":false,"campfire_upgraded":2,"win_rate":0.0,"timestamp":1610583409,"path_taken":["M","M","?","M","$","E","R","?","T","E","R","M","M","M","R","BOSS"],"items_purchased_type":[],"build_version":"2020-12-22","purchased_purges":1,"victory":false,"max_hp_per_floor":[80,80,80,80,80,80,80,80,80,80,80,80,80,80,80,80,80],"card_choices":[{"not_picked":["Flex","Iron Wave"],"picked":"Cleave","floor":1},{"not_picked":["Dark Embrace","Intimidate","Clash"],"picked":"SKIP","floor":2},{"not_picked":["Clothesline","Pommel Strike"],"picked":"Shrug It Off","floor":4},{"not_picked":["Shrug It Off","Carnage+1"],"picked":"Searing Blow+1","floor":6},{"not_picked":["Dual Wield","Sword Boomerang+1"],"picked":"Pommel Strike+1","floor":10},{"not_picked":["Havoc","Dropkick+1"],"picked":"Flame Barrier","floor":12},{"not_picked":["Wild Strike+1","Inflame"],"picked":"Ghostly Armor","floor":13},{"not_picked":["Power Through","Sentinel","Clash+1"],"picked":"SKIP","floor":14},{"not_picked":["Fire Breathing","Entrench"],"picked":"Barricade","floor":15}],"player_experience":578624,"relics_obtained":[{"floor":6,"key":"Molten Egg 2"},{"floor":9,"key":"Gremlin Horn"},{"floor":10,"key":"Dream Catcher"}],"event_choices":[{"cards_removed":["Strike_R"],"damage_healed":0,"gold_gain":0,"player_choice":"Card Removal","damage_taken":7,"max_hp_gain":0,"max_hp_loss":0,"event_name":"Golden Wing","floor":8,"gold_loss":0}],"is_beta":false,"boss_relics":[],"items_purged_floors":[5],"is_endless":false,"potions_floor_spawned":[1,4,13],"killed_by":"Hexaghost","ascension_level":0}}