{"host":"bb5r3ba2ig485dr2","time":1610634963,"event":{"mods":["Act Like it!","BaseMod","CapriCore","Chen","Curses Come First","Gensokyo","Hallownest","Koishi","Lobotomy","LobotomyExtend","Marisa（霧雨　魔理沙）","Minty Spire (QoL Compilation)","Random Character Button","Rare Cards Sparkle","Reimu（博??梦）","StSLib","The Administrix","The Bug Knight","The Immortal","The Servant 0.9.4","The Wild Card"],"gold_per_floor":[109,129,129,54,72,72,72],"floor_reached":6,"language":"ENG","playtime":624,"items_purged":[],"score":36,"play_id":"deec5f52-7978-4000-8160-de66ba9e164f","local_time":"20210114153603","is_ascension_mode":false,"campfire_choices":[],"circlet_count":0,"master_deck":["Koishi:BasicStrike","Koishi:BasicStrike","Koishi:BasicStrike","Koishi:BasicStrike","Koishi:BasicDefend","Koishi:BasicDefend","Koishi:BasicDefend","Koishi:BasicDefend","Koishi:Provoke","Koishi:HauntingSlash","WallGazer","Koishi:PhilosophyOfTheDespised","Koishi:EmbersOfLove","Gensokyo:LockedMedkit","Koishi:UnconsciousUrges"],"relics":["Koishi:ImaginaryFriend","CogitoBucket","LetterFromLob"],"acts_visited":["Gensokyo:Gensokyo"],"potions_floor_usage":[6],"damage_taken":[{"damage":8,"enemies":"Gensokyo:3_Fairies","floor":1,"turns":6},{"damage":9,"enemies":"Gensokyo:Gryphon","floor":2,"turns":6},{"damage":11,"enemies":"Gensokyo:2_Kodama","floor":5,"turns":6},{"damage":49,"enemies":"Gensokyo:Cirno","floor":6,"turns":9}],"seed_played":"-8439470271329128705","potions_obtained":[{"floor":2,"key":"LiquidMemories"}],"is_trial":false,"path_per_floor":["M","M","?","COS","M","E"],"character_chosen":"KOISHI","items_purchased":[],"campfire_rested":0,"item_purchase_floors":[],"current_hp_per_floor":[53,46,52,52,44,0,0],"gold":72,"neow_bonus":"","is_daily":false,"chose_seed":false,"campfire_upgraded":0,"win_rate":0.0,"timestamp":1610634963,"path_taken":["M","M","?","COS","M","E"],"items_purchased_type":[],"build_version":"2020-12-22","purchased_purges":0,"victory":false,"max_hp_per_floor":[60,60,66,66,66,66,66],"card_choices":[{"not_picked":["ShyLook","MeatLantern"],"picked":"WallGazer","floor":1},{"not_picked":["Koishi:Bloodlust","Koishi:GhostParty"],"picked":"Koishi:PhilosophyOfTheDespised","floor":1},{"not_picked":["Koishi:ParalyzingFear","Koishi:EmbryosDream"],"picked":"Koishi:EmbersOfLove","floor":2},{"not_picked":["Koishi:UnconsciousUprising","Koishi:EmbryosDream"],"picked":"Koishi:UnconsciousUrges","floor":5}],"player_experience":187916,"relics_obtained":[{"floor":1,"key":"LetterFromLob"}],"event_choices":[],"is_beta":false,"boss_relics":[],"items_purged_floors":[],"is_endless":false,"potions_floor_spawned":[2],"killed_by":"Gensokyo:Cirno","ascension_level":0}}