{"host":"uv231blk40vjdojr","time":1610654455,"event":{"mods":["AchievementEnabler","BaseMod","Bestiary","Minty Spire (QoL Compilation)","Relic Stats"],"gold_per_floor":[122,122,122,144,168,168,197,241,264,264,279,279,326,359,359,458,458,471,495,529,551,551,551,603,603,603,38,58,58,103,171,171,275,275,307,287,12,59,120,120,160,199,199,24,67,67,67,85,85,85,85],"floor_reached":52,"language":"ENG","playtime":4106,"items_purged":["Defend_P"],"score":2105,"play_id":"ecddd567-90b7-453e-bbe6-2060a94a6b6e","local_time":"20210114210055","is_ascension_mode":true,"campfire_choices":[{"data":"Eruption","floor":6,"key":"SMITH"},{"data":"Judgement","floor":10,"key":"SMITH"},{"data":"ReachHeaven","floor":15,"key":"SMITH"},{"data":"Consecrate","floor":23,"key":"SMITH"},{"data":"Vault","floor":25,"key":"SMITH"},{"data":"Adaptation","floor":29,"key":"SMITH"},{"data":"Wallop","floor":32,"key":"SMITH"},{"data":"Apotheosis","floor":40,"key":"SMITH"},{"data":"Meditate","floor":47,"key":"SMITH"},{"floor":49,"key":"REST"}],"circlet_count":0,"master_deck":["AscendersBane","Strike_P","Strike_P","Defend_P","Defend_P","Defend_P","Eruption+1","Vigilance","WheelKick+1","Consecrate+1","ReachHeaven+1","Judgement+1","Tantrum+1","EmptyFist","Vault+1","Meditate+1","Protect","Wish","Adaptation+1","Wallop+1","Devotion","ThirdEye+1","Apotheosis+1","Swivel+1","ClearTheMind+1","Protect","WaveOfTheHand+1"],"relics":["PureWater","CeramicFish","Golden Idol","Ancient Tea Set","PreservedInsect","Toy Ornithopter","Regal Pillow","Velvet Choker","Incense Burner","Eternal Feather","Calipers","Whetstone","White Beast Statue","Empty Cage","WingedGreaves","Orichalcum","Bird Faced Urn","Membership Card","Toxic Egg 2"],"acts_visited":["Exordium","TheCity","TheBeyond"],"potions_floor_usage":[16,20,21,21,28,33,41,42,45,50],"damage_taken":[{"damage":0,"enemies":"Cultist","floor":1,"turns":2},{"damage":0,"enemies":"2 Louse","floor":4,"turns":3},{"damage":2,"enemies":"Small Slimes","floor":5,"turns":3},{"damage":1,"enemies":"Red Slaver","floor":7,"turns":3},{"damage":16,"enemies":"Gremlin Nob","floor":8,"turns":3},{"damage":7,"enemies":"2 Fungi Beasts","floor":11,"turns":2},{"damage":5,"enemies":"3 Sentries","floor":13,"turns":3},{"damage":0,"enemies":"Large Slime","floor":14,"turns":2},{"damage":0,"enemies":"Slime Boss","floor":16,"turns":3},{"damage":4,"enemies":"3 Byrds","floor":18,"turns":4},{"damage":0,"enemies":"Chosen","floor":19,"turns":2},{"damage":7,"enemies":"Shelled Parasite and Fungi","floor":20,"turns":3},{"damage":13,"enemies":"Cultist and Chosen","floor":21,"turns":5},{"damage":0,"enemies":"Slavers","floor":24,"turns":2},{"damage":5,"enemies":"Snecko","floor":28,"turns":4},{"damage":0,"enemies":"Centurion and Healer","floor":30,"turns":7},{"damage":0,"enemies":"Gremlin Leader","floor":31,"turns":4},{"damage":47,"enemies":"Collector","floor":33,"turns":10},{"damage":13,"enemies":"Orb Walker","floor":35,"turns":4},{"damage":0,"enemies":"3 Shapes","floor":38,"turns":7},{"damage":6,"enemies":"Mind Bloom Boss Battle","floor":39,"turns":9},{"damage":2,"enemies":"Reptomancer","floor":41,"turns":4},{"damage":9,"enemies":"Nemesis","floor":42,"turns":5},{"damage":38,"enemies":"Reptomancer","floor":45,"turns":7},{"damage":10,"enemies":"Spire Growth","floor":48,"turns":5},{"damage":18,"enemies":"Donu and Deca","floor":50,"turns":7},{"damage":28,"enemies":"Awakened One","floor":51,"turns":16}],"seed_played":"8895638321488818350","potions_obtained":[{"floor":1,"key":"SmokeBomb"},{"floor":7,"key":"Ancient Potion"},{"floor":11,"key":"Explosive Potion"},{"floor":13,"key":"FearPotion"},{"floor":18,"key":"DuplicationPotion"},{"floor":20,"key":"EntropicBrew"},{"floor":28,"key":"Fire Potion"},{"floor":33,"key":"PowerPotion"},{"floor":35,"key":"Strength Potion"},{"floor":41,"key":"AttackPotion"},{"floor":42,"key":"GamblersBrew"},{"floor":45,"key":"Strength Potion"}],"is_trial":false,"path_per_floor":["M","?","?","M","M","R","M","E","T","R","M","?","E","M","R","B",null,"M","M","M","M","?","R","E","R","T","$","M","R","M","E","R","B",null,"M","?","$","M","?","R","E","E","T","$","E","?","R","M","R","B","B",null],"character_chosen":"WATCHER","items_purchased":["Calipers","Whetstone","Adaptation","Apotheosis","Membership Card","Protect"],"campfire_rested":1,"item_purchase_floors":[27,27,27,37,44,44],"current_hp_per_floor":[61,61,61,61,59,59,58,42,42,42,35,35,30,30,30,35,55,51,51,49,46,46,46,46,46,46,46,58,62,62,62,62,20,52,39,39,39,39,33,45,48,44,44,44,17,17,32,26,62,48,24],"gold":85,"neow_bonus":"RANDOM_COMMON_RELIC","is_daily":false,"chose_seed":false,"campfire_upgraded":9,"win_rate":0.0,"timestamp":1610654455,"path_taken":["M","?","?","M","M","R","M","E","T","R","M","?","E","M","R","BOSS","M","M","?","?","?","R","E","R","T","$","M","R","M","E","R","BOSS","M","?","$","?","?","R","E","E","T","$","E","?","R","M","R","BOSS","BOSS"],"items_purchased_type":["Relic","Relic","Card","Card","Relic","Card"],"build_version":"2020-12-22","purchased_purges":1,"victory":true,"max_hp_per_floor":[68,68,62,62,62,62,62,62,62,62,62,62,62,62,62,62,62,62,62,62,62,62,62,62,62,62,62,62,62,62,62,62,62,62,62,62,62,62,62,62,62,62,62,62,62,62,62,62,62,62,62],"relic_stats":{"Regal Pillow":3,"counters":[27,129],"Golden Idol":190,"CeramicFish":171,"Bird Faced Urn":[18],"Eternal Feather":46,"PreservedInsect":300,"Whetstone":["WheelKick","Tantrum"],"Orichalcum":[36],"obtain_stats":[{"Regal Pillow":13,"Calipers":27,"Golden Idol":3,"CeramicFish":0,"Velvet Choker":17,"Eternal Feather":26,"PreservedInsect":9,"Incense Burner":24,"Whetstone":27,"Orichalcum":41,"Ancient Tea Set":8,"Empty Cage":34,"White Beast Statue":31,"Bird Faced Urn":42,"WingedGreaves":39,"Membership Card":44,"PureWater":0,"Toxic Egg 2":45,"Toy Ornithopter":12},{"Regal Pillow":7,"Calipers":14,"Golden Idol":1,"CeramicFish":0,"Velvet Choker":9,"Eternal Feather":14,"PreservedInsect":5,"Incense Burner":14,"Whetstone":14,"Orichalcum":22,"Ancient Tea Set":5,"Empty Cage":18,"White Beast Statue":17,"Bird Faced Urn":23,"WingedGreaves":21,"Membership Card":23,"PureWater":0,"Toxic Egg 2":24,"Toy Ornithopter":6},{"Regal Pillow":19,"Calipers":40,"Golden Idol":2,"CeramicFish":0,"Velvet Choker":24,"Eternal Feather":40,"PreservedInsect":14,"Incense Burner":40,"Whetstone":40,"Orichalcum":89,"Ancient Tea Set":14,"Empty Cage":65,"White Beast Statue":55,"Bird Faced Urn":94,"WingedGreaves":85,"Membership Card":94,"PureWater":0,"Toxic Egg 2":101,"Toy Ornithopter":16}],"Toy Ornithopter":45},"card_choices":[{"not_picked":["Vengeance","EmptyFist"],"picked":"WheelKick","floor":1},{"not_picked":["CrushJoints","SashWhip"],"picked":"Consecrate","floor":4},{"not_picked":["FlyingSleeves","JustLucky","ClearTheMind"],"picked":"SKIP","floor":5},{"not_picked":["Evaluate","ThirdEye"],"picked":"ReachHeaven","floor":7},{"not_picked":["Prostrate","FlyingSleeves"],"picked":"Judgement","floor":8},{"not_picked":["FlurryOfBlows","BowlingBash","FollowUp"],"picked":"SKIP","floor":11},{"not_picked":["Worship","FollowUp"],"picked":"Tantrum","floor":13},{"not_picked":["Halt","FlurryOfBlows"],"picked":"EmptyFist","floor":14},{"not_picked":["Devotion","Brilliance"],"picked":"Vault","floor":16},{"not_picked":["Nirvana+1","EmptyBody","ForeignInfluence"],"picked":"SKIP","floor":18},{"not_picked":["Consecrate","Tantrum","Prostrate"],"picked":"SKIP","floor":19},{"not_picked":["SignatureMove+1","Vengeance"],"picked":"Meditate","floor":20},{"not_picked":["LikeWater","CutThroughFate"],"picked":"Protect","floor":21},{"not_picked":["EmptyMind","EmptyBody"],"picked":"Wish","floor":24},{"not_picked":["FlurryOfBlows","CutThroughFate","WreathOfFlame+1"],"picked":"SKIP","floor":28},{"not_picked":["WaveOfTheHand","FollowUp","Crescendo"],"picked":"SKIP","floor":30},{"not_picked":["Halt","Pray"],"picked":"Wallop","floor":31},{"not_picked":["MasterReality","Blasphemy"],"picked":"Devotion","floor":33},{"not_picked":["ClearTheMind","WaveOfTheHand"],"picked":"ThirdEye+1","floor":35},{"not_picked":["PathToVictory+1","ThirdEye"],"picked":"Swivel+1","floor":38},{"not_picked":["CutThroughFate","Blasphemy"],"picked":"ClearTheMind+1","floor":41},{"not_picked":["EmptyFist","Consecrate","Collect"],"picked":"SKIP","floor":42},{"not_picked":["ReachHeaven","EmptyMind+1"],"picked":"WaveOfTheHand+1","floor":45},{"not_picked":["LikeWater","FlurryOfBlows+1","WindmillStrike"],"picked":"SKIP","floor":48}],"player_experience":688875,"relics_obtained":[{"floor":8,"key":"Ancient Tea Set"},{"floor":9,"key":"PreservedInsect"},{"floor":13,"key":"Regal Pillow"},{"floor":24,"key":"Incense Burner"},{"floor":26,"key":"Eternal Feather"},{"floor":31,"key":"White Beast Statue"},{"floor":39,"key":"WingedGreaves"},{"floor":41,"key":"Orichalcum"},{"floor":42,"key":"Bird Faced Urn"},{"floor":45,"key":"Toxic Egg 2"}],"event_choices":[{"damage_healed":0,"gold_gain":0,"player_choice":"Ignored","damage_taken":0,"max_hp_gain":0,"max_hp_loss":0,"event_name":"Liars Game","floor":2,"gold_loss":0},{"damage_healed":0,"gold_gain":0,"player_choice":"Lose Max HP","damage_taken":0,"relics_obtained":["Golden Idol"],"max_hp_gain":0,"max_hp_loss":6,"event_name":"Golden Idol","floor":3,"gold_loss":0},{"damage_healed":0,"gold_gain":0,"player_choice":"Gave Potion","damage_taken":0,"relics_obtained":["Toy Ornithopter"],"max_hp_gain":0,"max_hp_loss":0,"event_name":"WeMeetAgain","floor":12,"gold_loss":0},{"damage_healed":0,"gold_gain":0,"player_choice":"Ignored","damage_taken":0,"max_hp_gain":0,"max_hp_loss":0,"event_name":"The Mausoleum","floor":22,"gold_loss":0},{"damage_healed":0,"gold_gain":0,"player_choice":"Bought 1 Potion","damage_taken":0,"max_hp_gain":0,"max_hp_loss":0,"event_name":"The Woman in Blue","floor":36,"gold_loss":0},{"damage_healed":0,"gold_gain":0,"player_choice":"Fight","damage_taken":0,"max_hp_gain":0,"max_hp_loss":0,"event_name":"MindBloom","floor":39,"gold_loss":0},{"damage_healed":0,"gold_gain":0,"player_choice":"Ignored","damage_taken":0,"max_hp_gain":0,"max_hp_loss":0,"event_name":"Mysterious Sphere","floor":46,"gold_loss":0}],"is_beta":false,"boss_relics":[{"not_picked":["SlaversCollar","Snecko Eye"],"picked":"Velvet Choker"},{"not_picked":["Coffee Dripper","Sozu"],"picked":"Empty Cage"}],"items_purged_floors":[37],"is_endless":false,"potions_floor_spawned":[1,7,11,13,18,20,21,28,33,35,38,39,41,42,45,48],"ascension_level":20}}