{"host":"uy8b0cpr77u3s9v1","time":1610604642,"event":{"mods":["2.2 Compatiblity","Act Like it!","BaseMod","BetterRewards","Conspire","Defuse TimeMaze Blight","Downfall","Gensokyo","Hubris","Infinite Spire","KinomotoSakuraMod(ñÿîVñ{?)","MarisaÅiñ∂âJÅ@ñÇóùçπÅj","Minty Spire (QoL Compilation)","Pale of the Ancients","Replay The Spire","StSLib","Synergy Search","The Alterego","The Jungle","The Marked","The Senshi","UnlockEverythingMod","Wandering Minibosses"],"gold_per_floor":[99,116,135,135,152,177,177,192,227,152,183,221,221,236,251,353,353,278,298,298,208,247,247,247,260,276,303,327,342,267,283,299,401,451,451,451,451,574,588,588,588,588,588,606,590,604,615,646,662,662,662,662],"floor_reached":50,"language":"ENG","playtime":4149,"items_purged":[],"score":614,"play_id":"c9e74744-71ba-41ba-93b6-b1f603774e34","local_time":"20210114001042","is_ascension_mode":false,"campfire_choices":[{"floor":1.0,"key":"DIG"},{"floor":10.0,"key":"REST"},{"floor":18.0,"key":"RECALL"},{"floor":30.0,"key":"REST"},{"data":"Guardian:SpikerProtocol","floor":35.0,"key":"SMITH"},{"data":"Guardian:ArmoredProtocol","floor":40,"key":"SMITH"},{"data":"Guardian:TimeSifter","floor":43,"key":"SMITH"}],"circlet_count":1,"master_deck":["Guardian:Strike_Guardian","Guardian:Strike_Guardian","Guardian:Strike_Guardian","Guardian:Defend_Guardian","Guardian:Defend_Guardian+1","Guardian:Defend_Guardian","Guardian:Defend_Guardian","Guardian:CurlUp","Guardian:TwinSlam","Guardian:ArmoredProtocol+1","Guardian:PrimingBeam","Guardian:Recover","Guardian:ShieldSpikes","Guardian:TimeSifter+1","Guardian:SpikerProtocol+1","Guardian:PolyBeam","Guardian:Reroute","Guardian:Planning","Guardian:BaubleBeam","Guardian:CrystalBeam+1","Guardian:PolyBeam+1","Guardian:SpikerProtocol+1","infinitespire:Fortify","Guardian:PrimingBeam","Guardian:PrimingBeam+1","Guardian:PrismaticBeam+1","Guardian:MultiBeam","Guardian:RevengeProtocol","Guardian:BronzeArmor","Guardian:CrystalBeam","Guardian:SpikerProtocol+1","Guardian:ChargeUp","Guardian:SpikerProtocol+1","Guardian:PolyBeam","Guardian:PiercingHide+1","Guardian:ChargeUp+1","Guardian:Reroute+1"],"relics":["Guardian:ModeShifter","conspire:Flyswatter","Circlet","Blue Doll","downfall:HeartBlessingBlue","hubris:SphereOfDissonance","Velvet Choker","downfall:HeartBlessingGreen","Cauldron","conspire:DeflatedDodgeball","Bag of Marbles","downfall:HeartBlessingRed","Tiny House","Frozen Egg 2"],"acts_visited":["Exordium","TheCity","TheBeyond"],"potions_floor_usage":[39,45,48,49],"damage_taken":[{"damage":0.0,"enemies":"conspire:RoseBush","floor":2.0,"turns":3.0},{"damage":0.0,"enemies":"Cultist","floor":3.0,"turns":4.0},{"damage":0.0,"enemies":"Small Slimes","floor":5.0,"turns":3.0},{"damage":23.0,"enemies":"2 Fungi Beasts","floor":6.0,"turns":6.0},{"damage":2.0,"enemies":"3 Louse","floor":8.0,"turns":3.0},{"damage":16.0,"enemies":"3 Sentries","floor":9.0,"turns":11.0},{"damage":33.0,"enemies":"Lagavulin","floor":11.0,"turns":11.0},{"damage":5.0,"enemies":"Red Slaver","floor":12.0,"turns":5.0},{"damage":3.0,"enemies":"2 Fungi Beasts","floor":14.0,"turns":4.0},{"damage":6.0,"enemies":"Large Slime","floor":15.0,"turns":5.0},{"damage":17.0,"enemies":"downfall:Defect","floor":16.0,"turns":6.0},{"damage":12.0,"enemies":"Spheric Guardian","floor":19.0,"turns":1.0},{"damage":0.0,"enemies":"downfall:FleeingMerchant","floor":21.0,"turns":4.0},{"damage":22.0,"enemies":"Shell Parasite","floor":22.0,"turns":3.0},{"damage":0.0,"enemies":"Snecko","floor":25.0,"turns":3.0},{"damage":0.0,"enemies":"Centurion and Healer","floor":26.0,"turns":5.0},{"damage":12.0,"enemies":"Gremlin Leader","floor":27.0,"turns":5.0},{"damage":5.0,"enemies":"conspire:HollyBat","floor":28.0,"turns":8.0},{"damage":0.0,"enemies":"Cultist and Chosen","floor":29.0,"turns":4.0},{"damage":0.0,"enemies":"Snecko","floor":31.0,"turns":3.0},{"damage":1.0,"enemies":"3 Cultists","floor":32.0,"turns":4.0},{"damage":39.0,"enemies":"downfall:Ironclad","floor":33.0,"turns":6.0},{"damage":5.0,"enemies":"Orb Walker","floor":38.0,"turns":5.0},{"damage":1,"enemies":"3 Darklings","floor":39,"turns":4},{"damage":35,"enemies":"4 Shapes","floor":44,"turns":8},{"damage":11,"enemies":"downfall:FleeingMerchant","floor":45,"turns":6},{"damage":18,"enemies":"Transient","floor":46,"turns":5},{"damage":7,"enemies":"Maw","floor":47,"turns":7},{"damage":19,"enemies":"Giant Head","floor":48,"turns":7},{"damage":10,"enemies":"Writhing Mass","floor":49,"turns":4},{"damage":6,"enemies":"downfall:Silent","floor":50,"turns":1}],"seed_played":"8072140820253848480","potions_obtained":[{"floor":3.0,"key":"Milkshake"},{"floor":8.0,"key":"ColorlessPotion"},{"floor":12.0,"key":"champ:CounterPotion"},{"floor":15.0,"key":"Swift Potion"},{"floor":16.0,"key":"Death Potion"},{"floor":23.0,"key":"Energy Potion"},{"floor":23.0,"key":"Energy Potion"},{"floor":23.0,"key":"LiquidMemories"},{"floor":26.0,"key":"Death Potion"},{"floor":28.0,"key":"Fire Potion"},{"floor":31.0,"key":"Dexterity Potion"},{"floor":32.0,"key":"Elixir"},{"floor":33.0,"key":"EssenceOfSteel"},{"floor":34.0,"key":"Block Potion"},{"floor":44,"key":"Regen Potion"},{"floor":47,"key":"Block Potion"},{"floor":48,"key":"FearPotion"}],"is_trial":false,"path_per_floor":["R","M","M","?","M","M","T","M","E","R","E","M","$","M","M","B",null,"R","M","?","$","M","AVR","T","M","M","E","M","M","R","M","M","B",null,"R","?","?","M","M","R","T","?","R","M","$","M","M","E","M","B"],"character_chosen":"GUARDIAN","items_purchased":["Guardian:PolyBeam+1","Guardian:SpikerProtocol","Guardian:SpikerProtocol+1","Guardian:PolyBeam"],"campfire_rested":2,"item_purchase_floors":[21,21,45,45],"current_hp_per_floor":[80,80,80,80,80,57,57,55,39,76,43,38,38,35,29,12,90,90,78,78,78,56,56,56,56,56,44,39,39,66,66,65,26,95,95,95,95,90,89,89,89,89,89,54,58,40,33,14,4,0,0,0],"gold":662,"neow_bonus":"TRANSFORM_CARD","is_daily":false,"chose_seed":false,"campfire_upgraded":3,"win_rate":0.0,"timestamp":1610604642,"path_taken":["R","M","M","?","M","M","T","M","E","R","E","M","$","?","M","BOSS","R","M","?","$","M","AVR","T","M","M","E","M","M","R","M","M","BOSS","R","?","?","M","?","R","T","?","R","M","$","M","?","E","M","BOSS"],"items_purchased_type":["Card","Card","Card","Card"],"build_version":"2020-12-22","purchased_purges":0,"victory":false,"max_hp_per_floor":[80,80,80,80,80,80,80,80,80,90,90,90,90,90,90,90,90,90,90,90,90,90,90,90,90,90,90,90,90,90,90,90,90,95,95,95,95,95,95,95,95,95,95,95,95,95,95,95,95,95,95,95],"card_choices":[{"not_picked":["Guardian:Gem_Green","Guardian:GuardianWhirl"],"picked":"Guardian:PrimingBeam","floor":2.0},{"not_picked":["Guardian:Planning","Guardian:ChargeCore"],"picked":"Guardian:Gem_Lightblue","floor":3.0},{"not_picked":["Guardian:Gem_Red","Guardian:WalkerClaw"],"picked":"Guardian:Recover","floor":5.0},{"not_picked":["Guardian:Recover","Guardian:Incinerate"],"picked":"Guardian:ShieldSpikes","floor":6.0},{"not_picked":["Guardian:Gem_Purple","Guardian:Reroute"],"picked":"Guardian:TimeSifter","floor":8.0},{"not_picked":["Guardian:Planning","Guardian:WalkerClaw"],"picked":"Guardian:SpikerProtocol","floor":9.0},{"not_picked":["Guardian:Emergency","Guardian:PrimingBeam"],"picked":"Guardian:PolyBeam","floor":11.0},{"not_picked":["Guardian:Gem_Cyan","Guardian:ShieldSpikes"],"picked":"Guardian:Reroute","floor":12.0},{"not_picked":["Guardian:ArmoredProtocol","Guardian:Incinerate"],"picked":"Guardian:Gem_Green","floor":14.0},{"not_picked":["Guardian:WalkerClaw","Guardian:Reroute"],"picked":"Guardian:Planning","floor":15.0},{"not_picked":["Guardian:Gem_Orange","Guardian:GatlingBeam"],"picked":"Guardian:BaubleBeam","floor":16.0},{"not_picked":["Guardian:ShieldCharger+1","Guardian:TemporalShield"],"picked":"Guardian:CrystalBeam+1","floor":19.0},{"not_picked":["Guardian:PrismaticBeam","Guardian:WalkerClaw+1"],"picked":"Guardian:Gem_Crimson","floor":21.0},{"not_picked":["Guardian:Gem_Green","Guardian:TemporalShield"],"picked":"Guardian:Gem_Fragmented","floor":22.0},{"not_picked":["Guardian:Gem_Green","Guardian:Planning+1"],"picked":"Guardian:PrimingBeam","floor":25.0},{"not_picked":["Guardian:RollAttack","Guardian:Gem_Green"],"picked":"Guardian:Gem_Lightblue","floor":26.0},{"not_picked":["Guardian:TimeBomb","Guardian:Suspension"],"picked":"Guardian:PrimingBeam+1","floor":27.0},{"not_picked":["Guardian:Clone","Guardian:WalkerClaw"],"picked":"Guardian:Gem_Fragmented","floor":28.0},{"not_picked":["Guardian:TimeSifter","Guardian:PiercingHide"],"picked":"Guardian:PrismaticBeam+1","floor":29.0},{"not_picked":["Guardian:RollAttack+1","Guardian:Preprogram"],"picked":"Guardian:MultiBeam","floor":31.0},{"not_picked":["Guardian:VentSteam","Guardian:TemporalShield+1"],"picked":"Guardian:PrimingBeam","floor":32.0},{"not_picked":["Guardian:StasisField","Guardian:ExploitGems"],"picked":"Guardian:RevengeProtocol","floor":33.0},{"not_picked":["Guardian:ShieldCharger+1","Guardian:WalkerClaw"],"picked":"Guardian:BronzeArmor","floor":34.0},{"not_picked":["Guardian:Repulse","Guardian:DecasProtection"],"picked":"Guardian:Gem_Blue","floor":38.0},{"not_picked":["Guardian:Gem_Lightblue","Guardian:TimeBomb"],"picked":"Guardian:CrystalBeam","floor":39},{"not_picked":["Guardian:Planning","Guardian:DecasProtection"],"picked":"Guardian:ChargeUp","floor":44},{"not_picked":["Guardian:ConstructionForm+1","Guardian:Repulse+1","Guardian:Incinerate+1"],"picked":"SKIP","floor":45},{"not_picked":["Guardian:ShieldSpikes+1","Guardian:TemporalStrike"],"picked":"Guardian:PiercingHide+1","floor":46},{"not_picked":["Guardian:Planning","Guardian:Gem_Cyan","Guardian:Repulse+1"],"picked":"SKIP","floor":47},{"not_picked":["Guardian:Gem_Red","Guardian:WalkerClaw+1"],"picked":"Guardian:ChargeUp+1","floor":48},{"not_picked":["Guardian:Gem_Orange","Guardian:ShieldCharger"],"picked":"Guardian:Reroute+1","floor":49}],"player_experience":539315,"relics_obtained":[{"floor":1.0,"key":"conspire:Flyswatter"},{"floor":2.0,"key":"LetterFromLob"},{"floor":9.0,"key":"Blue Doll"},{"floor":11.0,"key":"hubris:SphereOfDissonance"},{"floor":24.0,"key":"conspire:DeflatedDodgeball"},{"floor":27.0,"key":"Bag of Marbles"},{"floor":38.0,"key":"RedMistMask"},{"floor":41,"key":"Frozen Egg 2"}],"event_choices":[{"cards_removed":["Guardian:PrimingBeam"],"damage_healed":0.0,"max_hp_gain":0.0,"max_hp_loss":0.0,"gold_gain":0.0,"event_name":"Falling","player_choice":"Removed Attack","floor":36.0,"gold_loss":0.0,"damage_taken":0.0},{"damage_healed":0,"gold_gain":0,"player_choice":"Copied","damage_taken":0,"max_hp_gain":0,"max_hp_loss":0,"event_name":"Duplicator","floor":42,"gold_loss":0,"cards_obtained":["Guardian:SpikerProtocol"]}],"is_beta":false,"boss_relics":[{"not_picked":["downfall:Hecktoplasm","hubris:CrackedHourglass"],"picked":"Velvet Choker"},{"not_picked":["hubris:GrandSneckoEye","theSenshi:MoonKaleidoScopeRelic"],"picked":"Tiny House"}],"items_purged_floors":[],"is_endless":false,"potions_floor_spawned":[3,8,12,15,16,25,26,28,31,32,33,44,47,48],"killed_by":"downfall:Silent","ascension_level":0}}