{"host":"cny2hboix4qtzjgl","time":1610635459,"event":{"mods":["AchievementEnabler","BaseMod","Colored Map","Colored Powertips","Highlight Path","Minty Spire (QoL Compilation)","Relic Stats","Shop Mod","StSLib"],"gold_per_floor":[119,42,52,68,68,68,93,93,93,93,93,110,120,70,70,175,175,195,195,182,37,37,37,37],"floor_reached":23,"language":"ZHS","playtime":741,"items_purged":[],"score":189,"play_id":"890a3990-4d62-461e-9ecd-ddb0e9b14082","local_time":"20210114224419","is_ascension_mode":false,"campfire_choices":[{"data":"Hello World","floor":6,"key":"SMITH"},{"data":"Self Repair","floor":8,"key":"SMITH"},{"data":"Dualcast","floor":11,"key":"SMITH"},{"floor":15,"key":"REST"}],"circlet_count":0,"master_deck":["Strike_B+1","Strike_B+1","Defend_B","Defend_B","Defend_B","Defend_B","Zap","Dualcast+1","Hello World+1","Heatsinks+1","Redo+1","Self Repair+1","Leap","Conserve Battery","Electrodynamics","CurseOfTheBell","Turbo","Rebound","Writhe"],"relics":["Cracked Core","NeowsBlessing","Mercury Hourglass","Meat on the Bone","Calling Bell","MealTicket","Eternal Feather","Gambling Chip","Whetstone","Nunchaku"],"acts_visited":["Exordium","TheCity"],"potions_floor_usage":[16,16,23],"damage_taken":[{"damage":0,"enemies":"2 Louse","floor":1,"turns":1},{"damage":0,"enemies":"Small Slimes","floor":3,"turns":1},{"damage":0,"enemies":"Jaw Worm","floor":4,"turns":1},{"damage":32,"enemies":"3 Sentries","floor":7,"turns":7},{"damage":15,"enemies":"Large Slime","floor":12,"turns":5},{"damage":11,"enemies":"3 Louse","floor":13,"turns":2},{"damage":3,"enemies":"Hexaghost","floor":16,"turns":11},{"damage":8,"enemies":"3 Byrds","floor":18,"turns":2},{"damage":25,"enemies":"2 Thieves","floor":20,"turns":4},{"damage":65,"enemies":"Book of Stabbing","floor":23,"turns":6}],"seed_played":"4651115846154574867","potions_obtained":[{"floor":1,"key":"LiquidBronze"},{"floor":13,"key":"LiquidMemories"},{"floor":20,"key":"Ancient Potion"}],"is_trial":false,"path_per_floor":["M","$","M","M","?","R","E","R","T","?","R","M","M","?","R","B",null,"M","?","M","$","?","E"],"character_chosen":"DEFECT","items_purchased":["Heatsinks","Whetstone"],"campfire_rested":1,"item_purchase_floors":[2,21],"current_hp_per_floor":[75,75,75,75,68,68,43,43,43,28,28,35,36,36,58,65,75,67,53,50,65,65,0,0],"gold":37,"neow_bonus":"THREE_ENEMY_KILL","is_daily":false,"chose_seed":false,"campfire_upgraded":3,"win_rate":0.0,"timestamp":1610635459,"path_taken":["M","$","M","M","?","R","E","R","T","?","R","M","M","?","R","BOSS","M","?","M","$","?","E"],"items_purchased_type":["Card","Relic"],"build_version":"2020-12-22","purchased_purges":0,"victory":false,"max_hp_per_floor":[75,75,75,75,75,75,75,75,75,75,75,75,75,75,75,75,75,75,80,80,80,80,80,80],"relic_stats":{"Nunchaku":[0],"counters":[10,40],"Gambling Chip":[9],"MealTicket":15,"Eternal Feather":0,"Whetstone":["Strike_B","Strike_B"],"obtain_stats":[{"Calling Bell":17,"Nunchaku":22,"NeowsBlessing":0,"Gambling Chip":17,"MealTicket":17,"Eternal Feather":17,"Whetstone":21,"Cracked Core":0,"Mercury Hourglass":7,"Meat on the Bone":9},{"Calling Bell":7,"Nunchaku":9,"NeowsBlessing":0,"Gambling Chip":7,"MealTicket":7,"Eternal Feather":7,"Whetstone":9,"Cracked Core":0,"Mercury Hourglass":4,"Meat on the Bone":4},{"Calling Bell":28,"Nunchaku":34,"NeowsBlessing":0,"Gambling Chip":28,"MealTicket":28,"Eternal Feather":28,"Whetstone":34,"Cracked Core":0,"Mercury Hourglass":10,"Meat on the Bone":10}],"Mercury Hourglass":[131],"Meat on the Bone":36},"card_choices":[{"not_picked":["Redo","Heatsinks"],"picked":"Hello World","floor":1},{"not_picked":["Rebound","Streamline"],"picked":"Redo","floor":3},{"not_picked":["Reprogram","Compile Driver"],"picked":"Self Repair","floor":4},{"not_picked":["Cold Snap","Core Surge","Steam"],"picked":"SKIP","floor":7},{"not_picked":["Gash","Steam"],"picked":"Leap","floor":12},{"not_picked":["Ball Lightning","Redo"],"picked":"Conserve Battery","floor":13},{"not_picked":["All For One","Multi-Cast"],"picked":"Electrodynamics","floor":16},{"not_picked":["Streamline","Go for the Eyes"],"picked":"Turbo","floor":18},{"not_picked":["Doom and Gloom","Cold Snap"],"picked":"Rebound","floor":20}],"player_experience":89250,"relics_obtained":[{"floor":7,"key":"Mercury Hourglass"},{"floor":9,"key":"Meat on the Bone"},{"floor":17,"key":"MealTicket"},{"floor":17,"key":"Eternal Feather"},{"floor":17,"key":"Gambling Chip"}],"event_choices":[{"cards_removed":["Strike_B"],"damage_healed":0,"gold_gain":0,"player_choice":"Card Removal","damage_taken":7,"max_hp_gain":0,"max_hp_loss":0,"event_name":"Golden Wing","floor":5,"gold_loss":0},{"damage_healed":0,"gold_gain":0,"player_choice":"Entered Light","damage_taken":15,"max_hp_gain":0,"max_hp_loss":0,"event_name":"Shining Light","floor":10,"gold_loss":0,"cards_upgraded":["Heatsinks","Redo"]},{"cards_removed":["Strike_B"],"damage_healed":0,"gold_gain":0,"player_choice":"Card Removal","damage_taken":0,"max_hp_gain":0,"max_hp_loss":0,"event_name":"The Cleric","floor":14,"gold_loss":50},{"damage_healed":0,"gold_gain":0,"player_choice":"Shed Blood","damage_taken":19,"max_hp_gain":5,"max_hp_loss":0,"event_name":"Forgotten Altar","floor":19,"gold_loss":0},{"damage_healed":0,"gold_gain":0,"player_choice":"Opened","damage_taken":0,"relics_obtained":["Nunchaku"],"max_hp_gain":0,"max_hp_loss":0,"event_name":"The Mausoleum","floor":22,"gold_loss":0,"cards_obtained":["Writhe"]}],"is_beta":false,"boss_relics":[{"not_picked":["Inserter","Fusion Hammer"],"picked":"Calling Bell"}],"items_purged_floors":[],"is_endless":false,"potions_floor_spawned":[1,13,20],"killed_by":"Book of Stabbing","ascension_level":0}}