{"host":"81vb4cbob60wa1na","time":1610595916,"event":{"mods":["BaseMod","Downfall","GifTheSpireLib","Hermit","Highlight Path","Minty Spire (QoL Compilation)","StSLib","The Cursed","The Disciple"],"gold_per_floor":[0,15,0,0,15,35,105,117,135,147,147,147,147,167,183,284,284,284,304,317,5,5,5,29,29,46,46,46,46],"floor_reached":27,"language":"ENG","playtime":1150,"items_purged":[],"score":209,"play_id":"0fc66382-6a86-450a-8925-ac6232ed5f86","local_time":"20210113224516","is_ascension_mode":false,"campfire_choices":[{"data":"hexamod:Float","floor":1,"key":"SMITH"},{"data":"hexamod:GhostOfSpirePast","floor":11,"key":"SMITH"},{"data":"hexamod:HeatMetal","floor":13,"key":"SMITH"},{"data":"hexamod:ParanormalForm","floor":18,"key":"SMITH"},{"floor":23,"key":"REST"}],"circlet_count":0,"master_deck":["hexamod:Strike","hexamod:Strike","hexamod:Strike","hexamod:Defend","hexamod:Defend","hexamod:Defend","hexamod:Sear","hexamod:Float+1","hexamod:GhostOfSpirePast+1","hexamod:BurningTouch","hexamod:SuperheatedStrike","hexamod:HeatMetal+1","hexamod:HeatCrush","hexamod:GhostLash","hexamod:WildfireWeapon","hexamod:Defend","hexamod:BurningTouch","hexamod:Hexaguard","hexamod:ParanormalForm+1","hexamod:FastForward","hexamod:RecurringNightmare+1","hexamod:Toasty","hexamod:ApocalypseNow","hexamod:ParanormalForm+1","hexamod:Firestarter"],"relics":["hexamod:SpiritBrand","Bird Faced Urn","Mercury Hourglass","SlaversCollar","Anchor"],"acts_visited":["Exordium","TheCity"],"potions_floor_usage":[16,16,16,25],"damage_taken":[{"damage":1,"enemies":"2 Louse","floor":2,"turns":3},{"damage":4,"enemies":"downfall:FleeingMerchant","floor":3,"turns":4},{"damage":0,"enemies":"Cultist","floor":5,"turns":4},{"damage":5,"enemies":"Jaw Worm","floor":6,"turns":3},{"damage":2,"enemies":"Red Slaver","floor":8,"turns":3},{"damage":5,"enemies":"3 Louse","floor":9,"turns":3},{"damage":7,"enemies":"2 Fungi Beasts","floor":10,"turns":3},{"damage":9,"enemies":"Blue Slaver","floor":14,"turns":3},{"damage":0,"enemies":"Lots of Slimes","floor":15,"turns":3},{"damage":39,"enemies":"downfall:Defect","floor":16,"turns":6},{"damage":17,"enemies":"Shell Parasite","floor":19,"turns":4},{"damage":14,"enemies":"Spheric Guardian","floor":20,"turns":4},{"damage":2,"enemies":"downfall:FleeingMerchant","floor":21,"turns":4},{"damage":11,"enemies":"Snake Plant","floor":25,"turns":2},{"damage":33,"enemies":"Centurion and Healer","floor":26,"turns":8},{"damage":30,"enemies":"Cultist and Chosen","floor":27,"turns":4}],"seed_played":"-1800596940928880759","potions_obtained":[{"floor":2,"key":"FearPotion"},{"floor":5,"key":"hexamod:DoubleChargePotion"},{"floor":6,"key":"SpeedPotion"},{"floor":14,"key":"BlessingOfTheForge"},{"floor":20,"key":"SmokeBomb"}],"is_trial":false,"path_per_floor":["R","M","$","?","M","M","T","M","M","M","R","?","R","M","M","B",null,"R","M","M","$","?","R","T","M","M","M"],"character_chosen":"THE_SPIRIT","items_purchased":["hexamod:ApocalypseNow","Anchor"],"campfire_rested":1,"item_purchase_floors":[21,21],"current_hp_per_floor":[70,69,67,67,69,64,64,62,57,50,50,50,50,43,43,8,70,70,53,41,41,41,62,62,51,24,0,0,0],"gold":46,"neow_bonus":"ONE_RARE_RELIC","is_daily":false,"chose_seed":false,"campfire_upgraded":4,"win_rate":0.0,"timestamp":1610595916,"path_taken":["R","M","$","?","M","M","T","M","?","M","R","?","R","?","M","BOSS","R","M","M","$","?","R","T","?","M","M"],"items_purchased_type":["Card","Relic"],"build_version":"2020-12-22","purchased_purges":0,"victory":false,"max_hp_per_floor":[70,70,70,70,70,70,70,70,70,70,70,70,70,70,70,70,70,70,70,70,70,70,70,70,70,70,70,70,70],"card_choices":[{"not_picked":["hexamod:FastForward","hexamod:StepThrough"],"picked":"hexamod:GhostOfSpirePast","floor":2},{"not_picked":["hexamod:NightmareStrike","hexamod:SpectersWail"],"picked":"hexamod:BurningTouch","floor":3},{"not_picked":["hexamod:AdvancingGuard","hexamod:SwordOfDarkness"],"picked":"hexamod:SuperheatedStrike","floor":5},{"not_picked":["hexamod:GhostLash","hexamod:ThermalTransfer"],"picked":"hexamod:HeatMetal","floor":6},{"not_picked":["hexamod:FastForward","hexamod:BacktrackSmack"],"picked":"hexamod:HeatCrush","floor":8},{"not_picked":["hexamod:NightmareGuise","hexamod:SkipABeat"],"picked":"hexamod:GhostLash","floor":9},{"not_picked":["hexamod:SpectralAdrenaline","hexamod:SkipABeat"],"picked":"hexamod:WildfireWeapon","floor":10},{"not_picked":["hexamod:SpectralAdrenaline","hexamod:NecessarySacrifice"],"picked":"hexamod:BurningTouch","floor":14},{"not_picked":["hexamod:SkipABeat","hexamod:ThirdSeal"],"picked":"hexamod:Hexaguard","floor":15},{"not_picked":["hexamod:FifthSeal","hexamod:EmpoweringStance"],"picked":"hexamod:ParanormalForm","floor":16},{"not_picked":["hexamod:StepThrough","hexamod:BurningTouch"],"picked":"hexamod:FastForward","floor":19},{"not_picked":["hexamod:PowerFromBeyond","hexamod:GhostShield"],"picked":"hexamod:RecurringNightmare+1","floor":20},{"not_picked":["hexamod:ThermalTransfer","hexamod:HeatCrush"],"picked":"hexamod:Toasty","floor":21},{"not_picked":["hexamod:EmpoweredFlame","hexamod:SwordOfDarkness"],"picked":"hexamod:Firestarter","floor":26}],"player_experience":225642,"relics_obtained":[{"floor":7,"key":"Mercury Hourglass"}],"event_choices":[{"cards_removed":["hexamod:Strike"],"damage_healed":0,"gold_gain":0,"player_choice":"Offered Basic","damage_taken":0,"max_hp_gain":0,"max_hp_loss":0,"event_name":"Bonfire Elementals","floor":4,"gold_loss":0},{"cards_removed":["hexamod:Defend"],"damage_healed":0,"gold_gain":0,"player_choice":"Took Card","damage_taken":0,"max_hp_gain":0,"max_hp_loss":0,"event_name":"NoteForYourself","floor":12,"gold_loss":0,"cards_obtained":["hexamod:Defend"]},{"damage_healed":0,"gold_gain":0,"player_choice":"Copied","damage_taken":0,"max_hp_gain":0,"max_hp_loss":0,"event_name":"Duplicator","floor":22,"gold_loss":0,"cards_obtained":["hexamod:ParanormalForm"]}],"is_beta":false,"boss_relics":[{"not_picked":["Busted Crown","Coffee Dripper"],"picked":"SlaversCollar"}],"items_purged_floors":[],"is_endless":false,"potions_floor_spawned":[2,5,6,14,20,25],"killed_by":"Cultist and Chosen","ascension_level":0}}