{"host":"Stephanie","time":1610644722,"event":{"mods":["BaseMod","Colored Powertips","Minty Spire (QoL Compilation)","Rare Cards Sparkle","Relic Stats","StSLib","The Marked"],"gold_per_floor":[109,109,127,139,150,185,199,232,255,255,430,430,459,473,473,572,572,584,584,602,602,602],"floor_reached":21,"language":"ENG","playtime":842,"items_purged":[],"score":251,"play_id":"a6f5ea2e-064f-497e-bbdc-f450a5ec3aeb","local_time":"20210114121842","is_ascension_mode":true,"campfire_choices":[{"floor":12,"key":"REST"},{"floor":15,"key":"REST"}],"circlet_count":0,"master_deck":["Strike_B","Strike_B","Strike_B","Defend_B+1","Defend_B","Defend_B","Defend_B","Zap+1","Dualcast","Cold Snap","Conserve Battery","Loop","Hyperbeam","Ball Lightning+1","Compile Driver+1","Doubt","Creative AI","Echo Form","Necronomicurse","Streamline+1"],"relics":["Cracked Core","NeowsBlessing","Molten Egg 2","Vajra","Toy Ornithopter","Happy Flower","Nuclear Battery","Necronomicon"],"acts_visited":["Exordium","TheCity"],"potions_floor_usage":[8,13,16,18],"damage_taken":[{"damage":0,"enemies":"Small Slimes","floor":1,"turns":1},{"damage":0,"enemies":"Cultist","floor":3,"turns":1},{"damage":0,"enemies":"Jaw Worm","floor":4,"turns":1},{"damage":5,"enemies":"2 Fungi Beasts","floor":5,"turns":4},{"damage":11,"enemies":"3 Sentries","floor":6,"turns":4},{"damage":1,"enemies":"Exordium Thugs","floor":7,"turns":5},{"damage":24,"enemies":"Lagavulin","floor":8,"turns":5},{"damage":23,"enemies":"3 Sentries","floor":13,"turns":6},{"damage":4,"enemies":"3 Louse","floor":14,"turns":2},{"damage":12,"enemies":"The Guardian","floor":16,"turns":12},{"damage":22,"enemies":"2 Thieves","floor":18,"turns":4},{"damage":16,"enemies":"Spheric Guardian","floor":20,"turns":4},{"damage":29,"enemies":"Shelled Parasite and Fungi","floor":21,"turns":2}],"seed_played":"-5326883218537975806","potions_obtained":[{"floor":1,"key":"AttackPotion"},{"floor":5,"key":"SkillPotion"},{"floor":6,"key":"SkillPotion"},{"floor":7,"key":"Energy Potion"},{"floor":13,"key":"Dexterity Potion"}],"is_trial":false,"path_per_floor":["M","?","M","M","M","E","M","E","T","?","?","R","E","M","R","B",null,"M","?","M","M"],"character_chosen":"DEFECT","items_purchased":[],"campfire_rested":2,"item_purchase_floors":[],"current_hp_per_floor":[75,75,75,75,70,59,58,34,34,19,19,41,23,19,41,34,65,48,32,16,0,0],"gold":602,"neow_bonus":"THREE_ENEMY_KILL","is_daily":false,"chose_seed":false,"campfire_upgraded":0,"win_rate":0.0,"timestamp":1610644722,"path_taken":["M","?","?","M","M","E","M","E","T","?","?","R","E","?","R","BOSS","M","?","M","M"],"items_purchased_type":[],"build_version":"2020-12-18","purchased_purges":0,"victory":false,"max_hp_per_floor":[75,75,75,75,75,75,75,75,75,75,75,75,75,75,75,75,75,75,75,75,75,75],"relic_stats":{"Happy Flower":[8],"counters":[13,51],"Necronomicon":[1],"obtain_stats":[{"NeowsBlessing":0,"Happy Flower":13,"Vajra":8,"Molten Egg 2":6,"Necronomicon":19,"Cracked Core":0,"Toy Ornithopter":9,"Nuclear Battery":17},{"NeowsBlessing":0,"Happy Flower":8,"Vajra":7,"Molten Egg 2":5,"Necronomicon":11,"Cracked Core":0,"Toy Ornithopter":7,"Nuclear Battery":10},{"NeowsBlessing":0,"Happy Flower":27,"Vajra":21,"Molten Egg 2":11,"Necronomicon":45,"Cracked Core":0,"Toy Ornithopter":21,"Nuclear Battery":41}],"Toy Ornithopter":15},"card_choices":[{"not_picked":["Darkness","Streamline"],"picked":"Cold Snap","floor":1},{"not_picked":["Redo","FTL"],"picked":"Loop","floor":3},{"not_picked":["Stack","Hologram","Redo"],"picked":"SKIP","floor":4},{"not_picked":["Streamline","Go for the Eyes"],"picked":"Hyperbeam","floor":5},{"not_picked":["Cold Snap+1","Scrape+1"],"picked":"Ball Lightning+1","floor":6},{"not_picked":["Turbo","Redo"],"picked":"Compile Driver+1","floor":7},{"not_picked":["Redo","Leap","Ball Lightning+1"],"picked":"SKIP","floor":8},{"not_picked":["Stack","Blizzard+1"],"picked":"Creative AI","floor":13},{"not_picked":["Steam","Compile Driver+1","Cold Snap+1"],"picked":"SKIP","floor":14},{"not_picked":["Machine Learning","Hyperbeam+1"],"picked":"Echo Form","floor":16},{"not_picked":["Beam Cell+1","Hologram","Compile Driver+1"],"picked":"SKIP","floor":18},{"not_picked":["Compile Driver+1","Steam"],"picked":"Streamline+1","floor":20}],"player_experience":849206,"relics_obtained":[{"floor":6,"key":"Molten Egg 2"},{"floor":8,"key":"Vajra"},{"floor":9,"key":"Toy Ornithopter"},{"floor":13,"key":"Happy Flower"},{"floor":19,"key":"Necronomicon"}],"event_choices":[{"damage_healed":0,"gold_gain":0,"cards_transformed":["Strike_B"],"player_choice":"Transformed","damage_taken":0,"max_hp_gain":0,"max_hp_loss":0,"event_name":"Transmorgrifier","floor":2,"gold_loss":0,"cards_obtained":["Conserve Battery"]},{"damage_healed":0,"gold_gain":0,"player_choice":"Entered Light","damage_taken":15,"max_hp_gain":0,"max_hp_loss":0,"event_name":"Shining Light","floor":10,"gold_loss":0,"cards_upgraded":["Defend_B","Zap"]},{"damage_healed":0,"gold_gain":175,"player_choice":"AGREE","damage_taken":0,"max_hp_gain":0,"max_hp_loss":0,"event_name":"Liars Game","floor":11,"gold_loss":0,"cards_obtained":["Doubt"]},{"damage_healed":0,"gold_gain":0,"player_choice":"Obtained Book","damage_taken":16,"max_hp_gain":0,"max_hp_loss":0,"event_name":"Cursed Tome","floor":19,"gold_loss":0}],"is_beta":true,"boss_relics":[{"not_picked":["Ectoplasm","Tiny House"],"picked":"Nuclear Battery"}],"items_purged_floors":[],"is_endless":false,"potions_floor_spawned":[1,5,6,7,13],"killed_by":"Shelled Parasite and Fungi","ascension_level":5}}