{"host":"r53pw7z744tg3fxg","time":1610652661,"event":{"mods":["AchievementEnabler","BaseMod","Colored Map","Colored Powertips","Highlight Path","Minty Spire (QoL Compilation)","Quick Restart","Transform Curses"],"gold_per_floor":[112,112,123,133,143,143,176,194,194,218,218,218,218,232,232,305,305,315,331,331,349,349,349,349],"floor_reached":23,"language":"ENG","playtime":803,"items_purged":[],"score":385,"play_id":"282063c2-63a9-45cc-952f-021cde969d12","local_time":"20210114123101","is_ascension_mode":true,"campfire_choices":[{"data":"Eruption","floor":6.0,"key":"SMITH"},{"data":"Prostrate","floor":11.0,"key":"SMITH"},{"floor":13.0,"key":"REST"},{"data":"SashWhip","floor":15.0,"key":"SMITH"}],"circlet_count":0,"master_deck":["AscendersBane","Strike_P+1","Strike_P+1","Strike_P+1","Defend_P+1","Defend_P+1","Defend_P+1","Defend_P+1","Eruption+1","Vigilance","FearNoEvil","SashWhip+1","CutThroughFate","Conclude","Prostrate+1","WindmillStrike","Pray","ReachHeaven","LessonLearned","DeceiveReality","BowlingBash","Evaluate"],"relics":["PureWater","Boot","Matryoshka","Odd Mushroom","Regal Pillow","SacredBark"],"acts_visited":["Exordium","TheCity"],"potions_floor_usage":[19,21,21],"damage_taken":[{"damage":4.0,"enemies":"Small Slimes","floor":1.0,"turns":3.0},{"damage":0.0,"enemies":"Cultist","floor":3.0,"turns":2.0},{"damage":1.0,"enemies":"2 Louse","floor":4.0,"turns":2.0},{"damage":4.0,"enemies":"Blue Slaver","floor":5.0,"turns":4.0},{"damage":0.0,"enemies":"Gremlin Nob","floor":7.0,"turns":2.0},{"damage":0.0,"enemies":"Looter","floor":8.0,"turns":1.0},{"damage":2.0,"enemies":"The Mushroom Lair","floor":10.0,"turns":3.0},{"damage":9.0,"enemies":"Large Slime","floor":14.0,"turns":3.0},{"damage":19.0,"enemies":"Hexaghost","floor":16.0,"turns":6.0},{"damage":18.0,"enemies":"2 Thieves","floor":18.0,"turns":4.0},{"damage":8,"enemies":"Spheric Guardian","floor":19,"turns":6},{"damage":21,"enemies":"Centurion and Healer","floor":21,"turns":5},{"damage":20,"enemies":"Slavers","floor":23,"turns":1}],"seed_played":"-2269139438918394703","potions_obtained":[{"floor":1.0,"key":"Strength Potion"},{"floor":3.0,"key":"Dexterity Potion"},{"floor":14.0,"key":"Energy Potion"},{"floor":16.0,"key":"Strength Potion"},{"floor":19,"key":"FearPotion"}],"is_trial":false,"path_per_floor":["M","?","M","M","M","R","E","M","T","?","R","?","R","M","R","B",null,"M","M","?","M","?","E"],"character_chosen":"WATCHER","items_purchased":[],"campfire_rested":1,"item_purchase_floors":[],"current_hp_per_floor":[57,57,57,56,52,52,52,52,52,50,50,38,78,69,69,50,77,59,51,51,30,13,0,0],"gold":349,"neow_bonus":"TWENTY_PERCENT_HP_BONUS","is_daily":false,"chose_seed":false,"campfire_upgraded":3,"win_rate":0.0,"timestamp":1610652661,"path_taken":["M","?","M","M","?","R","E","M","T","?","R","?","R","M","R","BOSS","M","M","?","M","?","E"],"items_purchased_type":[],"build_version":"2020-12-22","purchased_purges":0,"victory":false,"max_hp_per_floor":[86,86,86,86,86,86,86,86,86,86,86,86,86,86,86,86,86,86,86,86,86,91,91,91],"card_choices":[{"not_picked":["Perseverance","SignatureMove"],"picked":"FearNoEvil","floor":1.0},{"not_picked":["CutThroughFate","Collect"],"picked":"SashWhip","floor":3.0},{"not_picked":["CrushJoints","FearNoEvil"],"picked":"CutThroughFate","floor":4.0},{"not_picked":["CutThroughFate","Meditate"],"picked":"Conclude","floor":5.0},{"not_picked":["JustLucky","FearNoEvil"],"picked":"Prostrate","floor":7.0},{"not_picked":["Halt","Prostrate"],"picked":"WindmillStrike","floor":8.0},{"not_picked":["Vengeance","SandsOfTime"],"picked":"Pray","floor":10.0},{"not_picked":["LikeWater","Conclude"],"picked":"ReachHeaven","floor":14.0},{"not_picked":["SpiritShield","Devotion"],"picked":"LessonLearned","floor":16.0},{"not_picked":["CrushJoints+1","Prostrate"],"picked":"DeceiveReality","floor":18.0},{"not_picked":["JustLucky+1","WaveOfTheHand"],"picked":"BowlingBash","floor":19},{"not_picked":["Fasting2","BowlingBash"],"picked":"Evaluate","floor":21}],"player_experience":1256433,"relics_obtained":[{"floor":7.0,"key":"Boot"},{"floor":9.0,"key":"Matryoshka"},{"floor":10.0,"key":"Odd Mushroom"}],"event_choices":[{"cards_removed":["Strike_P"],"damage_healed":0.0,"max_hp_gain":0.0,"max_hp_loss":0.0,"gold_gain":0.0,"event_name":"Bonfire Elementals","player_choice":"Offered Basic","floor":2.0,"gold_loss":0.0,"damage_taken":0.0},{"damage_healed":0.0,"max_hp_gain":0.0,"max_hp_loss":0.0,"gold_gain":0.0,"event_name":"Mushrooms","player_choice":"Fought Mushrooms","floor":10.0,"gold_loss":0.0,"damage_taken":0.0},{"damage_healed":0.0,"max_hp_gain":0.0,"max_hp_loss":0.0,"gold_gain":0.0,"event_name":"Scrap Ooze","player_choice":"Success","floor":12.0,"gold_loss":0.0,"damage_taken":12.0,"relics_obtained":["Regal Pillow"]},{"damage_healed":0,"gold_gain":0,"player_choice":"Simplicity","damage_taken":0,"max_hp_gain":0,"max_hp_loss":0,"event_name":"Back to Basics","floor":20,"gold_loss":0,"cards_upgraded":["Strike_P","Strike_P","Defend_P","Defend_P","Defend_P","Defend_P"]},{"damage_healed":0,"gold_gain":0,"player_choice":"Shed Blood","damage_taken":22,"max_hp_gain":5,"max_hp_loss":0,"event_name":"Forgotten Altar","floor":22,"gold_loss":0}],"is_beta":false,"boss_relics":[{"not_picked":["Runic Dome","Pandora\u0027s Box"],"picked":"SacredBark"}],"items_purged_floors":[],"is_endless":false,"potions_floor_spawned":[1,3,14,16,19],"killed_by":"Slavers","ascension_level":13}}