{"host":"xvhc8sga2tdal1wt","time":1610601083,"event":{"mods":["Act Like it!","Aspiration","BaseMod","Better Match","Better Note","Better Skull","Better Third Choice","BetterRewards","Block Reminder","Card Forge","Conspire","Duelist Mod","Energized Spire","GungeonMod","Hallownest","Hubris","Infinite Spire","Luminous","Minty Spire (QoL Compilation)","Quick Restart","Replay The Spire","Robot Space Explorer","Shop Mod","StSLib","Synergy Search","The Animator","The Bladedancer","The Bug Knight","The Forsaken","Wandering Minibosses","[IsaacMod]????"],"gold_per_floor":[146,156,53,69,69,100,100,431,431,460,472,472,472,472,472,596,596,589,608,54,97,97,97,137,137,183,183,227,227,227],"floor_reached":29,"language":"ENG","playtime":2001,"items_purged":[],"score":430,"play_id":"d6226bb1-0f5b-4827-a4e3-87ca95cd3716","local_time":"20210114061123","is_ascension_mode":true,"campfire_choices":[{"floor":7,"key":"REST"},{"floor":15,"key":"REST"},{"floor":23,"key":"REST"},{"floor":25,"key":"REST"}],"circlet_count":0,"master_deck":["theDuelist:DarkMagician+1","theDuelist:PharaohBlessing+1","theDuelist:StatueAnguishPattern+1","theDuelist:FairyBox","theDuelist:CrystalOrbCard","theDuelist:IrisEarthMother","theDuelist:ExodiaLL","theDuelist:BlueDragonSummoner","theDuelist:TimeWizard","theDuelist:SpiritHarp","theDuelist:CircleFireKings+1","theDuelist:ExodiaRL","theDuelist:CrystalWingDragon"],"relics":["theDuelist:MillenniumPuzzle","theDuelist:CardPoolRelic","theDuelist:CardPoolBasicRelic","theDuelist:BoosterPackPoolRelic","theDuelist:CardPoolAddRelic","theDuelist:CardPoolMinusRelic","theDuelist:CardPoolSaveRelic","theDuelist:CardPoolOptionsRelic","Hammer of Thor","Seething Fire","Anvil of the Gods","HushsDoor","aspiration:DSix","PunchingBag","theDuelist:OrbCardRelic","hubris:PeanutButter","Old Coin","Golden Idol","Replay:Ancient Bell","theDuelist:DuelistTeaSet","Replay:Byrd Feeder","infinitespire:Joker Card","BloodDonationBag","hubris:Towel","Du-Vu Doll","aspiration:TomeofQuesting","DemoMod:GlassGuonStoneRelic","Ice Cream"],"acts_visited":["Exordium","TheCity"],"potions_floor_usage":[16,16,29],"damage_taken":[{"damage":5,"enemies":"conspire:RoseBush","floor":1,"turns":3},{"damage":20,"enemies":"Cultist","floor":2,"turns":5},{"damage":8,"enemies":"Small Slimes","floor":4,"turns":3},{"damage":0,"enemies":"3 Sentries","floor":6,"turns":1},{"damage":35,"enemies":"Gremlin Nob","floor":8,"turns":5},{"damage":8,"enemies":"HollowMod:MossKnight","floor":10,"turns":8},{"damage":8,"enemies":"Blue Slaver","floor":11,"turns":3},{"damage":12,"enemies":"Fading Forest","floor":16,"turns":11},{"damage":23,"enemies":"2 Thieves","floor":18,"turns":5},{"damage":0,"enemies":"Spheric Guardian","floor":19,"turns":5},{"damage":15,"enemies":"Centurion and Healer","floor":21,"turns":6},{"damage":28,"enemies":"conspire:Head Lice","floor":24,"turns":5},{"damage":26,"enemies":"Book of Stabbing","floor":28,"turns":6},{"damage":14,"enemies":"Snake Plant","floor":29,"turns":2}],"seed_played":"3431614528425270343","potions_obtained":[{"floor":2,"key":"theDuelist:MegaupgradePotion"},{"floor":6,"key":"Explosive Potion"},{"floor":11,"key":"DistilledChaos"},{"floor":24,"key":"theDuelist:SummonArmorPotion"},{"floor":28,"key":"Explosive Potion"}],"is_trial":false,"path_per_floor":["M","M","$","M","?","E","R","E","T","E","M","T","?","?","R","B",null,"M","M","$","M","?","R","E","R","T","?","E","M"],"character_chosen":"THE_DUELIST","items_purchased":["theDuelist:OrbCardRelic","Replay:Byrd Feeder","infinitespire:Joker Card","theDuelist:TimeWizard","theDuelist:SpiritHarp"],"campfire_rested":4,"item_purchase_floors":[3,20,20,20,20],"current_hp_per_floor":[75,55,55,47,47,47,71,36,36,28,20,20,20,20,42,62,71,48,63,46,22,22,44,16,38,38,38,12,0,0],"gold":227,"neow_bonus":"DSIX","is_daily":false,"chose_seed":false,"campfire_upgraded":0,"win_rate":0.0,"timestamp":1610601083,"path_taken":["M","?","?","M","?","E","R","E","T","E","M","?","?","?","R","BOSS","M","M","$","M","?","R","E","R","T","?","E","M"],"items_purchased_type":["Relic","Relic","Relic","Card","Card"],"build_version":"2020-12-22","purchased_purges":0,"victory":false,"max_hp_per_floor":[80,80,80,80,80,80,80,80,80,80,80,80,80,74,74,74,74,74,74,74,74,74,74,74,74,74,74,74,74,74],"card_choices":[{"not_picked":[],"picked":"theDuelist:RainbowMagician","floor":1},{"not_picked":[],"picked":"theDuelist:FairyBox","floor":2},{"not_picked":["theDuelist:FogKing"],"picked":"SKIP","floor":4},{"not_picked":["theDuelist:ExodiaRA"],"picked":"SKIP","floor":6},{"not_picked":["theDuelist:OnslaughtFireKings"],"picked":"SKIP","floor":8},{"not_picked":["theDuelist:MagiciansRobe"],"picked":"SKIP","floor":10},{"not_picked":["theDuelist:DummyGolem"],"picked":"SKIP","floor":11},{"not_picked":[],"picked":"theDuelist:IrisEarthMother","floor":16},{"not_picked":[],"picked":"theDuelist:ExodiaLL","floor":18},{"not_picked":[],"picked":"theDuelist:BlueDragonSummoner","floor":19},{"not_picked":[],"picked":"theDuelist:CircleFireKings+1","floor":21},{"not_picked":[],"picked":"theDuelist:ExodiaRL","floor":24},{"not_picked":[],"picked":"theDuelist:CrystalWingDragon","floor":28}],"player_experience":114535,"relics_obtained":[{"floor":6,"key":"hubris:PeanutButter"},{"floor":8,"key":"Old Coin"},{"floor":10,"key":"BloodDonationMachine"},{"floor":24,"key":"Du-Vu Doll"},{"floor":26,"key":"aspiration:TomeofQuesting"},{"floor":28,"key":"Ice Cream"}],"event_choices":[{"damage_healed":0,"gold_gain":0,"cards_transformed":["theDuelist:RainbowMagician"],"player_choice":"Change","damage_taken":0,"max_hp_gain":0,"max_hp_loss":0,"event_name":"Living Wall","floor":5,"gold_loss":0,"cards_obtained":["Bomb"]},{"damage_healed":20,"gold_gain":0,"player_choice":"Leave","damage_taken":0,"max_hp_gain":0,"max_hp_loss":80,"event_name":"betterThird:BetterShining","floor":13,"gold_loss":0},{"damage_healed":0,"gold_gain":0,"player_choice":"Lose Max HP","damage_taken":0,"relics_obtained":["Golden Idol"],"max_hp_gain":0,"max_hp_loss":6,"event_name":"Golden Idol","floor":14,"gold_loss":0}],"is_beta":false,"boss_relics":[{"not_picked":["Kintsugi","hubris:GrandSneckoEye"],"picked":"Replay:Ancient Bell"},{"not_picked":["Ancient Tea Set","theForsaken:Lifeblossom"],"picked":"theDuelist:DuelistTeaSet"},{"not_picked":[]}],"items_purged_floors":[],"is_endless":false,"potions_floor_spawned":[2,6,11,24,28],"killed_by":"Snake Plant","ascension_level":5}}