{"host":"9n00qg11haooyz80","time":1610615680,"event":{"mods":["BaseMod","Downfall","Minty Spire (QoL Compilation)","Rare Cards Sparkle","StSLib"],"gold_per_floor":[99,117,117,117,145,185,243,281,305,329,341,367,304,326,356,368,368],"floor_reached":16,"language":"ENG","playtime":668,"items_purged":[],"score":164,"play_id":"dad78841-0c36-4dd2-ae19-feb33f23640a","local_time":"20210114101440","is_ascension_mode":false,"campfire_choices":[{"data":"sneckomod:Unknown","floor":1,"key":"SMITH"},{"floor":13,"key":"RECALL"}],"circlet_count":0,"master_deck":["sneckomod:Strike","sneckomod:Strike+1","sneckomod:Strike+1","sneckomod:Defend+1","sneckomod:Defend","sneckomod:TailWhip","sneckomod:SnekBite","sneckomod:Unknown+1","sneckomod:Unknown","sneckomod:UnknownStrike","Regret","Regret","sneckomod:UnknownClassPURPLE","sneckomod:ImprovisedGuard","sneckomod:TrashToTreasure","sneckomod:UnknownClassGREEN","sneckomod:UnlimitedRolls","sneckomod:Mudshield","sneckomod:UnknownX","sneckomod:UnknownStrike","sneckomod:SoulDraw"],"relics":["sneckomod:SneckoSoul","MawBank","Orichalcum","HornCleat","downfall:HeartBlessingBlue"],"acts_visited":["Exordium"],"potions_floor_usage":[16],"damage_taken":[{"damage":5,"enemies":"Small Slimes","floor":2,"turns":2},{"damage":14,"enemies":"Jaw Worm","floor":5,"turns":4},{"damage":44,"enemies":"3 Sentries","floor":6,"turns":6},{"damage":15,"enemies":"Gremlin Nob","floor":8,"turns":5},{"damage":0,"enemies":"Cultist","floor":9,"turns":2},{"damage":9,"enemies":"Red Slaver","floor":10,"turns":2},{"damage":3,"enemies":"3 Louse","floor":12,"turns":3},{"damage":3,"enemies":"2 Fungi Beasts","floor":14,"turns":3},{"damage":9,"enemies":"Exordium Wildlife","floor":15,"turns":2},{"damage":26,"enemies":"downfall:Ironclad","floor":16,"turns":4}],"seed_played":"-1109182583541137802","potions_obtained":[{"floor":6,"key":"champ:CounterPotion"},{"floor":8,"key":"sneckomod:DiceRollPotion"},{"floor":10,"key":"DistilledChaos"}],"is_trial":false,"path_per_floor":["R","M","?","?","M","E","T","E","M","M","?","M","R","M","M","B"],"character_chosen":"THE_SNECKO","items_purchased":[],"campfire_rested":0,"item_purchase_floors":[],"current_hp_per_floor":[99,95,95,95,82,44,44,29,30,21,21,19,29,27,26,0,0],"gold":368,"neow_bonus":"TEN_PERCENT_HP_BONUS","is_daily":false,"chose_seed":false,"campfire_upgraded":1,"win_rate":0.0,"timestamp":1610615680,"path_taken":["R","M","?","?","M","E","T","E","M","M","?","M","R","?","M","BOSS"],"items_purchased_type":[],"build_version":"2020-12-22","purchased_purges":0,"victory":false,"max_hp_per_floor":[99,100,100,100,101,101,101,101,102,102,102,103,113,114,114,114,114],"card_choices":[{"not_picked":["sneckomod:SerpentIdol","sneckomod:UnknownClassPURPLE"],"picked":"sneckomod:UnknownStrike","floor":2},{"not_picked":["sneckomod:SoulDraw","sneckomod:DiceBlock"],"picked":"sneckomod:UnknownClassPURPLE","floor":5},{"not_picked":["sneckomod:IronFang","sneckomod:UnknownStrike"],"picked":"sneckomod:ImprovisedGuard","floor":6},{"not_picked":["sneckomod:SoulRoll","sneckomod:QuickMove"],"picked":"sneckomod:TrashToTreasure","floor":8},{"not_picked":["sneckomod:SoulRoll","sneckomod:Unknown0Cost"],"picked":"sneckomod:UnknownClassGREEN","floor":9},{"not_picked":["sneckomod:SoulRoll","sneckomod:UnknownClassGREEN"],"picked":"sneckomod:UnlimitedRolls","floor":10},{"not_picked":["sneckomod:UnknownStrike","sneckomod:IronFang"],"picked":"sneckomod:UnknownX","floor":12},{"not_picked":["sneckomod:Unknown1Cost","sneckomod:UnknownClassGREEN"],"picked":"sneckomod:UnknownStrike","floor":14},{"not_picked":["sneckomod:Unknown1Cost","sneckomod:UnknownWeak"],"picked":"sneckomod:SoulDraw","floor":15}],"player_experience":109229,"relics_obtained":[{"floor":6,"key":"Orichalcum"},{"floor":8,"key":"HornCleat"}],"event_choices":[{"damage_healed":0,"gold_gain":0,"player_choice":"Box","damage_taken":0,"relics_obtained":["MawBank"],"max_hp_gain":0,"max_hp_loss":0,"event_name":"Big Fish","floor":4,"gold_loss":0,"cards_obtained":["Regret"]},{"damage_healed":0,"gold_gain":0,"cards_transformed":["sneckomod:Defend"],"player_choice":"Transformed","damage_taken":0,"max_hp_gain":0,"max_hp_loss":0,"event_name":"Transmorgrifier","floor":11,"gold_loss":0,"cards_obtained":["sneckomod:Mudshield"]}],"is_beta":false,"boss_relics":[],"items_purged_floors":[],"is_endless":false,"potions_floor_spawned":[6,8,10,12],"killed_by":"downfall:Ironclad","ascension_level":0}}