{"host":"bxdue9bkfm2khp2x","time":1610605154,"event":{"mods":["ATMod(阿瑾Mod)","Arknights The Spire","Aspiration","BaseMod","Better Vampires","Challenge The Spire","Colored Map","Colored Powertips","Conspire","Decade(王小明)","Dota2Spire","Highlight Path","Minty Spire (QoL Compilation)","MostiFishMod","Remilia（蕾米莉亚）","Replay The Spire","RumiaBox-露米娅的神秘盒子","Ryuuou龙王","Spicy Shops","StSLib","Td1madao Mod","The Alterego","The Bug Knight","The Cursed","The Servant 0.9.4","WarShipGirlsR/战舰少女R mod","noobMod","vexMod","【功能Mod】混沌之环修复补丁","【遗物卡牌】REMEMod","篝火指南"],"gold_per_floor":[118,118,164,164,174,174,2,77,77,77,87,87,101,119,119,214,214,229,4,23,43,43,43,56,56,56,88,88,105,130,141,141,240,240,258,258,258,308,321,321,355,355,379,479,479,491,37,53,53,53],"floor_reached":51,"language":"ZHS","playtime":8121,"items_purged":["ats:Strike S","ats:Defend","ats:Defend","ats:Strike G"],"score":753,"play_id":"4f30360d-5a24-4298-8b18-5e5601dd6b3f","local_time":"20210114141914","is_ascension_mode":true,"campfire_choices":[{"data":"ats:Ignite","floor":6.0,"key":"SMITH"},{"data":"ats:Emotion Absorption","floor":10.0,"key":"SMITH"},{"data":"ats:Song Of Battle","floor":12.0,"key":"SMITH"},{"data":"ats:Thorns","floor":15.0,"key":"SMITH"},{"data":"ats:Calcification","floor":23.0,"key":"SMITH"},{"data":"ats:Shell Defense","floor":25.0,"key":"SMITH"},{"data":"ats:Very Hot Blade","floor":28.0,"key":"SMITH"},{"data":"ats:Nebulous Foxfire","floor":32.0,"key":"SMITH"},{"data":"ats:Part Time Job","floor":40.0,"key":"SMITH"},{"data":"ats:Shell Defense","floor":42.0,"key":"SMITH"},{"data":"ats:Burning Ground","floor":45.0,"key":"SMITH"},{"data":"ats:Thorns","floor":49,"key":"SMITH"}],"circlet_count":0,"master_deck":["ats:Strike C","ats:Armor Crushing Shot","ats:Defend","ats:Defend","ats:Emotion Absorption+1","ats:Support Order","ats:Rat Pack","ats:Shell Defense+1","ats:Ignite+1","ats:Curse Doll","ats:Shell Defense+1","ats:Song Of Battle+1","ats:Thorns+1","ats:Calcification+1","ats:Thorns+1","ats:Magnetic Hammer+1","ats:Ignite+1","ats:Very Hot Blade+1","ats:Nebulous Foxfire+1","ats:Disruption Kick","ats:Sunburst+1","ats:Burning Ground+1","ats:Part Time Job+1","ats:Demon Strength+1","ats:Demon Strength","ats:Thorns+1"],"relics":["ats:Sanity","DaveBox","REME_ComplimentaryCards","ice","AT_ATBox","xbg","SynthV:TestCard","Boot","Pet Ghost","SecretRecord","ChiXiaoBlade","Replay:WaspNest","ats:Originium","DaCapo","ats:Hidden Killer","SoulBox","Dota2Spire:OctarineCore","Centennial Puzzle","Juzu Bracelet","ats:Spiritual Recovery","Dota2Spire:MagicBottle"],"acts_visited":["Exordium","TheCity","TheBeyond"],"potions_floor_usage":[],"damage_taken":[{"damage":3.0,"enemies":"2 Louse","floor":1.0,"turns":5.0},{"damage":38.0,"enemies":"conspire:MimicChest","floor":3.0,"turns":10.0},{"damage":2.0,"enemies":"Jaw Worm","floor":5.0,"turns":5.0},{"damage":0.0,"enemies":"Small Slimes","floor":11.0,"turns":9.0},{"damage":0.0,"enemies":"Looter","floor":13.0,"turns":3.0},{"damage":0.0,"enemies":"Red Slaver","floor":14.0,"turns":5.0},{"damage":13.0,"enemies":"Hexaghost","floor":16.0,"turns":11.0},{"damage":4.0,"enemies":"Spheric Guardian","floor":18.0,"turns":8.0},{"damage":0.0,"enemies":"conspire:FuzzyDice","floor":20.0,"turns":7.0},{"damage":3.0,"enemies":"Chosen and Byrds","floor":21.0,"turns":6.0},{"damage":0.0,"enemies":"conspire:HollyBat","floor":24.0,"turns":6.0},{"damage":7.0,"enemies":"Gremlin Leader","floor":27.0,"turns":8.0},{"damage":13.0,"enemies":"Snecko","floor":29.0,"turns":5.0},{"damage":1.0,"enemies":"Replay:Snechameleon","floor":30.0,"turns":4.0},{"damage":0.0,"enemies":"3 Cultists","floor":31.0,"turns":4.0},{"damage":8.0,"enemies":"Collector","floor":33.0,"turns":13.0},{"damage":2.0,"enemies":"Orb Walker","floor":35.0,"turns":3.0},{"damage":0.0,"enemies":"Mind Bloom Boss Battle","floor":38.0,"turns":6.0},{"damage":1.0,"enemies":"3 Darklings","floor":39.0,"turns":4.0},{"damage":15.0,"enemies":"Nemesis","floor":41.0,"turns":5.0},{"damage":10.0,"enemies":"Sphere and 2 Shapes","floor":46.0,"turns":4.0},{"damage":10,"enemies":"Transient","floor":48,"turns":5},{"damage":2,"enemies":"conspire:OrnateMirror","floor":50,"turns":9}],"seed_played":"-6460352655232528055","potions_obtained":[{"floor":1.0,"key":"ats:Emergency Sanity Potion"},{"floor":11.0,"key":"Dota2Spire:HealingSalve"},{"floor":14.0,"key":"REME_GoldPotion"}],"is_trial":false,"path_per_floor":["M","?","?","?","M","R","$","?","T","R","M","R","M","M","R","B",null,"M","$","M","M","?","R","M","R","T","E","R","M","E","M","R","B",null,"M","?","?","?","M","R","E","R","T","?","R","M","$","M","R","B",null],"character_chosen":"DOCTOR_CLASS","items_purchased":["Pet Ghost","ats:Shell Defense","ats:Thorns","ats:Spiritual Recovery","Dota2Spire:MagicBottle"],"campfire_rested":0,"item_purchase_floors":[7,7,47,47,47],"current_hp_per_floor":[69,69,40,47,50,50,50,43,43,43,72,72,72,72,72,66,72,72,72,72,72,72,72,72,72,72,72,72,62,64,72,72,72,72,72,72,72,72,72,72,57,57,57,57,57,64,64,62,62,72],"gold":53,"neow_bonus":"ONE_RANDOM_RARE_CARD","is_daily":false,"chose_seed":false,"campfire_upgraded":12,"win_rate":0.0,"timestamp":1610605154,"path_taken":["M","?","?","?","M","R","$","?","T","R","M","R","?","M","R","BOSS","M","$","M","M","?","R","M","R","T","E","R","M","E","M","R","BOSS","M","?","?","?","M","R","E","R","T","?","R","M","$","M","R","BOSS"],"items_purchased_type":["Relic","Card","Card","Relic","Relic"],"build_version":"2020-12-22","purchased_purges":4,"victory":true,"max_hp_per_floor":[72,72,72,72,72,72,72,72,72,72,72,72,72,72,72,72,72,72,72,72,72,72,72,72,72,72,72,72,72,72,72,72,72,72,72,72,72,72,72,72,72,72,72,72,72,72,72,72,72,72],"card_choices":[{"not_picked":["ats:Blood Oath","ats:Song Of Battle"],"picked":"ats:Shell Defense","floor":1.0},{"not_picked":["ats:Mental Burst","ats:Leaping Hammer","ats:Hook Shot","ats:Explosion Area Strengthen"],"picked":"ats:Ignite","floor":3.0},{"not_picked":["ats:Ignite","ats:Cat Scratch","ats:Spore Proliferation","ats:Shadow Assault"],"picked":"ats:Curse Doll","floor":5.0},{"not_picked":["ats:Counter Healing Mode","ats:Hook Shot","ats:Revitalization","ats:Apocalypse"],"picked":"ats:Song Of Battle","floor":11.0},{"not_picked":["ats:Powerful Strike","ats:Assault Order","ats:Leaping Hammer","ats:Spore Proliferation","ats:Poison Spread"],"picked":"SKIP","floor":13.0},{"not_picked":["ats:Apocalypse","ats:Powerful Strike","ats:Guardian Obelisk","ats:Song Of Battle"],"picked":"ats:Thorns","floor":14.0},{"not_picked":["ats:Volcano","ats:Disruption Kick","ats:Dogmatic Field","ats:Fractured Body"],"picked":"ats:Calcification","floor":16.0},{"not_picked":["ats:Consecutive Shot Auto+1","ats:Apocalypse","ats:Charging Defense","ats:Shell Defense"],"picked":"ats:Thorns+1","floor":18.0},{"not_picked":["ats:Consecutive Shot Auto+1","ats:Flexible Camouflage","ats:Durian","ats:Explosion Area Strengthen+1"],"picked":"ats:Magnetic Hammer","floor":20.0},{"not_picked":["ats:Red Shift","ats:Poison Spread","ats:Cat Scratch+1","ats:Shell Defense"],"picked":"ats:Ignite+1","floor":21.0},{"not_picked":["ats:Charging Defense","ats:Powerful Strike+1","ats:Soul Absorption","ats:Hook Shot","ats:Poison Spread"],"picked":"SKIP","floor":24.0},{"not_picked":["ats:Composite Medical Shells","ats:Assault Order","ats:Childhood Dance","ats:Curse Doll+1"],"picked":"ats:Very Hot Blade","floor":27.0},{"not_picked":["ats:Childhood Dance","ats:Sword Rain","ats:Hook Shot","ats:Shell Defense","ats:Encircling Forest+1"],"picked":"SKIP","floor":29.0},{"not_picked":["ats:Apocalypse+1","ats:Powerful Strike+1","ats:Rapid Magazine+1","ats:Poison Spread"],"picked":"ats:Nebulous Foxfire","floor":30.0},{"not_picked":["ats:Revitalization+1","ats:Explosion Area Strengthen+1","ats:True Silver Slash","ats:Shadow Raid","ats:Shell Defense"],"picked":"SKIP","floor":31.0},{"not_picked":["ats:Rat Pack","ats:Roar Of Ursus","ats:True Silver Slash","ats:Wolf Pack"],"picked":"ats:Disruption Kick","floor":33.0},{"not_picked":["ats:Consecutive Shot Auto+1","ats:Explosion Area Strengthen+1","ats:Childhood Dance+1","ats:Magnetic Hammer"],"picked":"ats:Sunburst+1","floor":35.0},{"not_picked":["ats:Explosion Area Strengthen+1","ats:Composite Medical Shells","ats:Collapsing Strike","ats:Curse Doll+1"],"picked":"ats:Burning Ground","floor":38.0},{"not_picked":["ats:Closed Bolt Burst Fire+1","ats:Chain Hook","ats:Childhood Dance+1","ats:Cat Scratch"],"picked":"ats:Part Time Job","floor":39.0},{"not_picked":["ats:Defend Order+1","ats:Ignite+1","ats:Apocalypse+1","ats:Rapid Magazine+1"],"picked":"ats:Demon Strength+1","floor":41.0},{"not_picked":["ats:Poison Spread+1","ats:Leaping Hammer","ats:Song Of Battle+1","ats:Sunburst"],"picked":"ats:Demon Strength","floor":46.0},{"not_picked":["ats:Hammer On+1","ats:Curse Doll+1","ats:Childhood Dance+1","ats:Shell Defense","ats:Cat Scratch"],"picked":"SKIP","floor":48}],"player_experience":1246146,"relics_obtained":[{"floor":1.0,"key":"SynthV:TestCard"},{"floor":3.0,"key":"Boot"},{"floor":9.0,"key":"SecretRecord"},{"floor":26.0,"key":"Replay:WaspNest"},{"floor":27.0,"key":"ats:Originium"},{"floor":27.0,"key":"DaCapo"},{"floor":30.0,"key":"ats:Originium"},{"floor":30.0,"key":"ats:Hidden Killer"},{"floor":38.0,"key":"Dota2Spire:OctarineCore"},{"floor":41.0,"key":"ats:Originium"},{"floor":41.0,"key":"Centennial Puzzle"},{"floor":43.0,"key":"Juzu Bracelet"}],"event_choices":[{"cards_removed":["ats:Strike V"],"damage_healed":0.0,"max_hp_gain":0.0,"max_hp_loss":0.0,"gold_gain":0.0,"event_name":"Living Wall","player_choice":"Forget","floor":2.0,"gold_loss":0.0,"damage_taken":0.0},{"damage_healed":0.0,"max_hp_gain":0.0,"max_hp_loss":0.0,"gold_gain":75.0,"event_name":"FaceTrader","player_choice":"Touch","floor":8.0,"gold_loss":0.0,"damage_taken":7.0},{"damage_healed":0.0,"max_hp_gain":0.0,"max_hp_loss":0.0,"gold_gain":0.0,"event_name":"Accursed Blacksmith","player_choice":"Forge","floor":22.0,"gold_loss":0.0,"damage_taken":0.0,"cards_upgraded":["ats:Magnetic Hammer"]},{"damage_healed":0.0,"max_hp_gain":0.0,"max_hp_loss":0.0,"gold_gain":0.0,"event_name":"Tomb of Lord Red Mask","player_choice":"Ignored","floor":36.0,"gold_loss":0.0,"damage_taken":0.0},{"damage_healed":0.0,"max_hp_gain":0.0,"max_hp_loss":0.0,"gold_gain":0.0,"event_name":"SensoryStone","player_choice":"Memory 1","floor":37.0,"gold_loss":0.0,"damage_taken":0.0},{"damage_healed":0.0,"max_hp_gain":0.0,"max_hp_loss":0.0,"gold_gain":0.0,"event_name":"MindBloom","player_choice":"Fight","floor":38.0,"gold_loss":0.0,"damage_taken":0.0},{"damage_healed":0.0,"max_hp_gain":0.0,"max_hp_loss":0.0,"gold_gain":0.0,"event_name":"Ryuuou:Expiration","player_choice":"Ignored","floor":44.0,"gold_loss":0.0,"damage_taken":0.0}],"is_beta":false,"boss_relics":[{"not_picked":["Sozu","ats:Omniscience"],"picked":"ChiXiaoBlade"},{"not_picked":["GuanYuAspect","Runic Pyramid"],"picked":"SoulBox"}],"items_purged_floors":[7,19,19,47],"is_endless":false,"potions_floor_spawned":[1,11,14,16,18,27,29,31,38,48],"ascension_level":3}}