{"host":"blwn7tlm3h5q6xoq","time":1610603452,"event":{"mods":["BaseMod","Minty Spire (QoL Compilation)","StSLib","The Runesmith"],"gold_per_floor":[112,112,64,81,81,116,141,141,141],"floor_reached":8,"language":"ENG","playtime":611,"items_purged":[],"score":81,"play_id":"3b3e0b3c-2275-4397-bf39-3d206c3e72eb","local_time":"20210114035052","is_ascension_mode":false,"campfire_choices":[],"circlet_count":0,"master_deck":["Runesmith:Strike_RS","Runesmith:Strike_RS","Runesmith:Strike_RS","Runesmith:Defend_RS","Runesmith:Defend_RS","Runesmith:Defend_RS","Runesmith:Defend_RS","Runesmith:CraftFirestone","Runesmith:Fortify","Runesmith:CraftProtectio","Runesmith:ReplicatingBarrier","Runesmith:Grindstone","Runesmith:HeatExchange","Runesmith:EarthShield","Runesmith:Permafrost"],"relics":["Runesmith:BrokenRuby","NeowsBlessing","Golden Idol","MealTicket"],"acts_visited":["Exordium"],"potions_floor_usage":[],"damage_taken":[{"damage":0,"enemies":"2 Louse","floor":1,"turns":2},{"damage":0,"enemies":"Cultist","floor":4,"turns":1},{"damage":0,"enemies":"3 Sentries","floor":6,"turns":2},{"damage":1,"enemies":"Jaw Worm","floor":7,"turns":6},{"damage":65,"enemies":"Gremlin Nob","floor":8,"turns":6}],"seed_played":"4784727746996783249","potions_obtained":[{"floor":6,"key":"Explosive Potion"},{"floor":7,"key":"EssenceOfSteel"}],"is_trial":false,"path_per_floor":["M","?","$","M","?","E","M","E"],"character_chosen":"RUNESMITH_CLASS","items_purchased":["Runesmith:Grindstone"],"campfire_rested":0,"item_purchase_floors":[3],"current_hp_per_floor":[70,70,70,70,53,53,52,0,0],"gold":141,"neow_bonus":"THREE_ENEMY_KILL","is_daily":false,"chose_seed":false,"campfire_upgraded":0,"win_rate":0.0,"timestamp":1610603452,"path_taken":["M","?","$","?","?","E","M","E"],"items_purchased_type":["Card"],"build_version":"2020-12-22","purchased_purges":0,"victory":false,"max_hp_per_floor":[70,70,70,70,70,70,70,70,70],"card_choices":[{"not_picked":["Runesmith:HeatedChisel","Runesmith:ElementalConversion"],"picked":"Runesmith:CraftProtectio","floor":1},{"not_picked":["Runesmith:ElementalConversion","Runesmith:FrozenChisel"],"picked":"Runesmith:HeatExchange","floor":4},{"not_picked":["Runesmith:CraftMagma","Runesmith:CraftProtectio"],"picked":"Runesmith:EarthShield","floor":6},{"not_picked":["Runesmith:CraftMagma","Runesmith:Prism"],"picked":"Runesmith:Permafrost","floor":7}],"player_experience":428307,"relics_obtained":[{"floor":6,"key":"MealTicket"}],"event_choices":[{"damage_healed":0,"gold_gain":0,"cards_transformed":["Runesmith:Strike_RS"],"player_choice":"Transformed","damage_taken":0,"max_hp_gain":0,"max_hp_loss":0,"event_name":"Transmorgrifier","floor":2,"gold_loss":0,"cards_obtained":["Runesmith:ReplicatingBarrier"]},{"damage_healed":0,"gold_gain":0,"player_choice":"Take Damage","damage_taken":17,"relics_obtained":["Golden Idol"],"max_hp_gain":0,"max_hp_loss":0,"event_name":"Golden Idol","floor":5,"gold_loss":0}],"is_beta":false,"boss_relics":[],"items_purged_floors":[],"is_endless":false,"potions_floor_spawned":[6,7],"killed_by":"Gremlin Nob","ascension_level":0}}