{"host":"1a3cjta80tad0aqj","time":1610605544,"event":{"mods":["2.2 Compatiblity","AchievementEnabler","BaseMod","Colored Map","DeckTracker","KOR Keyword Fix","Keyboard Shortcuts","Minty Spire (QoL Compilation)","Permanent Neow","Quick Restart","Random Character Button","StSLib","SuperFastMode","everything is the same but u backflip on backflip"],"gold_per_floor":[114,129,144,159,84,114,129,144,169,169,184,184,31,46,46,146,146,161,161,176,191,41,41,56,56,81,81,96,195,195,225,225,325,325,340,355,370,385,400,400,430,430,480,495,510,535,110,110,110,110],"floor_reached":51,"language":"KOR","playtime":3294,"items_purged":["Concentrate","Reflex"],"score":782,"play_id":"cbdc8b42-3da9-4541-a70d-f02e0cd6c4cd","local_time":"20210114152544","daily_mods":["Insanity","Uncertain Future","Binary"],"is_ascension_mode":false,"campfire_choices":[{"floor":12.0,"key":"REST"},{"data":"Adrenaline","floor":15.0,"key":"SMITH"},{"data":"Sucker Punch","floor":23.0,"key":"SMITH"},{"floor":27.0,"key":"REST"},{"data":"Skewer","floor":32.0,"key":"SMITH"},{"floor":40.0,"key":"REST"},{"floor":42.0,"key":"REST"},{"floor":49.0,"key":"REST"}],"circlet_count":0,"master_deck":["Dash","Sucker Punch+1","Accuracy","Distraction","Deadly Poison","Terror","Poisoned Stab","Distraction","Backstab","Blade Dance","Dagger Throw","Dodge and Roll","Crippling Poison","Distraction","Dash","Skewer+1","Expertise","Deflect","Heel Hook","Deadly Poison","Deflect","Acrobatics","PiercingWail","Dodge and Roll","Distraction","Dodge and Roll","Cloak And Dagger","Outmaneuver","Leg Sweep","Prepared","Catalyst","Blade Dance","Flying Knee","Acrobatics","Prepared","All Out Attack","Backflip","Predator","Dagger Spray","Catalyst","Slice","Tactician","Eviscerate","PiercingWail","Well Laid Plans","Deadly Poison","Adrenaline+1","Calculated Gamble","Venomology","Deadly Poison+1","Backflip","Noxious Fumes","Die Die Die","CurseOfTheBell","Backstab+1"],"relics":["Ring of the Snake","Regal Pillow","Oddly Smooth Stone","Smiling Mask","SacredBark","Ancient Tea Set","Strawberry","Calling Bell","Bag of Preparation","Letter Opener","Gambling Chip","Snake Skull","Lantern","Potion Belt","TungstenRod"],"acts_visited":["TheCity","TheBeyond"],"potions_floor_usage":[50,50,50,50],"damage_taken":[{"damage":2.0,"enemies":"Cultist","floor":1.0,"turns":3.0},{"damage":3.0,"enemies":"2 Louse","floor":2.0,"turns":2.0},{"damage":4.0,"enemies":"Small Slimes","floor":3.0,"turns":2.0},{"damage":3.0,"enemies":"Blue Slaver","floor":4.0,"turns":2.0},{"damage":18.0,"enemies":"Lagavulin","floor":6.0,"turns":5.0},{"damage":0.0,"enemies":"3 Louse","floor":7.0,"turns":2.0},{"damage":6.0,"enemies":"Gremlin Gang","floor":8.0,"turns":2.0},{"damage":1.0,"enemies":"Red Slaver","floor":11.0,"turns":2.0},{"damage":2.0,"enemies":"Blue Slaver","floor":14.0,"turns":3.0},{"damage":2.0,"enemies":"Slime Boss","floor":16.0,"turns":11.0},{"damage":0.0,"enemies":"Chosen","floor":18.0,"turns":5.0},{"damage":0.0,"enemies":"2 Thieves","floor":19.0,"turns":1.0},{"damage":13.0,"enemies":"Centurion and Healer","floor":20.0,"turns":7.0},{"damage":4.0,"enemies":"Snake Plant","floor":21.0,"turns":5.0},{"damage":28.0,"enemies":"Sentry and Sphere","floor":24.0,"turns":5.0},{"damage":5.0,"enemies":"Snecko","floor":28.0,"turns":5.0},{"damage":33.0,"enemies":"Slavers","floor":31.0,"turns":7.0},{"damage":57.0,"enemies":"Champ","floor":33.0,"turns":11.0},{"damage":0.0,"enemies":"3 Darklings","floor":35.0,"turns":2.0},{"damage":2.0,"enemies":"3 Shapes","floor":36.0,"turns":3.0},{"damage":18.0,"enemies":"Jaw Worm Horde","floor":37.0,"turns":6.0},{"damage":38.0,"enemies":"Spire Growth","floor":38.0,"turns":6.0},{"damage":39.0,"enemies":"Transient","floor":39.0,"turns":5.0},{"damage":31.0,"enemies":"Reptomancer","floor":41.0,"turns":5.0},{"damage":1.0,"enemies":"Sphere and 2 Shapes","floor":44.0,"turns":5.0},{"damage":0.0,"enemies":"Jaw Worm Horde","floor":45.0,"turns":3.0},{"damage":48,"enemies":"Donu and Deca","floor":50,"turns":7}],"seed_played":"-4891952413640654339","potions_obtained":[{"floor":1.0,"key":"Dexterity Potion"},{"floor":2.0,"key":"SteroidPotion"},{"floor":4.0,"key":"Poison Potion"},{"floor":7.0,"key":"SmokeBomb"},{"floor":24.0,"key":"Regen Potion"},{"floor":31.0,"key":"AttackPotion"},{"floor":35.0,"key":"Explosive Potion"},{"floor":36.0,"key":"Regen Potion"},{"floor":39.0,"key":"Fire Potion"},{"floor":41.0,"key":"PowerPotion"}],"is_trial":false,"path_per_floor":["M","M","M","M","$","E","M","M","T","?","M","R","$","M","R","B",null,"M","M","M","M","$","R","M","?","T","R","M","?","?","E","R","B",null,"M","M","M","M","M","R","E","R","T","M","M","T","$","?","R","B",null],"character_chosen":"THE_SILENT","items_purchased":["Venomology","Block Potion","Poison Potion","TungstenRod","CunningPotion","FearPotion"],"campfire_rested":5,"item_purchase_floors":[13,22,22,47,47,47],"current_hp_per_floor":[68,65,61,58,58,40,40,34,34,22,21,57,57,55,55,53,70,70,70,57,53,53,53,25,25,25,61,56,56,56,74,74,17,77,77,75,57,50,11,49,18,56,56,55,55,55,55,55,77,29],"gold":110,"neow_bonus":"","is_daily":true,"chose_seed":false,"campfire_upgraded":3,"win_rate":0.0,"timestamp":1610605544,"path_taken":["M","M","M","?","?","E","M","M","T","?","M","R","$","M","R","BOSS","M","M","M","M","$","R","M","?","T","R","M","?","?","E","R","BOSS","M","M","?","M","M","R","E","R","T","M","M","?","$","?","R","BOSS"],"items_purchased_type":["Card","Potion","Potion","Relic","Potion","Potion"],"build_version":"2020-12-22","purchased_purges":2,"victory":true,"max_hp_per_floor":[70,70,70,70,70,70,70,70,70,70,70,70,70,70,70,70,70,70,70,70,70,70,70,70,70,70,70,70,70,70,77,77,77,77,77,77,77,77,77,77,77,77,77,77,77,77,77,77,77,77],"card_choices":[{"not_picked":["Blade Dance","Dodge and Roll"],"picked":"SKIP","floor":1.0},{"not_picked":["Sucker Punch","PiercingWail"],"picked":"SKIP","floor":2.0},{"not_picked":["Acrobatics","Underhanded Strike"],"picked":"SKIP","floor":3.0},{"not_picked":["Flying Knee","Blade Dance"],"picked":"SKIP","floor":4.0},{"not_picked":["Flying Knee","Blade Dance"],"picked":"SKIP","floor":4.0},{"not_picked":["Finisher","PiercingWail"],"picked":"SKIP","floor":6.0},{"not_picked":["Dagger Throw","Crippling Poison"],"picked":"SKIP","floor":7.0},{"not_picked":["Prepared"],"picked":"Adrenaline","floor":8.0},{"not_picked":["Cloak And Dagger"],"picked":"Calculated Gamble","floor":11.0},{"not_picked":["Prepared","Calculated Gamble"],"picked":"SKIP","floor":14.0},{"not_picked":["Sucker Punch+1"],"picked":"Deadly Poison+1","floor":18.0},{"not_picked":["Outmaneuver","Unload"],"picked":"SKIP","floor":20.0},{"not_picked":["Sucker Punch","Prepared"],"picked":"SKIP","floor":21.0},{"not_picked":["Predator","Flying Knee"],"picked":"SKIP","floor":24.0},{"not_picked":["Blade Dance+1","Flying Knee"],"picked":"SKIP","floor":28.0},{"not_picked":["Infinite Blades"],"picked":"Noxious Fumes","floor":31.0},{"not_picked":["Night Terror"],"picked":"Die Die Die","floor":33.0},{"not_picked":["Quick Slash+1"],"picked":"Backstab+1","floor":35.0},{"not_picked":["Dodge and Roll","Masterful Stab+1"],"picked":"SKIP","floor":36.0},{"not_picked":["Calculated Gamble","Cloak And Dagger+1"],"picked":"SKIP","floor":37.0},{"not_picked":["Caltrops","Flying Knee"],"picked":"SKIP","floor":38.0},{"not_picked":["Quick Slash","Well Laid Plans+1"],"picked":"SKIP","floor":39.0},{"not_picked":["Poisoned Stab","Tactician"],"picked":"SKIP","floor":41.0},{"not_picked":["Leg Sweep+1","Deflect+1"],"picked":"SKIP","floor":44.0},{"not_picked":["Escape Plan","Crippling Poison"],"picked":"SKIP","floor":45.0}],"player_experience":308209,"relics_obtained":[{"floor":6.0,"key":"Regal Pillow"},{"floor":9.0,"key":"Oddly Smooth Stone"},{"floor":26.0,"key":"Ancient Tea Set"},{"floor":31.0,"key":"Strawberry"},{"floor":34.0,"key":"Bag of Preparation"},{"floor":34.0,"key":"Letter Opener"},{"floor":34.0,"key":"Gambling Chip"},{"floor":41.0,"key":"Snake Skull"},{"floor":43.0,"key":"Lantern"},{"floor":46.0,"key":"Potion Belt"}],"event_choices":[{"damage_healed":0.0,"max_hp_gain":0.0,"max_hp_loss":0.0,"gold_gain":0.0,"event_name":"Scrap Ooze","player_choice":"Success","floor":10.0,"gold_loss":0.0,"damage_taken":12.0,"relics_obtained":["Smiling Mask"]},{"damage_healed":0.0,"max_hp_gain":0.0,"max_hp_loss":0.0,"gold_gain":0.0,"event_name":"Ghosts","player_choice":"Ignored","floor":25.0,"gold_loss":0.0,"damage_taken":0.0},{"damage_healed":0.0,"max_hp_gain":0.0,"max_hp_loss":0.0,"gold_gain":99.0,"event_name":"Nest","player_choice":"Stole From Cult","floor":29.0,"gold_loss":0.0,"damage_taken":0.0},{"damage_healed":0.0,"max_hp_gain":0.0,"max_hp_loss":0.0,"gold_gain":0.0,"cards_transformed":["Acrobatics"],"event_name":"Transmorgrifier","player_choice":"Transformed","floor":30.0,"gold_loss":0.0,"damage_taken":0.0,"cards_obtained":["Backflip"]},{"cards_removed":["Bane"],"damage_healed":0.0,"max_hp_gain":0.0,"max_hp_loss":0.0,"gold_gain":0.0,"event_name":"Falling","player_choice":"Removed Attack","floor":48.0,"gold_loss":0.0,"damage_taken":0.0}],"is_beta":false,"boss_relics":[{"not_picked":["Sozu","Ectoplasm"],"picked":"SacredBark"},{"not_picked":["Empty Cage","SlaversCollar"],"picked":"Calling Bell"}],"items_purged_floors":[5,22],"is_endless":false,"potions_floor_spawned":[1,2,4,7,11,19,20,24,31,35,36,39,41],"ascension_level":0}}