{"host":"3qkmyeoym75lj4wn","time":1610659239,"event":{"mods":["2.2 Compatiblity","BaseMod","Block Reminder","Colored Powertips","Highlight Path","Minty Spire (QoL Compilation)","Permanent Neow","Potion Indicator Mod","Rare Cards Sparkle","Relic Stats","StSLib","Unceasing Turn Reminder"],"gold_per_floor":[114,126,137,84,101,134,152,152,200,200,252,265,265,299,299,374,374,394,370,340,131,74,74,88,88,113,145,163,163,163,194,194,270,270,287,287,111,129,182,182,14,24,24,24,56,72,0,13,13,13,13,13,13,13,44,44,44],"floor_reached":56,"language":"ENG","playtime":2727,"items_purged":["Strike_B"],"score":1850,"play_id":"5133fe49-726e-4c2c-8ae1-c164b33f1267","local_time":"20210114212039","is_ascension_mode":true,"campfire_choices":[{"data":"Defragment","floor":10.0,"key":"SMITH"},{"floor":13.0,"key":"REST"},{"data":"Zap","floor":15.0,"key":"SMITH"},{"data":"Consume","floor":23.0,"key":"SMITH"},{"data":"Seek","floor":25.0,"key":"SMITH"},{"floor":29.0,"key":"REST"},{"floor":32.0,"key":"REST"},{"floor":40.0,"key":"RECALL"},{"data":"Capacitor","floor":44.0,"key":"SMITH"},{"data":"Fission","floor":49.0,"key":"SMITH"},{"data":"Defragment","floor":53,"key":"SMITH"}],"circlet_count":0,"master_deck":["AscendersBane","Strike_B","Strike_B","Strike_B","Defend_B","Defend_B","Defend_B","Defend_B","Zap+1","Dualcast","Cold Snap","Ball Lightning","Go for the Eyes","Steam","Leap","Defragment+1","Seek+1","Capacitor+1","Capacitor+1","Consume+1","Ball Lightning","Ball Lightning","Genetic Algorithm","Leap+1","Fission+1","Defragment+1","Cold Snap","Hologram","Steam"],"relics":["FrozenCore","Blood Vial","Letter Opener","Akabeko","Bronze Scales","HornCleat","Omamori","Art of War","Oddly Smooth Stone","MealTicket","Busted Crown","TungstenRod","Medical Kit","Shuriken","Red Mask","Vajra"],"acts_visited":["Exordium","TheCity","TheBeyond","TheEnding"],"potions_floor_usage":[],"damage_taken":[{"damage":1.0,"enemies":"Cultist","floor":1.0,"turns":3.0},{"damage":5.0,"enemies":"Jaw Worm","floor":2.0,"turns":4.0},{"damage":0.0,"enemies":"Small Slimes","floor":3.0,"turns":2.0},{"damage":20.0,"enemies":"Exordium Thugs","floor":5.0,"turns":5.0},{"damage":26.0,"enemies":"Gremlin Nob","floor":6.0,"turns":4.0},{"damage":9.0,"enemies":"3 Louse","floor":7.0,"turns":3.0},{"damage":2.0,"enemies":"Red Slaver","floor":12.0,"turns":3.0},{"damage":2.0,"enemies":"Lagavulin","floor":14.0,"turns":6.0},{"damage":14.0,"enemies":"Slime Boss","floor":16.0,"turns":9.0},{"damage":0.0,"enemies":"Chosen","floor":18.0,"turns":5.0},{"damage":14.0,"enemies":"2 Thieves","floor":19.0,"turns":4.0},{"damage":2.0,"enemies":"Snake Plant","floor":24.0,"turns":4.0},{"damage":15.0,"enemies":"Slavers","floor":27.0,"turns":4.0},{"damage":9.0,"enemies":"Shelled Parasite and Fungi","floor":28.0,"turns":5.0},{"damage":39.0,"enemies":"Gremlin Leader","floor":31.0,"turns":7.0},{"damage":16.0,"enemies":"Champ","floor":33.0,"turns":11.0},{"damage":8.0,"enemies":"Orb Walker","floor":35.0,"turns":3.0},{"damage":7.0,"enemies":"3 Shapes","floor":38.0,"turns":4.0},{"damage":30.0,"enemies":"2 Orb Walkers","floor":39.0,"turns":5.0},{"damage":0.0,"enemies":"Maw","floor":42.0,"turns":7.0},{"damage":0.0,"enemies":"Giant Head","floor":45.0,"turns":10.0},{"damage":5.0,"enemies":"Writhing Mass","floor":46.0,"turns":7.0},{"damage":0.0,"enemies":"4 Shapes","floor":48.0,"turns":6.0},{"damage":4.0,"enemies":"Donu and Deca","floor":50.0,"turns":15.0},{"damage":28.0,"enemies":"Time Eater","floor":51.0,"turns":19.0},{"damage":40,"enemies":"Shield and Spear","floor":55,"turns":9},{"damage":39,"enemies":"The Heart","floor":56,"turns":2}],"seed_played":"5483513602169432795","potions_obtained":[{"floor":3.0,"key":"SpeedPotion"},{"floor":5.0,"key":"Strength Potion"},{"floor":6.0,"key":"Weak Potion"},{"floor":14.0,"key":"BlessingOfTheForge"},{"floor":20.0,"key":"EntropicBrew"},{"floor":20.0,"key":"SneckoOil"},{"floor":24.0,"key":"AttackPotion"},{"floor":31.0,"key":"EntropicBrew"},{"floor":45.0,"key":"GamblersBrew"},{"floor":48.0,"key":"Block Potion"}],"is_trial":false,"path_per_floor":["M","M","M","?","M","E","M","?","T","R","T","M","R","E","R","B",null,"M","M","?","$","$","R","M","R","T","E","M","R","?","E","R","B",null,"M","?","$","M","?","R","$","M","T","R","E","M","?","M","R","B","B",null,"R","$","E","B"],"character_chosen":"DEFECT","items_purchased":["Consume","Omamori","Ball Lightning","Defragment","Cold Snap","Medical Kit"],"campfire_rested":3,"item_purchase_floors":[21,21,22,37,37,41],"current_hp_per_floor":[65,62,64,64,46,22,15,15,15,15,15,15,36,36,36,24,59,61,49,49,49,49,49,49,49,49,36,29,50,81,42,66,52,74,68,68,77,70,42,42,57,59,59,59,61,58,58,60,60,58,32,66,66,77,37,0,0],"gold":44,"neow_bonus":"RANDOM_COMMON_RELIC","is_daily":false,"chose_seed":false,"campfire_upgraded":7,"win_rate":0.0,"timestamp":1610659239,"path_taken":["M","M","M","?","M","E","M","?","T","R","?","M","R","E","R","BOSS","M","?","?","?","$","R","M","R","T","E","M","R","?","E","R","BOSS","M","?","$","M","?","R","?","?","T","R","E","M","?","M","R","BOSS","BOSS","R","$","E","BOSS"],"items_purchased_type":["Card","Relic","Card","Card","Card","Relic"],"build_version":"2020-12-22","purchased_purges":1,"victory":false,"max_hp_per_floor":[71,71,71,71,71,71,71,71,71,71,71,71,71,71,71,71,71,71,71,71,71,71,71,71,71,71,71,71,71,81,81,81,81,81,81,77,77,77,77,77,77,77,77,77,77,77,77,77,77,77,77,77,77,77,77,77,77],"relic_stats":{"Blood Vial":48,"Busted Crown":16,"counters":[27,166],"Shuriken":[11],"Bronze Scales":[444],"MealTicket":35,"Art of War":[22],"Letter Opener":[266],"Medical Kit":[7],"obtain_stats":[{"Oddly Smooth Stone":27,"Vajra":55,"Omamori":21,"Letter Opener":6,"Medical Kit":41,"Akabeko":9,"FrozenCore":17,"Blood Vial":0,"HornCleat":14,"Busted Crown":34,"Shuriken":45,"Bronze Scales":11,"MealTicket":31,"Art of War":26,"Red Mask":47,"Cracked Core":0,"TungstenRod":39},{"Oddly Smooth Stone":13,"Vajra":26,"Omamori":11,"Letter Opener":5,"Medical Kit":19,"Akabeko":6,"FrozenCore":9,"Blood Vial":0,"HornCleat":8,"Busted Crown":16,"Shuriken":21,"Bronze Scales":6,"MealTicket":15,"Art of War":12,"Red Mask":22,"Cracked Core":0,"TungstenRod":19},{"Oddly Smooth Stone":56,"Vajra":164,"Omamori":48,"Letter Opener":18,"Medical Kit":91,"Akabeko":21,"FrozenCore":39,"Blood Vial":0,"HornCleat":30,"Busted Crown":79,"Shuriken":108,"Bronze Scales":21,"MealTicket":68,"Art of War":52,"Red Mask":115,"Cracked Core":0,"TungstenRod":91}],"TungstenRod":14,"FrozenCore":[68]},"card_choices":[{"not_picked":["Melter","Turbo"],"picked":"Cold Snap","floor":1.0},{"not_picked":["Go for the Eyes","Coolheaded"],"picked":"Ball Lightning","floor":2.0},{"not_picked":["Meteor Strike","Static Discharge"],"picked":"Go for the Eyes","floor":3.0},{"not_picked":["Hologram","Go for the Eyes"],"picked":"Steam","floor":5.0},{"not_picked":["Tempest","Streamline"],"picked":"Leap","floor":6.0},{"not_picked":["Go for the Eyes","Sweeping Beam"],"picked":"Defragment","floor":7.0},{"not_picked":["Meteor Strike","Chaos","Hologram"],"picked":"SKIP","floor":12.0},{"not_picked":["Reprogram","Sweeping Beam"],"picked":"Machine Learning","floor":14.0},{"not_picked":["Meteor Strike","Rainbow"],"picked":"Seek","floor":16.0},{"not_picked":["Conserve Battery","Leap"],"picked":"Capacitor+1","floor":18.0},{"not_picked":["Hello World","Sunder"],"picked":"Capacitor","floor":19.0},{"not_picked":["Capacitor","FTL"],"picked":"Ball Lightning","floor":24.0},{"not_picked":["Scrape","Compile Driver"],"picked":"Genetic Algorithm","floor":27.0},{"not_picked":["Gash","Barrage"],"picked":"Leap+1","floor":28.0},{"not_picked":["Echo Form","Hyperbeam","Beam Cell"],"picked":"SKIP","floor":31.0},{"not_picked":["Core Surge","Rainbow"],"picked":"Fission","floor":33.0},{"not_picked":["Turbo"],"picked":"SKIP","floor":35.0},{"not_picked":["Streamline"],"picked":"SKIP","floor":38.0},{"not_picked":["Ball Lightning"],"picked":"SKIP","floor":42.0},{"not_picked":[],"picked":"Hologram","floor":45.0},{"not_picked":["Doom and Gloom"],"picked":"SKIP","floor":46.0},{"not_picked":["Beam Cell"],"picked":"SKIP","floor":48.0},{"not_picked":[],"picked":"Steam","floor":55}],"player_experience":1675393,"relics_obtained":[{"floor":6.0,"key":"Letter Opener"},{"floor":9.0,"key":"Akabeko"},{"floor":11.0,"key":"Bronze Scales"},{"floor":14.0,"key":"HornCleat"},{"floor":26.0,"key":"Art of War"},{"floor":27.0,"key":"Oddly Smooth Stone"},{"floor":31.0,"key":"MealTicket"},{"floor":39.0,"key":"TungstenRod"},{"floor":45.0,"key":"Shuriken"},{"floor":55,"key":"Vajra"}],"event_choices":[{"damage_healed":0.0,"max_hp_gain":0.0,"max_hp_loss":0.0,"gold_gain":0.0,"event_name":"World of Goop","player_choice":"Left Gold","floor":4.0,"gold_loss":53.0,"damage_taken":0.0},{"damage_healed":0.0,"max_hp_gain":0.0,"max_hp_loss":0.0,"gold_gain":0.0,"event_name":"Shining Light","player_choice":"Ignored","floor":8.0,"gold_loss":0.0,"damage_taken":0.0},{"damage_healed":0.0,"max_hp_gain":0.0,"max_hp_loss":0.0,"gold_gain":0.0,"event_name":"The Woman in Blue","player_choice":"Bought 2 Potions","floor":20.0,"gold_loss":0.0,"damage_taken":0.0},{"cards_removed":["Machine Learning"],"damage_healed":21.0,"max_hp_gain":10.0,"max_hp_loss":0.0,"gold_gain":0.0,"event_name":"Bonfire Elementals","player_choice":"Offered Rare","floor":30.0,"gold_loss":0.0,"damage_taken":0.0},{"damage_healed":0.0,"max_hp_gain":0.0,"max_hp_loss":4.0,"gold_gain":0.0,"event_name":"Winding Halls","player_choice":"Max HP","floor":36.0,"gold_loss":0.0,"damage_taken":0.0},{"damage_healed":0.0,"max_hp_gain":0.0,"max_hp_loss":0.0,"gold_gain":0.0,"event_name":"Mysterious Sphere","player_choice":"Fight","floor":39.0,"gold_loss":0.0,"damage_taken":0.0},{"damage_healed":0.0,"max_hp_gain":0.0,"max_hp_loss":0.0,"gold_gain":0.0,"event_name":"Tomb of Lord Red Mask","player_choice":"Paid","floor":47.0,"gold_loss":72.0,"damage_taken":0.0,"relics_obtained":["Red Mask"]}],"is_beta":false,"boss_relics":[{"not_picked":["Snecko Eye","Runic Dome"],"picked":"FrozenCore"},{"not_picked":["Empty Cage","Black Star"],"picked":"Busted Crown"}],"items_purged_floors":[37],"is_endless":false,"potions_floor_spawned":[3,5,6,14,24,28,31,38,45,48],"killed_by":"The Heart","ascension_level":20}}