{"host":"ibonnlq6s1c814xj","time":1610601326,"event":{"mods":["BaseMod","BetterRewards","Good Game Mod","Minty Spire (QoL Compilation)","Shop Mod","【功能Mod】聪明的最终Boss"],"gold_per_floor":[114,389,403,403,228,253,253,273,273,283,1,1,37,107,107,107,107],"floor_reached":16,"language":"ZHS","playtime":997,"items_purged":["Strike_G","Regret","Sucker Punch"],"score":113,"play_id":"e3a92049-4a9d-404d-b92a-10770bd428e0","local_time":"20210114131526","is_ascension_mode":true,"campfire_choices":[{"floor":7,"key":"REST"},{"floor":15,"key":"REST"}],"circlet_count":0,"master_deck":["Strike_G","Strike_G","Strike_G","Strike_G","Defend_G","Defend_G","Defend_G","Defend_G","Defend_G","Survivor","Neutralize","Well Laid Plans","Deflect","Prepared","Burst","Poisoned Stab","Poisoned Stab","Crippling Poison"],"relics":["Ring of the Snake","REME:ComplimentaryCards","TwistedFunnel","Orichalcum","MerchantsRug","Meat on the Bone","Golden Idol","Question Card","Bag of Preparation"],"acts_visited":["Exordium"],"potions_floor_usage":[6,13],"damage_taken":[{"damage":0,"enemies":"2 Louse","floor":1,"turns":2},{"damage":1,"enemies":"Cultist","floor":3,"turns":4},{"damage":45,"enemies":"Lagavulin","floor":6,"turns":13},{"damage":0,"enemies":"Jaw Worm","floor":8,"turns":3},{"damage":9,"enemies":"Lots of Slimes","floor":10,"turns":2},{"damage":8,"enemies":"3 Sentries","floor":13,"turns":11},{"damage":15,"enemies":"Gremlin Nob","floor":14,"turns":5},{"damage":45,"enemies":"Slime Boss","floor":16,"turns":8}],"seed_played":"2256119287267501781","potions_obtained":[{"floor":1,"key":"PowerPotion"},{"floor":4,"key":"EssenceOfSteel"},{"floor":4,"key":"Block Potion"},{"floor":10,"key":"GhostInAJar"},{"floor":13,"key":"FearPotion"}],"is_trial":false,"path_per_floor":["M","?","M","?","$","E","R","M","T","M","$","?","E","?","R","B"],"character_chosen":"THE_SILENT","items_purchased":["Well Laid Plans","TwistedFunnel","Orichalcum","Deflect","MerchantsRug","Crippling Poison","Meat on the Bone"],"campfire_rested":2,"item_purchase_floors":[0,0,0,0,5,11,11],"current_hp_per_floor":[49,49,48,48,48,3,24,24,24,15,15,15,19,16,35,0,0],"gold":107,"neow_bonus":"","is_daily":false,"chose_seed":false,"campfire_upgraded":0,"win_rate":0.0,"timestamp":1610601326,"path_taken":["M","?","?","?","$","E","R","M","T","?","$","?","E","?","R","BOSS"],"items_purchased_type":["Card","Relic","Relic","Card","Relic","Card","Relic"],"build_version":"2020-12-22","purchased_purges":3,"victory":false,"max_hp_per_floor":[70,70,70,70,70,70,70,70,70,70,70,65,65,65,65,65,65],"card_choices":[{"not_picked":["PiercingWail","Dodge and Roll"],"picked":"Prepared","floor":1},{"not_picked":["Caltrops","Crippling Poison"],"picked":"Sucker Punch","floor":3},{"not_picked":["Outmaneuver","Cloak And Dagger"],"picked":"Poisoned Stab","floor":6},{"not_picked":["Outmaneuver","All Out Attack"],"picked":"Poisoned Stab","floor":8},{"not_picked":["PiercingWail","Endless Agony","Burst"],"picked":"SKIP","floor":10},{"not_picked":["Blade Dance","Dash","Well Laid Plans"],"picked":"SKIP","floor":13}],"player_experience":191613,"relics_obtained":[{"floor":6,"key":"Shuriken"},{"floor":9,"key":"Gremlin Horn"},{"floor":13,"key":"Question Card"},{"floor":14,"key":"Bag of Preparation"}],"event_choices":[{"damage_healed":0,"gold_gain":275,"player_choice":"Desecrate","damage_taken":0,"max_hp_gain":0,"max_hp_loss":0,"event_name":"Golden Shrine","floor":2,"gold_loss":0,"cards_obtained":["Regret"]},{"damage_healed":0,"gold_gain":0,"player_choice":"Got Potions","damage_taken":0,"max_hp_gain":0,"max_hp_loss":0,"event_name":"Lab","floor":4,"gold_loss":0},{"damage_healed":0,"gold_gain":0,"player_choice":"Lose Max HP","damage_taken":0,"relics_obtained":["Golden Idol"],"max_hp_gain":0,"max_hp_loss":5,"event_name":"Golden Idol","floor":12,"gold_loss":0},{"damage_healed":0,"gold_gain":30,"player_choice":"Searched \u00273\u0027 times","damage_taken":0,"max_hp_gain":0,"max_hp_loss":0,"event_name":"Dead Adventurer","floor":14,"gold_loss":0}],"is_beta":false,"boss_relics":[],"items_purged_floors":[0,5,11],"is_endless":false,"potions_floor_spawned":[1,10,13],"killed_by":"Slime Boss","ascension_level":1}}