{"host":"l97fnvmr74b5xfzs","time":1610658481,"event":{"mods":["AchievementEnabler","BaseMod","Better Third Choice","Downfall","Evolution","Minty Spire (QoL Compilation)","Relic Stats","StSLib"],"gold_per_floor":[99,109,124,136,136,136,136,136,166,16,32,32,32,17,31,31,31,31],"floor_reached":16,"language":"ENG","playtime":1120,"items_purged":[],"score":150,"play_id":"67034047-3d93-47bb-ad8d-d4808b8852ef","local_time":"20210114160801","is_ascension_mode":false,"campfire_choices":[{"floor":1,"key":"RECALL"},{"data":"champ:GladiatorStyle","floor":6,"key":"SMITH"},{"data":"champ:Riposte","floor":8,"key":"SMITH"},{"data":"champ:ArenaPreparation","floor":13,"key":"SMITH"}],"circlet_count":0,"master_deck":["champ:FlashCut","champ:Strike","champ:Strike","champ:Strike","champ:Defend","champ:Defend","champ:Defend","champ:Defend","champ:Execute","champ:Taunt","champ:GladiatorStyle+1","champ:Riposte+1","champ:FanOfKnives","champ:RecklessLeap","champ:Circumvent","champ:ArenaPreparation+1","champ:IronFortress","champ:BerserkerStyle","champ:Encircle"],"relics":["champ:ChampionCrown","EVO:Axolotl","Strawberry","Pear","Prayer Wheel"],"acts_visited":["Exordium"],"potions_floor_usage":[16],"damage_taken":[{"damage":16,"enemies":"Jaw Worm","floor":2,"turns":3},{"damage":5,"enemies":"Small Slimes","floor":3,"turns":3},{"damage":5,"enemies":"Cultist","floor":4,"turns":3},{"damage":16,"enemies":"Lagavulin","floor":9,"turns":6},{"damage":15,"enemies":"Blue Slaver","floor":11,"turns":3},{"damage":43,"enemies":"downfall:FleeingMerchant","floor":14,"turns":4},{"damage":25,"enemies":"Large Slime","floor":15,"turns":5},{"damage":111,"enemies":"downfall:Defect","floor":16,"turns":6}],"seed_played":"-7414129721810961293","potions_obtained":[{"floor":3,"key":"Dexterity Potion"},{"floor":15,"key":"SteroidPotion"}],"is_trial":false,"path_per_floor":["R","M","M","M","?","R","T","R","E","?","M","?","R","$","M","B"],"character_chosen":"THE_CHAMP","items_purchased":[],"campfire_rested":0,"item_purchase_floors":[],"current_hp_per_floor":[97,86,86,86,80,80,80,80,67,117,110,115,115,110,108,0,0,0],"gold":31,"neow_bonus":"RANDOM_COMMON_RELIC","is_daily":false,"chose_seed":false,"campfire_upgraded":3,"win_rate":0.0,"timestamp":1610658481,"path_taken":["R","M","M","M","?","R","T","R","E","?","?","?","R","$","M","BOSS"],"items_purchased_type":[],"build_version":"2020-12-22","purchased_purges":0,"victory":false,"max_hp_per_floor":[97,97,97,97,107,107,107,107,107,117,117,122,122,122,122,122,122,122],"relic_stats":{"counters":[8,33],"Prayer Wheel":2,"obtain_stats":[{"Pear":5,"Strawberry":0,"champ:ChampionCrown":0,"Prayer Wheel":9,"EVO:Axolotl":0},{"Pear":3,"Strawberry":0,"champ:ChampionCrown":0,"Prayer Wheel":4,"EVO:Axolotl":0},{"Pear":9,"Strawberry":0,"champ:ChampionCrown":0,"Prayer Wheel":15,"EVO:Axolotl":0}]},"card_choices":[{"not_picked":["champ:PerfectedStrike","champ:Haymaker"],"picked":"champ:GladiatorStyle","floor":2},{"not_picked":["champ:Circumvent","champ:DefensiveShout"],"picked":"champ:Riposte","floor":3},{"not_picked":["champ:FightOn","champ:CrookedStrike"],"picked":"champ:FanOfKnives","floor":4},{"not_picked":["champ:TornadoPunch","champ:GutPunch"],"picked":"champ:RecklessLeap","floor":9},{"not_picked":["champ:CrookedStrike","champ:DefensiveShout"],"picked":"champ:Circumvent","floor":11},{"not_picked":["champ:GladiatorsShout","champ:DefensiveShout"],"picked":"champ:ArenaPreparation","floor":11},{"not_picked":["champ:Lariat","champ:FalseCounter"],"picked":"champ:IronFortress","floor":14},{"not_picked":["champ:CheapShot","champ:GladiatorsShout"],"picked":"champ:BerserkerStyle","floor":15},{"not_picked":["champ:Haymaker","champ:RapidStrikes"],"picked":"champ:Encircle","floor":15}],"player_experience":307728,"relics_obtained":[{"floor":9,"key":"Prayer Wheel"}],"event_choices":[{"damage_healed":0,"gold_gain":0,"player_choice":"Relic ","damage_taken":16,"max_hp_gain":0,"max_hp_loss":0,"event_name":"betterThird:BetterScrap","floor":5,"gold_loss":0,"cards_obtained":["Sunder"]},{"damage_healed":0,"gold_gain":0,"player_choice":"Donut","damage_taken":0,"max_hp_gain":5,"max_hp_loss":0,"event_name":"Big Fish","floor":12,"gold_loss":0}],"is_beta":false,"boss_relics":[],"items_purged_floors":[],"is_endless":false,"potions_floor_spawned":[3,15],"killed_by":"downfall:Defect","ascension_level":0}}