{"host":"t7mx8yfj1no5p62f","time":1610606726,"event":{"mods":["BaseMod","Bestiary","Colored Map","Colored Powertips","Minty Spire (QoL Compilation)","Relic Stats","StSLib","ojb\u0027s Info Mod"],"gold_per_floor":[119,129,144,25,41,41,68,68,95,121,139,139,152,172,172,172,172],"floor_reached":16,"language":"ENG","playtime":334,"items_purged":[],"score":228,"play_id":"5cc24cfa-7dba-4c5f-8b88-c6b50a62b5de","local_time":"20210114014526","is_ascension_mode":true,"campfire_choices":[{"data":"Sucker Punch","floor":6,"key":"SMITH"},{"data":"Dagger Spray","floor":8,"key":"SMITH"},{"data":"Deadly Poison","floor":12,"key":"SMITH"},{"data":"Dash","floor":15,"key":"SMITH"}],"circlet_count":0,"master_deck":["AscendersBane","Strike_G","Strike_G","Strike_G","Strike_G","Strike_G","Defend_G","Defend_G","Defend_G","Defend_G","Defend_G","Survivor","Neutralize","Deadly Poison+1","Flechettes","Sucker Punch+1","Dagger Spray+1","Dash+1","Deflect"],"relics":["Ring of the Snake","NeowsBlessing","Strawberry","Vajra","Akabeko","Shovel"],"acts_visited":["Exordium"],"potions_floor_usage":[7,16],"damage_taken":[{"damage":0,"enemies":"2 Louse","floor":1,"turns":1},{"damage":0,"enemies":"Cultist","floor":2,"turns":1},{"damage":0,"enemies":"Small Slimes","floor":3,"turns":1},{"damage":0,"enemies":"2 Fungi Beasts","floor":5,"turns":4},{"damage":25,"enemies":"Lagavulin","floor":7,"turns":10},{"damage":24,"enemies":"Gremlin Nob","floor":10,"turns":4},{"damage":5,"enemies":"Gremlin Gang","floor":11,"turns":3},{"damage":0,"enemies":"Looter","floor":13,"turns":1},{"damage":0,"enemies":"2 Fungi Beasts","floor":14,"turns":1},{"damage":26,"enemies":"The Guardian","floor":16,"turns":4}],"seed_played":"4171449675012795887","potions_obtained":[{"floor":3,"key":"CunningPotion"},{"floor":7,"key":"Regen Potion"},{"floor":11,"key":"Strength Potion"}],"is_trial":false,"path_per_floor":["M","M","M","?","M","R","E","R","T","E","M","R","M","M","R","B"],"character_chosen":"THE_SILENT","items_purchased":[],"campfire_rested":0,"item_purchase_floors":[],"current_hp_per_floor":[59,59,59,66,66,66,41,41,41,17,12,12,12,12,12,0,0],"gold":172,"neow_bonus":"THREE_ENEMY_KILL","is_daily":false,"chose_seed":false,"campfire_upgraded":4,"win_rate":0.0,"timestamp":1610606726,"path_taken":["M","M","M","?","M","R","E","R","T","E","M","R","M","?","R","BOSS"],"items_purchased_type":[],"build_version":"2020-12-22","purchased_purges":0,"victory":false,"max_hp_per_floor":[66,66,66,73,73,73,73,73,73,73,73,73,73,73,73,73,73],"relic_stats":{"Shovel":0,"counters":[10,30],"obtain_stats":[{"Shovel":10,"NeowsBlessing":0,"Strawberry":4,"Vajra":7,"Akabeko":9,"Ring of the Snake":0},{"Shovel":6,"NeowsBlessing":0,"Strawberry":3,"Vajra":5,"Akabeko":5,"Ring of the Snake":0},{"Shovel":21,"NeowsBlessing":0,"Strawberry":3,"Vajra":17,"Akabeko":17,"Ring of the Snake":0}],"Ring of the Snake":[20]},"card_choices":[{"not_picked":["Caltrops","Finisher"],"picked":"Deadly Poison","floor":1},{"not_picked":["Concentrate","Outmaneuver","Deflect"],"picked":"SKIP","floor":2},{"not_picked":["Reflex","Riddle With Holes"],"picked":"Flechettes","floor":3},{"not_picked":["Dodge and Roll","Accuracy"],"picked":"Sucker Punch","floor":5},{"not_picked":["Setup","Masterful Stab"],"picked":"Dagger Spray","floor":7},{"not_picked":["Skewer","Flechettes"],"picked":"Dash","floor":10},{"not_picked":["Sucker Punch","Accuracy","Bane"],"picked":"SKIP","floor":11},{"not_picked":["Acrobatics","Quick Slash"],"picked":"Deflect","floor":13},{"not_picked":["Finisher","Dodge and Roll","Dagger Throw"],"picked":"SKIP","floor":14}],"player_experience":1765323,"relics_obtained":[{"floor":7,"key":"Vajra"},{"floor":9,"key":"Akabeko"},{"floor":10,"key":"Shovel"}],"event_choices":[{"damage_healed":0,"gold_gain":0,"player_choice":"Paid Gold","damage_taken":0,"relics_obtained":["Strawberry"],"max_hp_gain":0,"max_hp_loss":0,"event_name":"WeMeetAgain","floor":4,"gold_loss":119}],"is_beta":false,"boss_relics":[],"items_purged_floors":[],"is_endless":false,"potions_floor_spawned":[3,7,11,13],"killed_by":"The Guardian","ascension_level":20}}