{"host":"h5acbxt0wmjo1kpm","time":1610613011,"event":{"mods":["2.2 Compatiblity","Act Like it!","AlwaysNeverKeys","Aspiration","Bard","Bartender","BaseMod","Better Third Choice","Colored Map","Elementarium","Gensokyo","GifTheSpireLib","Hallownest","Marisa????????","Menagerie","Minty Spire (QoL Compilation)","Permanent Neow","Potionbrewer","Relic Filter","Replay The Spire","Robot Space Explorer","RumiaBox-????????","Shade Mod","Spicy Shops","StSLib","Strawberry Spire","The Blackbeard","The Dragon Tamer","The Gatherer","The Hayseed","The Problem Sleuth","The Servant 0.9.4","Wandering Minibosses","vexMod"],"gold_per_floor":[134,134,169,172,159,159,159,159,159,159,171,171,183,279,279,355,355,365,138,138,138,138,172,172,206,206,13,52,52,87,123,123,220,220,260,260,260,39,39,39,98,133,133,193,231,231,250,285,285,285,285,285,129,205,205],"floor_reached":56,"language":"ENG","playtime":3742,"items_purged":["Decay"],"score":1919,"play_id":"848d1b43-b6d9-4edf-b098-5b9f22c977dd","local_time":"20210114003011","is_ascension_mode":true,"campfire_choices":[{"data":"HandOfGreed","floor":6.0,"key":"SMITH"},{"data":"Menagerie:Slaughter","floor":8.0,"key":"SMITH"},{"data":"Bash","floor":10.0,"key":"SMITH"},{"floor":12.0,"key":"REST"},{"data":"Dark Embrace","floor":15.0,"key":"SMITH"},{"floor":29.0,"key":"REST"},{"data":"Midas Touch","floor":32.0,"key":"SMITH"},{"data":"Limit Break","floor":40.0,"key":"SMITH"},{"floor":46.0,"key":"RECALL"},{"data":"Inflame","floor":49.0,"key":"SMITH"},{"data":"Limit Break","floor":52.0,"key":"SMITH"}],"circlet_count":0,"master_deck":["AscendersBane","Strike_R","Defend_R","Defend_R","Defend_R","Bash+1","HandOfGreed+1","Battle Trance","Heavy Blade","Shrug It Off","Menagerie:Slaughter+1","strawberrySpire:CrashLanding+1","Limit Break+1","Dark Embrace+1","strawberrySpire:DraftPunk","Immolate","Headbutt","strawberrySpire:JustAWound","Menagerie:Slaughter+1","Clothesline+1","True Grit+1","Midas Touch+1","Inflame+1","Juggernaut","strawberrySpire:DraftPunk","strawberrySpire:Beatdown","strawberrySpire:DangerMountain+1","strawberrySpire:Aggression+1","ReplayTheSpireMod:LeadingStrike+1","ReplayTheSpireMod:Stacked+1","Gensokyo:LifeforceConverter","Demonic Infusion","Limit Break+1","Dark Embrace","ReplayTheSpireMod:Strike From Hell","Evolve","Shockwave"],"relics":["Baka","strawberrySpire:DirtyLipstick","wanderingMiniBosses:ThiefScarf","Burning Blood","Mark of Pain","OrangePellets","Blue Candle","StrikeDummy","MagicDraw1","Mango","Elementarium:ElementariumTrophy","Astrolabe","Ring of Fury","Ring of Panic","Replay:Rubber Ducky","Pocketwatch","Another Sword","Eternal Feather","Lizard Tail"],"acts_visited":["Menagerie:Menagerie","Elementarium:Elementarium","Gensokyo:Gensokyoest","TheEnding"],"potions_floor_usage":[55,55],"damage_taken":[{"damage":9.0,"enemies":"Menagerie:MonstrousExperiment","floor":1.0,"turns":6.0},{"damage":5.0,"enemies":"Menagerie:WhisperingWraith","floor":3.0,"turns":4.0},{"damage":5.0,"enemies":"Menagerie:StygianBoar","floor":4.0,"turns":6.0},{"damage":18.0,"enemies":"Menagerie:RedMage","floor":5.0,"turns":7.0},{"damage":25.0,"enemies":"Menagerie:KEEPER_AND_YOUNG_SUNEATER","floor":11.0,"turns":6.0},{"damage":5.0,"enemies":"Menagerie:3_RABBITS","floor":13.0,"turns":5.0},{"damage":9.0,"enemies":"Menagerie:STYGIAN_BOAR_AND_WHISPERING_WRAITH","floor":14.0,"turns":4.0},{"damage":18.0,"enemies":"Menagerie:Chimera","floor":16.0,"turns":11.0},{"damage":16.0,"enemies":"Elementarium:2_ELEMENTALS","floor":18.0,"turns":3.0},{"damage":0.0,"enemies":"Elementarium:VoidCorruption","floor":21.0,"turns":1.0},{"damage":28.0,"enemies":"Elementarium:WarGolem","floor":23.0,"turns":3.0},{"damage":31.0,"enemies":"Elementarium:ElementalPortal","floor":25.0,"turns":7.0},{"damage":5.0,"enemies":"Elementarium:CYCLONE_AND_ORB_OF_FIRE","floor":28.0,"turns":3.0},{"damage":6.0,"enemies":"Elementarium:3_ELEMENTALS","floor":30.0,"turns":2.0},{"damage":27.0,"enemies":"Elementarium:RubyGolem","floor":31.0,"turns":4.0},{"damage":27.0,"enemies":"Elementarium:GoldenDragon","floor":33.0,"turns":10.0},{"damage":14.0,"enemies":"Gensokyo:3_Boulders","floor":35.0,"turns":3.0},{"damage":36.0,"enemies":"Gensokyo:Doremy","floor":41.0,"turns":5.0},{"damage":0.0,"enemies":"Gensokyo:AncientGuardian","floor":42.0,"turns":1.0},{"damage":0.0,"enemies":"Gensokyo:Kasen","floor":44.0,"turns":3.0},{"damage":0.0,"enemies":"Gensokyo:Sharpion","floor":45.0,"turns":5.0},{"damage":31.0,"enemies":"Gensokyo:4_Bats","floor":47.0,"turns":4.0},{"damage":0.0,"enemies":"Gensokyo:SeedOfUnknown","floor":48.0,"turns":4.0},{"damage":22.0,"enemies":"Gensokyo:Yuyuko","floor":50.0,"turns":6.0},{"damage":19,"enemies":"Shield and Spear","floor":54,"turns":5},{"damage":11,"enemies":"The Heart","floor":55,"turns":5}],"seed_played":"-3694161775120244499","potions_obtained":[{"floor":1.0,"key":"potionbrewer:BoundlessPotion"},{"floor":2.0,"key":"potionbrewer:EndurancePotion"},{"floor":3.0,"key":"SteroidPotion"},{"floor":16.0,"key":"SmokeBomb"},{"floor":25.0,"key":"potionbrewer:SplittingPotion"},{"floor":30.0,"key":"PowerPotion"},{"floor":41.0,"key":"SkillPotion"},{"floor":44.0,"key":"FearPotion"},{"floor":47.0,"key":"Elixir"},{"floor":48.0,"key":"Block Potion"},{"floor":54,"key":"Swift Potion"}],"is_trial":false,"path_per_floor":["M","?","M","M","M","R","?","R","T","R","M","R","M","M","R","B",null,"M","$","?","M","?","E","?","E","T","$","M","R","M","M","R","B",null,"M","?","?","$","?","R","E","M","T","E","M","R","M","M","R","B",null,"R","$","E","B",null],"character_chosen":"IRONCLAD","items_purchased":["OrangePellets","strawberrySpire:JustAWound","Midas Touch","Replay:Rubber Ducky","Evolve"],"campfire_rested":2,"item_purchase_floors":[19,19,27,38,53],"current_hp_per_floor":[65,65,66,61,43,43,38,38,38,38,13,44,39,30,30,18,83,73,73,73,79,79,60,60,35,35,35,36,67,81,60,60,39,99,91,91,91,91,91,91,61,67,67,73,79,79,54,60,60,60,104,104,104,91,90],"gold":205,"neow_bonus":"RANDOM_COLORLESS_2","is_daily":false,"chose_seed":false,"campfire_upgraded":8,"win_rate":0.0,"timestamp":1610613011,"path_taken":["M","?","M","M","?","R","?","R","T","R","?","R","M","M","R","BOSS","M","$","?","M","?","E","?","E","T","$","M","R","M","M","R","BOSS","M","?","?","$","?","R","E","M","T","E","M","R","?","M","R","BOSS","R","$","E","BOSS"],"items_purchased_type":["Relic","Card","Card","Relic","Card"],"build_version":"2020-12-22","purchased_purges":1,"victory":true,"max_hp_per_floor":[75,75,105,105,105,105,105,105,105,105,105,105,105,105,105,105,105,105,105,105,105,105,105,105,105,105,105,105,105,119,119,119,119,119,119,119,119,119,119,119,119,119,119,119,119,119,119,119,119,119,119,119,119,119,119],"card_choices":[{"not_picked":["strawberrySpire:Dropbox","Apotheosis"],"picked":"HandOfGreed","floor":0.0},{"not_picked":["Thunderclap","Replay:Undeath\u0027s Touch"],"picked":"Battle Trance","floor":1.0},{"not_picked":["Replay:Undeath\u0027s Touch","Perfected Strike"],"picked":"Heavy Blade","floor":3.0},{"not_picked":["Heavy Blade","Iron Wave"],"picked":"Shrug It Off","floor":4.0},{"not_picked":["strawberrySpire:DebrisPile","Thunderclap"],"picked":"strawberrySpire:CrashLanding","floor":5.0},{"not_picked":["Clothesline","Infernal Blade"],"picked":"Limit Break","floor":11.0},{"not_picked":["ReplayTheSpireMod:Strike From Hell","Havoc"],"picked":"Dark Embrace","floor":13.0},{"not_picked":["Metallicize","strawberrySpire:Spite"],"picked":"strawberrySpire:DraftPunk","floor":14.0},{"not_picked":["Bludgeon","Fiend Fire"],"picked":"Immolate","floor":16.0},{"not_picked":["Perfected Strike","ReplayReversal"],"picked":"Headbutt","floor":18.0},{"not_picked":["Iron Wave","strawberrySpire:DraftPunk"],"picked":"Clothesline+1","floor":23.0},{"not_picked":["strawberrySpire:DraftPunk","Reckless Charge"],"picked":"True Grit+1","floor":25.0},{"not_picked":["Burning Pact","Run Through"],"picked":"Inflame","floor":28.0},{"not_picked":["strawberrySpire:JustAWound","Combust"],"picked":"Juggernaut","floor":30.0},{"not_picked":["Clash","Pummel"],"picked":"strawberrySpire:DraftPunk","floor":31.0},{"not_picked":["Eclipse","Brutality"],"picked":"strawberrySpire:Beatdown","floor":33.0},{"not_picked":["Thunderclap","Combust+1"],"picked":"ReplayTheSpireMod:Stacked+1","floor":35.0},{"not_picked":["Iron Wave","Wild Strike","Anger"],"picked":"SKIP","floor":41.0},{"not_picked":["Cleave","Run Through"],"picked":"Demonic Infusion","floor":42.0},{"not_picked":["Clash","strawberrySpire:FireDrill","strawberrySpire:Endurance"],"picked":"SKIP","floor":44.0},{"not_picked":["Twin Strike","Sever Soul"],"picked":"Limit Break","floor":45.0},{"not_picked":["Thunderclap","Flex+1"],"picked":"Dark Embrace","floor":47.0},{"not_picked":["ReplayTheSpireMod:Strike From Hell","Clothesline","Sword Boomerang"],"picked":"SKIP","floor":47.0},{"not_picked":["strawberrySpire:DebrisPile","strawberrySpire:Overwork","Sword Boomerang"],"picked":"SKIP","floor":47.0},{"not_picked":["Pummel","Perfected Strike","Run Through"],"picked":"SKIP","floor":47.0},{"not_picked":["Clothesline","Sword Boomerang"],"picked":"ReplayTheSpireMod:Strike From Hell","floor":47.0},{"not_picked":["strawberrySpire:DebrisPile","strawberrySpire:Overwork","Sword Boomerang"],"picked":"SKIP","floor":47.0},{"not_picked":["Pummel","Perfected Strike","Run Through"],"picked":"SKIP","floor":47.0},{"not_picked":["Dropkick","Headbutt","ReplayTheSpireMod:Strike From Hell"],"picked":"SKIP","floor":48.0},{"not_picked":["Whirlwind","True Grit"],"picked":"Shockwave","floor":54}],"player_experience":2195642,"relics_obtained":[{"floor":1.0,"key":"Baka"},{"floor":9.0,"key":"strawberrySpire:DirtyLipstick"},{"floor":14.0,"key":"wanderingMiniBosses:ThiefScarf"},{"floor":14.0,"key":"Burning Blood"},{"floor":23.0,"key":"Blue Candle"},{"floor":25.0,"key":"StrikeDummy"},{"floor":26.0,"key":"MagicDraw1"},{"floor":30.0,"key":"Mango"},{"floor":36.0,"key":"Ring of Fury"},{"floor":36.0,"key":"Ring of Panic"},{"floor":41.0,"key":"Pocketwatch"},{"floor":44.0,"key":"Another Sword"},{"floor":54,"key":"Eternal Feather"},{"floor":54,"key":"Lizard Tail"}],"event_choices":[{"damage_healed":0.0,"max_hp_gain":0.0,"max_hp_loss":0.0,"gold_gain":0.0,"event_name":"Menagerie:MageAndMonster","player_choice":"Help the mage","floor":7.0,"gold_loss":0.0,"damage_taken":5.0,"cards_obtained":["Menagerie:Slaughter"]},{"damage_healed":0.0,"max_hp_gain":0.0,"max_hp_loss":0.0,"gold_gain":0.0,"event_name":"Elementarium:VoidShrine","player_choice":"Embrace","floor":20.0,"gold_loss":0.0,"damage_taken":0.0,"cards_obtained":["Doubt","Menagerie:Slaughter"]},{"cards_removed":["Doubt"],"damage_healed":0.0,"max_hp_gain":0.0,"max_hp_loss":0.0,"gold_gain":0.0,"event_name":"Elementarium:LostScrolls","player_choice":"Burn","floor":22.0,"gold_loss":0.0,"damage_taken":0.0},{"damage_healed":0.0,"max_hp_gain":0.0,"max_hp_loss":0.0,"gold_gain":0.0,"cards_transformed":["Strike_R"],"event_name":"Elementarium:AbandonedFactory","player_choice":"Scrolls","floor":24.0,"gold_loss":0.0,"damage_taken":0.0,"cards_obtained":["Bloodletting"]}],"is_beta":false,"boss_relics":[{"not_picked":["ReplayTheSpireMod:DimensionalGlitch","vexMod:NewClearReactor"],"picked":"Mark of Pain"},{"not_picked":["aspiration:PoetsPen_weak","strawberrySpire:Dictionifier"],"picked":"Astrolabe"}],"items_purged_floors":[38],"is_endless":false,"potions_floor_spawned":[1,3,16,21,25,30,41,44,47,48,54],"ascension_level":14}}