{"host":"laaugowj4oxtps61","time":1610660775,"event":{"mods":["2.2 Compatiblity","AchievementEnabler","Act Like it!","BaseMod","Better Third Choice","Conspire","Curses Come First","Downfall","Hubris","Hyrulean Relics","Infinite Spire","Minty Spire (QoL Compilation)","Nova Terra(??·??)","Pale of the Ancients","Prisma Mod","Rare Cards Sparkle","Replay The Spire","SOS???????","Small Relic Pack","StSLib","The Bug Knight","The Cursed","The Death Knight","The Exalted","The Kombatant","The Saiyan","The Servant 0.9.4","The Wild Card","TheHero","TheVelvet","vexMod"],"gold_per_floor":[214,214,226,246,61,61,74,86,86,121,121,133,162,177,177,223,223,234,234,234,234,234,234,249,249,249,267,267,287,287,297,297,417,417,462,162,188,215,215,215,246,246,246,246,293,88,139,204,204,224],"floor_reached":51,"language":"ENG","playtime":2963,"items_purged":[],"score":1019,"play_id":"e1756273-fdbc-4593-a1dc-d70f093053ed","local_time":"20210114154615","is_ascension_mode":false,"campfire_choices":[{"floor":6,"key":"REST"},{"floor":11,"key":"REST"},{"floor":15,"key":"RECALL"},{"floor":23,"key":"REST"},{"floor":25,"key":"REST"},{"data":"infinitespire:FinalStrike","floor":32,"key":"SMITH"},{"floor":40,"key":"REST"},{"data":"Anger","floor":42,"key":"SMITH"},{"data":"Perfected Strike","floor":44,"key":"SMITH"},{"floor":49,"key":"REST"}],"circlet_count":0,"master_deck":["Strike_R+1","Strike_R+1","Strike_R+1","Strike_R+1","Strike_R+1","Defend_R+1","Defend_R+1","Defend_R+1","Defend_R+1","Bash","Iron Wave","Wild Strike","Anger+1","Anger+1","Thunderclap","Twin Strike","Cleave","Pommel Strike","Perfected Strike+1","Shrug It Off","Bludgeon","Iron Wave+1","Thunderclap","Anger+1","Exhume","infinitespire:FinalStrike+1","infinitespire:Collect","Twin Strike","hubris:NaturalOne","Immolate","Twin Strike+1","Intimidate+1","Shrug It Off+1","Heavy Blade","Rampage","Anger","ReplayTheSpireMod:Muscle Training","Iron Wave"],"relics":["Burning Blood","hubris:Icosahedron","vexMod:BarristanHead","conspire:Dentures","Bag of Marbles","Ice Cream","conspire:SeveredTorchhead","ReplayTheSpireMod:Shallot","Pantograph","infinitespire:Joker Card","vexMod:BigBerry","infinitespire:EvilPickle","Runic Pyramid","HandDrill","Bromod:ArcaneNullifier","Mirror","hubris:FunFungus","Replay:Bandana","Durian"],"acts_visited":["Exordium","TheCity","TheBeyond"],"potions_floor_usage":[10,10,16,16,29,33,33,50,50,50],"damage_taken":[{"damage":2,"enemies":"2 Louse","floor":1,"turns":4},{"damage":15,"enemies":"Jaw Worm","floor":3,"turns":4},{"damage":9,"enemies":"Small Slimes","floor":4,"turns":4},{"damage":2,"enemies":"Blue Slaver","floor":7,"turns":2},{"damage":4,"enemies":"2 Fungi Beasts","floor":8,"turns":4},{"damage":23,"enemies":"Lagavulin","floor":10,"turns":3},{"damage":13,"enemies":"Exordium Thugs","floor":12,"turns":3},{"damage":7,"enemies":"Replay:BlueRogue","floor":13,"turns":4},{"damage":0,"enemies":"Looter","floor":14,"turns":2},{"damage":74,"enemies":"The Guardian","floor":16,"turns":9},{"damage":49,"enemies":"3 Byrds","floor":18,"turns":5},{"damage":10,"enemies":"Spheric Guardian","floor":24,"turns":2},{"damage":21,"enemies":"conspire:HollyBat","floor":27,"turns":7},{"damage":7,"enemies":"Cultist and Chosen","floor":29,"turns":3},{"damage":11,"enemies":"Centurion and Healer","floor":31,"turns":4},{"damage":43,"enemies":"Pondfish","floor":33,"turns":8},{"damage":8,"enemies":"Orb Walker","floor":35,"turns":2},{"damage":0,"enemies":"3 Darklings","floor":37,"turns":2},{"damage":20,"enemies":"Writhing Mass","floor":38,"turns":3},{"damage":0,"enemies":"Spire Growth","floor":41,"turns":2},{"damage":8,"enemies":"R_Hoarder","floor":45,"turns":5},{"damage":29,"enemies":"Maw","floor":47,"turns":6},{"damage":34,"enemies":"Reptomancer","floor":48,"turns":5},{"damage":77,"enemies":"Donu and Deca","floor":50,"turns":10}],"seed_played":"8959128519079618178","potions_obtained":[{"floor":1,"key":"Guardian:BlockOnCardUsePotion"},{"floor":3,"key":"SteroidPotion"},{"floor":12,"key":"Block Potion"},{"floor":18,"key":"Regen Potion"},{"floor":27,"key":"ElixirPotion"},{"floor":29,"key":"Fire Potion"},{"floor":31,"key":"Block Potion"},{"floor":37,"key":"champ:CounterPotion"},{"floor":45,"key":"SpeedPotion"}],"is_trial":false,"path_per_floor":["M","?","M","M","$","R","M","M","T","E","R","M","E","M","R","B",null,"M","?","?","?","T","R","M","R","T","M","?","M","AVR","M","R","B",null,"M","$","M","M","?","R","M","R","T","R","E","$","M","E","R","B",null],"character_chosen":"IRONCLAD","items_purchased":["vexMod:BarristanHead","Anger+1","HandDrill","Bromod:ArcaneNullifier","Replay:Bandana","Anger"],"campfire_rested":6,"item_purchase_floors":[5,5,36,36,46,46],"current_hp_per_floor":[80,80,71,68,68,80,80,80,80,63,80,73,72,78,78,10,80,37,37,37,37,37,61,57,80,80,65,65,73,103,98,98,73,110,108,108,110,96,96,110,110,110,110,110,108,108,85,63,97,44],"gold":224,"neow_bonus":"HUNDRED_GOLD","is_daily":false,"chose_seed":false,"campfire_upgraded":3,"win_rate":0.0,"timestamp":1610660775,"path_taken":["M","?","M","M","$","R","M","M","T","E","R","M","E","M","R","BOSS","M","?","?","?","?","R","?","R","T","M","?","M","AVR","M","R","BOSS","M","$","M","M","?","R","M","R","T","R","E","?","M","E","R","BOSS"],"items_purchased_type":["Relic","Card","Relic","Relic","Relic","Card"],"build_version":"2020-12-22","purchased_purges":0,"victory":true,"max_hp_per_floor":[80,80,80,80,80,80,80,80,80,80,80,80,80,80,80,80,80,80,80,80,80,80,80,80,80,80,80,80,80,110,110,110,110,110,110,110,110,110,110,110,110,110,110,110,110,110,110,115,115,115],"card_choices":[{"not_picked":["Headbutt","Sever Soul"],"picked":"Iron Wave","floor":1},{"not_picked":["Replay:Undeath\u0027s Touch","Shockwave"],"picked":"Wild Strike","floor":3},{"not_picked":["Shrug It Off","Flex"],"picked":"Anger","floor":4},{"not_picked":["Massacre","Battle Trance"],"picked":"Thunderclap","floor":7},{"not_picked":["conspire:HitWhereItHurts","Carnage"],"picked":"Twin Strike","floor":8},{"not_picked":["Run Through","Armaments"],"picked":"Cleave","floor":10},{"not_picked":["Run Through","Headbutt"],"picked":"Pommel Strike","floor":12},{"not_picked":["Thunderclap","Twin Strike"],"picked":"Perfected Strike","floor":13},{"not_picked":["Evolve","ReplayTheSpireMod:Strike From Hell"],"picked":"Shrug It Off","floor":14},{"not_picked":["Corruption","conspire:Purge"],"picked":"Bludgeon","floor":16},{"not_picked":["Second Wind+1","Sword Boomerang"],"picked":"Iron Wave+1","floor":18},{"not_picked":["Abandon","ReplayTheSpireMod:Limb From Limb+1"],"picked":"Thunderclap","floor":24},{"not_picked":["Clothesline+1","infinitespire:OneForAll"],"picked":"Anger+1","floor":27},{"not_picked":["Body Slam","ReplayTheSpireMod:Strike From Hell"],"picked":"Exhume","floor":29},{"not_picked":["Cleave","Dark Embrace"],"picked":"Twin Strike","floor":31},{"not_picked":["Eclipse","Offering"],"picked":"Immolate","floor":33},{"not_picked":["Carnage","Armaments+1"],"picked":"Twin Strike+1","floor":35},{"not_picked":["Havoc+1","Run Through"],"picked":"Intimidate+1","floor":37},{"not_picked":["ReplayTheSpireMod:Strike From Hell","Armaments"],"picked":"Shrug It Off+1","floor":38},{"not_picked":["Disarm","Uppercut+1"],"picked":"Heavy Blade","floor":41},{"not_picked":["Immolate","Infernal Blade"],"picked":"Rampage","floor":45},{"not_picked":["Body Slam","Hemogenesis"],"picked":"ReplayTheSpireMod:Muscle Training","floor":47},{"not_picked":["Flame Barrier","Warcry"],"picked":"Iron Wave","floor":48}],"player_experience":489530,"relics_obtained":[{"floor":9,"key":"conspire:Dentures"},{"floor":10,"key":"Bag of Marbles"},{"floor":13,"key":"Ice Cream"},{"floor":22,"key":"ReplayTheSpireMod:Shallot"},{"floor":43,"key":"Mirror"},{"floor":45,"key":"hubris:FunFungus"},{"floor":48,"key":"Durian"}],"event_choices":[{"damage_healed":0,"gold_gain":0,"player_choice":"Ignored","damage_taken":0,"max_hp_gain":0,"max_hp_loss":0,"event_name":"Beggar","floor":19,"gold_loss":0},{"damage_healed":0,"gold_gain":0,"player_choice":"Ignored","damage_taken":0,"max_hp_gain":0,"max_hp_loss":0,"event_name":"Ghosts","floor":20,"gold_loss":0},{"damage_healed":0,"gold_gain":0,"player_choice":"Simplicity","damage_taken":0,"max_hp_gain":0,"max_hp_loss":9,"event_name":"betterThird:BetterWriting","floor":21,"gold_loss":0},{"damage_healed":0,"gold_gain":0,"player_choice":"Ignored","damage_taken":0,"max_hp_gain":0,"max_hp_loss":0,"event_name":"betterThird:BetterPortal","floor":39,"gold_loss":0}],"is_beta":false,"boss_relics":[{"not_picked":["conspire:RunicOctahedron","ChewingGum"],"picked":"conspire:SeveredTorchhead"},{"not_picked":["hubris:GrandSneckoEye","Replay:Drink Me"],"picked":"Runic Pyramid"}],"items_purged_floors":[],"is_endless":false,"potions_floor_spawned":[1,3,4,12,13,18,27,29,31,37,45],"ascension_level":0}}