{"host":"xrbutm0tzv4qwo7u","time":1610643846,"event":{"mods":["AchievementEnabler","BaseMod","Colored Map","Colored Powertips","Dark Map","Hermit","Minty Spire (QoL Compilation)","Quick Restart","Rare Cards Sparkle","Relic Stats","StSLib","The Cursed","The Marked"],"gold_per_floor":[112,130,208,226,226,261,68,98,98,98,98,125,43,59,59,163,163,178,178,178,193,193,193,221,36,36,51,51,70,70,90,90,194,194,204,220,236,236,249,249,17,48,48,94,94,109,4,15,15,15],"floor_reached":51,"language":"ENG","playtime":2411,"items_purged":["Writhe"],"score":798,"play_id":"eac544bd-2d21-4ec9-946f-6ef8dc86ae26","local_time":"20210114110406","is_ascension_mode":true,"campfire_choices":[{"floor":10,"key":"RECALL"},{"data":"Apotheosis","floor":15,"key":"SMITH"},{"data":"Disarm","floor":23,"key":"SMITH"},{"data":"Fiend Fire","floor":28,"key":"SMITH"},{"data":"Fiend Fire","floor":30,"key":"SMITH"},{"data":"Feel No Pain","floor":32,"key":"SMITH"},{"data":"Feed","floor":40,"key":"SMITH"},{"data":"Dark Embrace","floor":49,"key":"SMITH"}],"circlet_count":0,"master_deck":["Strike_R+1","Strike_R","Strike_R","Defend_R+1","Defend_R","Defend_R","Defend_R","Bash","Feel No Pain","Metallicize","Iron Wave","Clothesline","Apotheosis+1","Perfected Strike","Headbutt","Sever Soul","Disarm+1","Fiend Fire+1","Power Through","Feel No Pain+1","Power Through","Inflame","Fiend Fire+1","Iron Wave","Ghostly Armor","Thunderclap+1","Power Through","Armaments+1","Feed+1","Infernal Blade+1","Thunderclap+1","Parasite","Sentinel+1","Intimidate","Feel No Pain","Second Wind","Immolate","Uppercut","Flame Barrier+1","Warcry","Dark Embrace+1","Dual Wield","True Grit","Offering"],"relics":["Burning Blood","Meat on the Bone","Charon\u0027s Ashes","Potion Belt","Pear","Thread and Needle","Mark of Pain","Bottled Tornado","Strange Spoon","HornCleat","SlaversCollar","Peace Pipe","Prayer Wheel","StoneCalendar"],"acts_visited":["Exordium","TheCity","TheBeyond"],"potions_floor_usage":[8,16,29,33,33,50,50,50,50],"damage_taken":[{"damage":5,"enemies":"Cultist","floor":1,"turns":4},{"damage":6,"enemies":"2 Louse","floor":2,"turns":3},{"damage":6,"enemies":"Small Slimes","floor":4,"turns":4},{"damage":12,"enemies":"3 Sentries","floor":6,"turns":12},{"damage":10,"enemies":"Gremlin Nob","floor":8,"turns":4},{"damage":13,"enemies":"3 Sentries","floor":12,"turns":6},{"damage":0,"enemies":"2 Fungi Beasts","floor":14,"turns":3},{"damage":10,"enemies":"Slime Boss","floor":16,"turns":12},{"damage":6,"enemies":"Chosen","floor":18,"turns":3},{"damage":13,"enemies":"Spheric Guardian","floor":21,"turns":4},{"damage":29,"enemies":"Gremlin Leader","floor":24,"turns":6},{"damage":2,"enemies":"Centurion and Healer","floor":27,"turns":7},{"damage":7,"enemies":"Shelled Parasite and Fungi","floor":29,"turns":5},{"damage":0,"enemies":"3 Cultists","floor":31,"turns":5},{"damage":65,"enemies":"Collector","floor":33,"turns":13},{"damage":0,"enemies":"3 Shapes","floor":35,"turns":6},{"damage":30,"enemies":"3 Darklings","floor":36,"turns":7},{"damage":24,"enemies":"Writhing Mass","floor":37,"turns":9},{"damage":8,"enemies":"Jaw Worm Horde","floor":39,"turns":3},{"damage":42,"enemies":"Giant Head","floor":42,"turns":11},{"damage":30,"enemies":"2 Orb Walkers","floor":44,"turns":6},{"damage":4,"enemies":"4 Shapes","floor":46,"turns":7},{"damage":10,"enemies":"3 Darklings","floor":48,"turns":7},{"damage":28,"enemies":"Time Eater","floor":50,"turns":13}],"seed_played":"-6291032474613777832","potions_obtained":[{"floor":1,"key":"SneckoOil"},{"floor":6,"key":"LiquidMemories"},{"floor":8,"key":"EssenceOfSteel"},{"floor":21,"key":"Weak Potion"},{"floor":27,"key":"BloodPotion"},{"floor":33,"key":"Strength Potion"},{"floor":37,"key":"Energy Potion"},{"floor":42,"key":"SteroidPotion"},{"floor":44,"key":"Dexterity Potion"},{"floor":45,"key":"Regen Potion"},{"floor":45,"key":"HeartOfIron"},{"floor":45,"key":"Strength Potion"}],"is_trial":false,"path_per_floor":["M","M","T","M","?","E","$","E","T","R","?","E","$","M","R","B",null,"M","?","?","M","?","R","E","$","T","M","R","M","R","M","R","B",null,"M","M","M","?","M","R","$","E","T","?","?","M","$","M","R","B",null],"character_chosen":"IRONCLAD","items_purchased":["Apotheosis","Sever Soul","Strange Spoon","Ghostly Armor","Feel No Pain","Second Wind","Dark Embrace","Dual Wield"],"campfire_rested":0,"item_purchase_floors":[7,13,25,25,41,41,47,47],"current_hp_per_floor":[73,73,73,73,54,60,60,56,56,56,54,59,59,65,65,61,106,106,106,96,89,89,89,66,66,66,70,70,69,69,75,75,49,106,106,82,64,91,89,89,89,65,65,53,53,67,67,63,63,68],"gold":15,"neow_bonus":"TWENTY_PERCENT_HP_BONUS","is_daily":false,"chose_seed":false,"campfire_upgraded":7,"win_rate":0.0,"timestamp":1610643846,"path_taken":["M","M","?","M","?","E","$","E","T","R","?","E","$","M","R","BOSS","M","?","?","?","?","R","E","?","T","?","R","M","R","M","R","BOSS","M","M","M","?","M","R","$","E","T","?","?","?","$","M","R","BOSS"],"items_purchased_type":["Card","Card","Relic","Card","Card","Card","Card","Card"],"build_version":"2020-12-22","purchased_purges":1,"victory":true,"max_hp_per_floor":[96,96,96,96,96,96,96,96,96,96,106,106,106,106,106,106,106,106,106,106,106,106,106,106,106,106,106,106,106,106,106,106,106,106,106,106,106,106,106,106,106,106,106,106,106,106,106,106,106,106],"relic_stats":{"Peace Pipe":0,"Strange Spoon":[25],"counters":[24,160],"Prayer Wheel":2,"StoneCalendar":[102],"Charon\u0027s Ashes":[826],"obtain_stats":[{"Potion Belt":8,"Pear":11,"Thread and Needle":12,"StoneCalendar":44,"Charon\u0027s Ashes":6,"Bottled Tornado":24,"Burning Blood":0,"Peace Pipe":42,"Strange Spoon":25,"SlaversCollar":34,"HornCleat":26,"Prayer Wheel":43,"Mark of Pain":17,"Meat on the Bone":3},{"Potion Belt":5,"Pear":5,"Thread and Needle":6,"StoneCalendar":21,"Charon\u0027s Ashes":4,"Bottled Tornado":11,"Burning Blood":0,"Peace Pipe":20,"Strange Spoon":11,"SlaversCollar":15,"HornCleat":11,"Prayer Wheel":20,"Mark of Pain":8,"Meat on the Bone":2},{"Potion Belt":27,"Pear":27,"Thread and Needle":33,"StoneCalendar":133,"Charon\u0027s Ashes":23,"Bottled Tornado":61,"Burning Blood":0,"Peace Pipe":127,"Strange Spoon":61,"SlaversCollar":91,"HornCleat":61,"Prayer Wheel":127,"Mark of Pain":48,"Meat on the Bone":7}],"Burning Blood":138,"Meat on the Bone":84},"card_choices":[{"not_picked":["Clash","True Grit"],"picked":"Feel No Pain","floor":1},{"not_picked":["True Grit","Warcry"],"picked":"Metallicize","floor":2},{"not_picked":["Anger","Evolve"],"picked":"Iron Wave","floor":4},{"not_picked":["Warcry","Brutality"],"picked":"Clothesline","floor":6},{"not_picked":["Clothesline","Entrench"],"picked":"Perfected Strike","floor":8},{"not_picked":["Ghostly Armor","Pommel Strike"],"picked":"Headbutt","floor":12},{"not_picked":["Cleave","Warcry"],"picked":"Disarm","floor":14},{"not_picked":["Double Tap","Juggernaut"],"picked":"Fiend Fire","floor":16},{"not_picked":["Battle Trance","Armaments"],"picked":"Power Through","floor":18},{"not_picked":["Dropkick","Warcry+1"],"picked":"Power Through","floor":21},{"not_picked":["Clash","Pummel"],"picked":"Iron Wave","floor":24},{"not_picked":["Pummel","Rage"],"picked":"Thunderclap+1","floor":27},{"not_picked":["Pommel Strike+1","Clothesline"],"picked":"Power Through","floor":29},{"not_picked":["Shrug It Off","Flex+1"],"picked":"Armaments+1","floor":31},{"not_picked":["Double Tap","Bludgeon"],"picked":"Feed","floor":33},{"not_picked":["Cleave+1","Warcry+1"],"picked":"Infernal Blade+1","floor":35},{"not_picked":["Perfected Strike","Sword Boomerang"],"picked":"Thunderclap+1","floor":36},{"not_picked":["Twin Strike","Carnage+1"],"picked":"Sentinel+1","floor":37},{"not_picked":["Perfected Strike+1","Twin Strike"],"picked":"Intimidate","floor":39},{"not_picked":["Battle Trance","Cleave+1"],"picked":"Immolate","floor":42},{"not_picked":["Sword Boomerang","Cleave+1"],"picked":"Uppercut","floor":44},{"not_picked":["Battle Trance+1","Perfected Strike+1"],"picked":"Flame Barrier+1","floor":46},{"not_picked":["Havoc+1","Feel No Pain+1"],"picked":"Warcry","floor":46},{"not_picked":["Body Slam+1","Flex+1"],"picked":"True Grit","floor":48},{"not_picked":["Evolve+1","Anger"],"picked":"Offering","floor":48}],"player_experience":51687,"relics_obtained":[{"floor":3,"key":"Meat on the Bone"},{"floor":6,"key":"Charon\u0027s Ashes"},{"floor":8,"key":"Potion Belt"},{"floor":12,"key":"Thread and Needle"},{"floor":24,"key":"Bottled Tornado"},{"floor":26,"key":"HornCleat"},{"floor":42,"key":"Peace Pipe"},{"floor":43,"key":"Prayer Wheel"},{"floor":44,"key":"StoneCalendar"}],"event_choices":[{"damage_healed":0,"gold_gain":0,"player_choice":"Entered Light","damage_taken":19,"max_hp_gain":0,"max_hp_loss":0,"event_name":"Shining Light","floor":5,"gold_loss":0,"cards_upgraded":["Strike_R","Defend_R"]},{"damage_healed":0,"gold_gain":0,"player_choice":"Success","damage_taken":12,"relics_obtained":["Pear"],"max_hp_gain":0,"max_hp_loss":0,"event_name":"Scrap Ooze","floor":11,"gold_loss":0},{"damage_healed":0,"gold_gain":0,"player_choice":"Read","damage_taken":0,"max_hp_gain":0,"max_hp_loss":0,"event_name":"The Library","floor":19,"gold_loss":0,"cards_obtained":["Feel No Pain"]},{"damage_healed":0,"gold_gain":0,"player_choice":"Damaged","damage_taken":10,"max_hp_gain":0,"max_hp_loss":0,"event_name":"Wheel of Change","floor":20,"gold_loss":0},{"damage_healed":0,"gold_gain":0,"cards_transformed":["Strike_R","Strike_R"],"player_choice":"Became Test Subject","damage_taken":0,"max_hp_gain":0,"max_hp_loss":0,"event_name":"Drug Dealer","floor":22,"gold_loss":0,"cards_obtained":["Inflame","Fiend Fire"]},{"damage_healed":27,"gold_gain":0,"player_choice":"Writhe","damage_taken":0,"max_hp_gain":0,"max_hp_loss":0,"event_name":"Winding Halls","floor":38,"gold_loss":0,"cards_obtained":["Writhe"]},{"damage_healed":0,"gold_gain":0,"player_choice":"Fight","damage_taken":0,"max_hp_gain":0,"max_hp_loss":0,"event_name":"Mysterious Sphere","floor":44,"gold_loss":0},{"damage_healed":0,"gold_gain":0,"player_choice":"Got Potions","damage_taken":0,"max_hp_gain":0,"max_hp_loss":0,"event_name":"Lab","floor":45,"gold_loss":0}],"is_beta":false,"boss_relics":[{"not_picked":["Velvet Choker","Ectoplasm"],"picked":"Mark of Pain"},{"not_picked":["Busted Crown","Empty Cage"],"picked":"SlaversCollar"}],"items_purged_floors":[41],"is_endless":false,"potions_floor_spawned":[1,6,8,21,27,33,37,42,44],"ascension_level":1}}