{"host":"xt3o4iokwksypl90","time":1610628726,"event":{"mods":["AchievementEnabler","BaseMod","Googly Eyes","Highlight Path","Minty Spire (QoL Compilation)","Permanent Neow"],"gold_per_floor":[112,62,62,337,95,127,142,167,194,206,206,225,239,273,273,370,370,389,389,443,443,415,415,435,455,455,490,500,512,523,23,23,122,122,136,147,147,159,209,244,263,281,304,59,71,105,0,11,11,11],"floor_reached":51,"language":"ENG","playtime":4272,"items_purged":["Regret","Strike_R"],"score":1164,"play_id":"ac97b88d-49f7-4ef8-b496-7d2f2a0f557a","local_time":"20210114135206","is_ascension_mode":true,"campfire_choices":[{"data":"Bash","floor":11.0,"key":"SMITH"},{"data":"Inflame","floor":15.0,"key":"SMITH"},{"data":"J.A.X.","floor":23.0,"key":"SMITH"},{"data":"Heavy Blade","floor":32.0,"key":"SMITH"},{"data":"Offering","floor":49,"key":"SMITH"}],"circlet_count":0,"master_deck":["Strike_R+1","Strike_R","Strike_R","Defend_R","Defend_R","Defend_R","Defend_R","Bash+1","Iron Wave","Cleave","Inflame","Power Through","Anger","Impervious","Pommel Strike","Reaper+1","Shrug It Off","Inflame+1","Reaper","J.A.X.+1","Dark Shackles","Burning Pact+1","Offering+1","Heavy Blade+1","Impervious","Apotheosis","Master of Strategy","Rupture+1","True Grit+1","Feel No Pain+1","Brutality"],"relics":["Burning Blood","NeowsBlessing","Orrery","Anchor","Potion Belt","Strawberry","Singing Bowl","Philosopher\u0027s Stone","Toy Ornithopter","Whetstone","Bottled Lightning","Brimstone","SlaversCollar","Ice Cream","Mummified Hand","Omamori","Ancient Tea Set","Red Skull","Red Mask"],"acts_visited":["Exordium","TheCity","TheBeyond"],"potions_floor_usage":[38,50],"damage_taken":[{"damage":0.0,"enemies":"Jaw Worm","floor":1.0,"turns":1.0},{"damage":0.0,"enemies":"3 Sentries","floor":6.0,"turns":1.0},{"damage":0.0,"enemies":"2 Louse","floor":7.0,"turns":1.0},{"damage":13.0,"enemies":"Lagavulin","floor":8.0,"turns":7.0},{"damage":8.0,"enemies":"Small Slimes","floor":10.0,"turns":3.0},{"damage":17.0,"enemies":"Red Slaver","floor":12.0,"turns":5.0},{"damage":4.0,"enemies":"Large Slime","floor":13.0,"turns":5.0},{"damage":15.0,"enemies":"3 Sentries","floor":14.0,"turns":7.0},{"damage":21.0,"enemies":"Slime Boss","floor":16.0,"turns":9.0},{"damage":2.0,"enemies":"Spheric Guardian","floor":18.0,"turns":5.0},{"damage":12.0,"enemies":"2 Thieves","floor":22.0,"turns":5.0},{"damage":32.0,"enemies":"Shelled Parasite and Fungi","floor":24.0,"turns":6.0},{"damage":16.0,"enemies":"Chosen and Byrds","floor":25.0,"turns":6.0},{"damage":34.0,"enemies":"Book of Stabbing","floor":27.0,"turns":6.0},{"damage":3.0,"enemies":"Centurion and Healer","floor":28.0,"turns":5.0},{"damage":48.0,"enemies":"3 Cultists","floor":29.0,"turns":6.0},{"damage":39.0,"enemies":"Cultist and Chosen","floor":30.0,"turns":7.0},{"damage":56.0,"enemies":"Champ","floor":33.0,"turns":8.0},{"damage":70,"enemies":"3 Darklings","floor":35,"turns":9},{"damage":12,"enemies":"Orb Walker","floor":36,"turns":2},{"damage":76,"enemies":"Transient","floor":38,"turns":5},{"damage":9,"enemies":"Mind Bloom Boss Battle","floor":39,"turns":2},{"damage":59,"enemies":"Nemesis","floor":40,"turns":5},{"damage":9,"enemies":"Spire Growth","floor":41,"turns":3},{"damage":44,"enemies":"3 Darklings","floor":42,"turns":7},{"damage":9,"enemies":"Writhing Mass","floor":45,"turns":3},{"damage":12,"enemies":"Giant Head","floor":46,"turns":6},{"damage":16,"enemies":"Transient","floor":48,"turns":5},{"damage":32,"enemies":"Donu and Deca","floor":50,"turns":5}],"seed_played":"-7620779304004481417","potions_obtained":[{"floor":7.0,"key":"ColorlessPotion"},{"floor":8.0,"key":"AttackPotion"},{"floor":12.0,"key":"SpeedPotion"},{"floor":14.0,"key":"Block Potion"},{"floor":16.0,"key":"ElixirPotion"},{"floor":25.0,"key":"LiquidMemories"},{"floor":27.0,"key":"BloodPotion"},{"floor":29.0,"key":"Block Potion"},{"floor":30.0,"key":"Regen Potion"},{"floor":38,"key":"FearPotion"},{"floor":42,"key":"PowerPotion"},{"floor":45,"key":"Energy Potion"},{"floor":48,"key":"EssenceOfSteel"}],"is_trial":false,"path_per_floor":["M","?","?","?","$","E","M","E","T","M","R","M","M","E","R","B",null,"M","?","T","?","M","R","M","M","T","E","M","M","M","$","R","B",null,"M","M","?","M","?","E","M","M","T","$","M","E","?","M","R","B",null],"character_chosen":"IRONCLAD","items_purchased":["Orrery","Anger","Bottled Lightning","Brimstone","Heavy Blade","FearPotion","Ancient Tea Set"],"campfire_rested":0,"item_purchase_floors":[5,5,31,31,31,31,44],"current_hp_per_floor":[78,78,83,83,83,85,85,78,85,90,90,81,87,85,85,88,93,96,96,96,96,96,96,76,89,89,80,104,76,77,77,77,53,93,108,104,96,89,88,44,80,118,118,118,118,118,118,120,120,120],"gold":11,"neow_bonus":"THREE_ENEMY_KILL","is_daily":false,"chose_seed":false,"campfire_upgraded":5,"win_rate":0.0,"timestamp":1610628726,"path_taken":["M","?","?","?","$","E","?","E","T","M","R","M","M","E","R","BOSS","M","?","?","?","M","R","M","?","T","E","M","?","M","$","R","BOSS","M","M","?","M","?","E","?","M","T","$","?","E","?","M","R","BOSS"],"items_purchased_type":["Relic","Card","Relic","Relic","Card","Potion","Relic"],"build_version":"2020-12-22","purchased_purges":2,"victory":true,"max_hp_per_floor":[80,80,85,85,85,85,85,85,92,92,92,92,92,94,94,94,94,96,96,96,96,96,96,98,100,100,102,104,104,106,106,106,106,106,108,110,112,114,116,116,118,118,118,118,118,118,118,120,120,120],"card_choices":[{"not_picked":["Clash","Disarm"],"picked":"Iron Wave","floor":1.0},{"not_picked":["Headbutt","Flex"],"picked":"Cleave","floor":5.0},{"not_picked":["Heavy Blade","Offering"],"picked":"Inflame","floor":5.0},{"not_picked":["Spot Weakness","Juggernaut"],"picked":"Power Through","floor":5.0},{"not_picked":["Infernal Blade","Flex"],"picked":"Impervious","floor":6.0},{"not_picked":["Thunderclap","Cleave"],"picked":"Pommel Strike","floor":7.0},{"not_picked":["Anger","Headbutt"],"picked":"Reaper","floor":8.0},{"not_picked":["Perfected Strike","Sword Boomerang"],"picked":"Shrug It Off","floor":10.0},{"not_picked":["Cleave","Uppercut"],"picked":"Inflame","floor":12.0},{"not_picked":["Dual Wield","Wild Strike","Bloodletting"],"picked":"SKIP","floor":13.0},{"not_picked":["Body Slam","Flex","Thunderclap"],"picked":"Singing Bowl","floor":14.0},{"not_picked":["Corruption","Immolate"],"picked":"Reaper","floor":16.0},{"not_picked":["Wild Strike","Perfected Strike","Cleave"],"picked":"Singing Bowl","floor":18.0},{"not_picked":["Twin Strike","Wild Strike"],"picked":"Burning Pact+1","floor":22.0},{"not_picked":["Anger","Clothesline+1","Dropkick"],"picked":"Singing Bowl","floor":24.0},{"not_picked":["Clothesline","Metallicize","Battle Trance"],"picked":"Singing Bowl","floor":25.0},{"not_picked":["Searing Blow","Pummel+1","Thunderclap"],"picked":"Singing Bowl","floor":27.0},{"not_picked":["Warcry","Feel No Pain","Dark Embrace+1"],"picked":"Singing Bowl","floor":28.0},{"not_picked":["Twin Strike","Pummel"],"picked":"Offering","floor":29.0},{"not_picked":["Spot Weakness","Shrug It Off+1","Bloodletting"],"picked":"Singing Bowl","floor":30.0},{"not_picked":["Reaper","Brutality"],"picked":"Impervious","floor":33.0},{"not_picked":["Twin Strike","Perfected Strike","Headbutt+1"],"picked":"Singing Bowl","floor":35},{"not_picked":["Clothesline","Entrench","True Grit"],"picked":"Singing Bowl","floor":36},{"not_picked":["Chrysalis","Metamorphosis"],"picked":"Apotheosis","floor":37},{"not_picked":["Secret Weapon","Magnetism","Panacea"],"picked":"Singing Bowl","floor":37},{"not_picked":["Bandage Up","Dark Shackles"],"picked":"Master of Strategy","floor":37},{"not_picked":["Second Wind+1","Armaments","Cleave"],"picked":"Singing Bowl","floor":38},{"not_picked":["Clash+1","Armaments+1","Havoc+1"],"picked":"Singing Bowl","floor":39},{"not_picked":["Whirlwind+1","Shockwave+1"],"picked":"Rupture+1","floor":40},{"not_picked":["Body Slam+1","Dropkick+1","Shockwave+1"],"picked":"Singing Bowl","floor":41},{"not_picked":["Pommel Strike","Warcry+1"],"picked":"True Grit+1","floor":42},{"not_picked":["Second Wind+1","Thunderclap"],"picked":"Feel No Pain+1","floor":45},{"not_picked":["Anger","True Grit"],"picked":"Brutality","floor":46},{"not_picked":["Heavy Blade","Carnage","Shockwave+1"],"picked":"Singing Bowl","floor":48}],"player_experience":313806,"relics_obtained":[{"floor":6.0,"key":"Anchor"},{"floor":8.0,"key":"Potion Belt"},{"floor":9.0,"key":"Strawberry"},{"floor":14.0,"key":"Singing Bowl"},{"floor":20.0,"key":"Toy Ornithopter"},{"floor":27.0,"key":"Whetstone"},{"floor":39,"key":"Ice Cream"},{"floor":40,"key":"Mummified Hand"},{"floor":43,"key":"Omamori"},{"floor":46,"key":"Red Skull"}],"event_choices":[{"cards_removed":["Strike_R"],"damage_healed":0.0,"max_hp_gain":0.0,"max_hp_loss":0.0,"gold_gain":0.0,"event_name":"The Cleric","player_choice":"Card Removal","floor":2.0,"gold_loss":50.0,"damage_taken":0.0},{"damage_healed":0.0,"max_hp_gain":5.0,"max_hp_loss":0.0,"gold_gain":0.0,"event_name":"Big Fish","player_choice":"Donut","floor":3.0,"gold_loss":0.0,"damage_taken":0.0},{"damage_healed":0.0,"max_hp_gain":0.0,"max_hp_loss":0.0,"gold_gain":275.0,"event_name":"Golden Shrine","player_choice":"Desecrate","floor":4.0,"gold_loss":0.0,"damage_taken":0.0,"cards_obtained":["Regret"]},{"damage_healed":0.0,"max_hp_gain":0.0,"max_hp_loss":0.0,"gold_gain":0.0,"event_name":"Drug Dealer","player_choice":"Obtain J.A.X.","floor":19.0,"gold_loss":0.0,"damage_taken":0.0,"cards_obtained":["J.A.X."]},{"damage_healed":0.0,"max_hp_gain":0.0,"max_hp_loss":0.0,"gold_gain":0.0,"event_name":"Match and Keep!","player_choice":"1 cards matched","floor":21.0,"gold_loss":0.0,"damage_taken":0.0,"cards_obtained":["Dark Shackles"]},{"damage_healed":0,"gold_gain":0,"player_choice":"Memory 3","damage_taken":10,"max_hp_gain":0,"max_hp_loss":0,"event_name":"SensoryStone","floor":37,"gold_loss":0},{"damage_healed":0,"gold_gain":0,"player_choice":"Fight","damage_taken":0,"max_hp_gain":0,"max_hp_loss":0,"event_name":"MindBloom","floor":39,"gold_loss":0},{"damage_healed":0,"gold_gain":0,"player_choice":"Paid","damage_taken":0,"relics_obtained":["Red Mask"],"max_hp_gain":0,"max_hp_loss":0,"event_name":"Tomb of Lord Red Mask","floor":47,"gold_loss":105}],"is_beta":false,"boss_relics":[{"not_picked":["Tiny House","Sozu"],"picked":"Philosopher\u0027s Stone"},{"not_picked":["Cursed Key","Runic Pyramid"],"picked":"SlaversCollar"}],"items_purged_floors":[5,44],"is_endless":false,"potions_floor_spawned":[7,8,12,14,16,25,27,29,30,38,42,45,48],"ascension_level":8}}