{"host":"0gl1h2c0bid0oqhv","time":1610642441,"event":{"mods":["BaseMod","Colored Map","Googly Eyes","Highlight Path","Minty Spire (QoL Compilation)","Quick Restart","Rare Cards Sparkle","Shop Mod","StSLib","The Bladedancer","The Jungle"],"gold_per_floor":[110,129,37,17,17,42,42,70,70,70,70,83,83,100,100,196,196,209,225,8,58,58,58,69,101,101,101,101,101,34,46,46,46,46],"floor_reached":33,"language":"ENG","playtime":1826,"items_purged":[],"score":371,"play_id":"71392edc-f78b-41bc-850a-f9f6921fb7c0","local_time":"20210114164041","is_ascension_mode":false,"campfire_choices":[{"data":"blademaster:Havoc","floor":7,"key":"SMITH"},{"data":"blademaster:ChargingUp","floor":10,"key":"SMITH"},{"data":"blademaster:TraverseCut","floor":13,"key":"SMITH"},{"data":"blademaster:TraverseCut","floor":15,"key":"SMITH"},{"floor":23,"key":"REST"},{"floor":28,"key":"REST"},{"floor":32,"key":"REST"}],"circlet_count":0,"master_deck":["blademaster:Strike","blademaster:Strike","blademaster:Strike","blademaster:Strike","blademaster:Defend","blademaster:Defend","blademaster:Defend","blademaster:Defend","blademaster:RagingBlow","blademaster:HighVoltage","blademaster:BloodyBlow","blademaster:ChargingUp+1","blademaster:FuriousStrike+1","blademaster:Havoc+1","blademaster:ThunderSlash","blademaster:AwakeningDefend","blademaster:TraverseCut+1","blademaster:TraverseCut+1","blademaster:LightningDraw","blademaster:SharpBlades","blademaster:Bloodbath","blademaster:DeadlyDance","blademaster:DragonStrike+1","blademaster:Havoc+1","theJungle:PetSnecko","blademaster:Discharge","blademaster:Frontflip"],"relics":["blademaster:DancersAmulet","NeowsBlessing","Oddly Smooth Stone","Bottled Lightning","Philosopher\u0027s Stone","Pen Nib","Shovel","Eternal Feather","Question Card","theJungle:BirthdayCake"],"acts_visited":["Exordium","Exordium"],"potions_floor_usage":[25,25,31,33],"damage_taken":[{"damage":0,"enemies":"Jaw Worm","floor":1,"turns":1},{"damage":0,"enemies":"Small Slimes","floor":2,"turns":2},{"damage":0,"enemies":"3 Sentries","floor":6,"turns":1},{"damage":2,"enemies":"Gremlin Nob","floor":8,"turns":3},{"damage":0,"enemies":"2 Louse","floor":12,"turns":2},{"damage":5,"enemies":"Lots of Slimes","floor":14,"turns":4},{"damage":0,"enemies":"Slime Boss","floor":16,"turns":6},{"damage":4,"enemies":"Shell Parasite","floor":18,"turns":4},{"damage":1,"enemies":"theJungle:MUSHROOMGANG","floor":19,"turns":4},{"damage":24,"enemies":"theJungle:2_Snecko_Cultists","floor":24,"turns":4},{"damage":38,"enemies":"theJungle:MamaSnecko","floor":25,"turns":5},{"damage":16,"enemies":"theJungle:Lyon","floor":31,"turns":5},{"damage":96,"enemies":"theJungle:TotemBoss","floor":33,"turns":4}],"seed_played":"-8173187390542092347","potions_obtained":[{"floor":8,"key":"Ancient Potion"},{"floor":14,"key":"FearPotion"},{"floor":18,"key":"Swift Potion"},{"floor":25,"key":"AttackPotion"}],"is_trial":false,"path_per_floor":["M","M","$","?","?","E","R","E","T","R","?","M","R","M","R","B",null,"M","M","$","?","?","R","M","E","T","?","R","?","$","M","R","B"],"character_chosen":"THE_BLADEMASTER","items_purchased":["blademaster:FuriousStrike","blademaster:Havoc","blademaster:DeadlyDance","Pen Nib","blademaster:Discharge"],"campfire_rested":3,"item_purchase_floors":[3,3,20,20,30],"current_hp_per_floor":[75,75,75,75,75,75,75,73,73,73,73,73,73,68,68,68,75,71,70,70,60,48,70,46,8,8,8,45,65,65,49,92,0,0],"gold":46,"neow_bonus":"THREE_ENEMY_KILL","is_daily":false,"chose_seed":false,"campfire_upgraded":4,"win_rate":0.0,"timestamp":1610642441,"path_taken":["M","M","$","?","?","E","R","E","T","R","?","?","R","M","R","BOSS","M","M","$","?","?","R","M","E","T","?","R","?","?","?","R","BOSS"],"items_purchased_type":["Card","Card","Card","Relic","Card"],"build_version":"2020-12-22","purchased_purges":0,"victory":false,"max_hp_per_floor":[75,75,75,75,75,75,75,75,75,75,75,75,75,75,75,75,75,75,75,75,75,75,75,75,75,75,75,75,95,95,95,95,95,95],"card_choices":[{"not_picked":["blademaster:Quickstep","blademaster:Frontflip"],"picked":"blademaster:BloodyBlow","floor":1},{"not_picked":["blademaster:DaggerAndCloak","blademaster:BrainBloom"],"picked":"blademaster:ChargingUp","floor":2},{"not_picked":["blademaster:Blockade","blademaster:IcyWind"],"picked":"blademaster:ThunderSlash","floor":6},{"not_picked":["blademaster:Slice","blademaster:Bloodbath"],"picked":"blademaster:AwakeningDefend","floor":8},{"not_picked":["blademaster:OneTrickPony","blademaster:Overcharge"],"picked":"blademaster:TraverseCut","floor":12},{"not_picked":["blademaster:FuriousStrike","blademaster:AwakeningDefend"],"picked":"blademaster:TraverseCut","floor":14},{"not_picked":["blademaster:FuryOfTheElements","blademaster:BladeDance"],"picked":"blademaster:LightningDraw","floor":16},{"not_picked":["blademaster:Overcharge","blademaster:Cut"],"picked":"blademaster:SharpBlades","floor":18},{"not_picked":["blademaster:Stormstrike+1","blademaster:Thrust+1"],"picked":"blademaster:Bloodbath","floor":19},{"not_picked":["blademaster:Cut","blademaster:AirSlash+1"],"picked":"blademaster:DragonStrike+1","floor":24},{"not_picked":["blademaster:CloudOfSteel","blademaster:Frontflip+1"],"picked":"blademaster:Havoc+1","floor":25},{"not_picked":["blademaster:BladeMastery","blademaster:Overcharge+1","blademaster:FuriousStrike"],"picked":"blademaster:Frontflip","floor":31}],"player_experience":0,"relics_obtained":[{"floor":6,"key":"Oddly Smooth Stone"},{"floor":6,"key":"blademaster:RandomBladePerk"},{"floor":8,"key":"Bottled Lightning"},{"floor":8,"key":"blademaster:BonusFuryPerk"},{"floor":25,"key":"Eternal Feather"},{"floor":25,"key":"blademaster:LightningChargePerk"},{"floor":26,"key":"Question Card"}],"event_choices":[{"damage_healed":0,"gold_gain":0,"player_choice":"Left Gold","damage_taken":0,"max_hp_gain":0,"max_hp_loss":0,"event_name":"World of Goop","floor":4,"gold_loss":20},{"damage_healed":0,"gold_gain":0,"player_choice":"Grow","damage_taken":0,"max_hp_gain":0,"max_hp_loss":0,"event_name":"Living Wall","floor":5,"gold_loss":0,"cards_upgraded":["blademaster:FuriousStrike"]},{"damage_healed":0,"gold_gain":0,"player_choice":"Ignored","damage_taken":0,"max_hp_gain":0,"max_hp_loss":0,"event_name":"Purifier","floor":11,"gold_loss":0}],"is_beta":false,"boss_relics":[{"not_picked":["Astrolabe","Calling Bell"],"picked":"Philosopher\u0027s Stone"}],"items_purged_floors":[],"is_endless":false,"potions_floor_spawned":[8,14,18,25],"killed_by":"theJungle:TotemBoss","ascension_level":0}}