{"host":"qswkx8hggytna0kc","time":1610603869,"event":{"mods":["Aspiration","BaseMod","BetterRewards","Colored Map","Colored Powertips","Highlight Path","Hubris","Mimic Mod","Minty Spire (QoL Compilation)","MostiFishMod","Quick Restart","Replay The Spire","StSLib","SuperFastMode"],"gold_per_floor":[112,123,140,121,141,175,175,208,208,237,237,247,267,324,324,428,428,438,448,448,459,471,496,496,510,510,535,55,83,158,177,177,276,276,288,307,307,320,334,364,364,399,399,399,58,88,100,122,122,124],"floor_reached":51,"language":"ZHS","playtime":1512,"items_purged":["Strike_G","Strike_G"],"score":1732,"play_id":"b69e07e7-c50f-4b63-9200-0c100e52a000","local_time":"20210114135749","is_ascension_mode":true,"campfire_choices":[{"floor":11,"key":"REST"},{"data":"Expertise","floor":15,"key":"SMITH"},{"data":"Tools of the Trade","floor":24,"key":"SMITH"},{"data":"Unload","floor":32,"key":"SMITH"},{"data":"Prepared","floor":41,"key":"SMITH"},{"data":"Backstab","floor":44,"key":"SMITH"},{"data":"Backstab","floor":49,"key":"SMITH"}],"circlet_count":0,"master_deck":["Strike_G","Strike_G","Defend_G","Defend_G","Defend_G","Defend_G","Survivor","Neutralize","Underhanded Strike","Blade Dance","Slice","Reflex","Accuracy","Unload+1","ReplayTheSpireMod:Scrap Shanks","Hidden Blade","Hidden Blade","Expertise+1","Tools of the Trade+1","Backstab+1","hubris:Sniper","MostiFishMod:KingOfFree+1","Endless Agony+1","MostiFishMod:WinterMarkForm+1","MostiFishMod:PreservedThorns+1","Prepared+1","Hidden Blade+1","Calculated Gamble+1","Slice","Backstab+1","Blade Dance+1","Hidden Blade+1"],"relics":["Ring of the Snake","DaveBox","aspiration:Nostalgia","Cracked Core","EGODaCapo","SynthV:TestCard","Bottled Flame","hubris:SlimyHat","Matryoshka","Byrd Skull","Boot","PatriotShield","Golden Egg","Blood Vial","Replay:Bottled Steam","Mummified Hand","hubris:SphereOfDissonance","Happy Flower","HereWithMe","Replay:Baseball","Anchor","Juzu Bracelet","BranchBurnRelic","Gremlin Horn","White Beast Statue"],"acts_visited":["Exordium","TheCity","TheBeyond"],"potions_floor_usage":[6],"damage_taken":[{"damage":0,"enemies":"Jaw Worm","floor":1,"turns":6},{"damage":2,"enemies":"Small Slimes","floor":2,"turns":4},{"damage":0,"enemies":"2 Louse","floor":3,"turns":2},{"damage":4,"enemies":"Exordium Thugs","floor":4,"turns":4},{"damage":0,"enemies":"Exordium Wildlife","floor":5,"turns":3},{"damage":27,"enemies":"Lagavulin","floor":6,"turns":7},{"damage":13,"enemies":"Replay:BlueRogue","floor":8,"turns":8},{"damage":4,"enemies":"Lagavulin","floor":10,"turns":5},{"damage":0,"enemies":"2 Fungi Beasts","floor":12,"turns":2},{"damage":0,"enemies":"Red Slaver","floor":13,"turns":3},{"damage":0,"enemies":"3 Sentries","floor":14,"turns":4},{"damage":0,"enemies":"Fading Forest","floor":16,"turns":11},{"damage":0,"enemies":"Chosen","floor":18,"turns":2},{"damage":0,"enemies":"2 Thieves","floor":19,"turns":2},{"damage":0,"enemies":"Snake Plant","floor":21,"turns":3},{"damage":0,"enemies":"Centurion and Healer","floor":22,"turns":3},{"damage":0,"enemies":"Gremlin Leader","floor":23,"turns":3},{"damage":0,"enemies":"Snecko","floor":25,"turns":2},{"damage":0,"enemies":"Book of Stabbing","floor":27,"turns":2},{"damage":0,"enemies":"Gremlin Leader","floor":29,"turns":2},{"damage":0,"enemies":"Snake Plant","floor":31,"turns":1},{"damage":5,"enemies":"hubris:MusketHawk","floor":33,"turns":2},{"damage":0,"enemies":"Orb Walker","floor":35,"turns":1},{"damage":4,"enemies":"3 Shapes","floor":36,"turns":1},{"damage":0,"enemies":"Jaw Worm Horde","floor":38,"turns":1},{"damage":0,"enemies":"Maw","floor":39,"turns":2},{"damage":0,"enemies":"Nemesis","floor":40,"turns":1},{"damage":0,"enemies":"R_Hoarder","floor":42,"turns":2},{"damage":0,"enemies":"Nemesis","floor":46,"turns":1},{"damage":0,"enemies":"3 Darklings","floor":47,"turns":1},{"damage":0,"enemies":"Jaw Worm Horde","floor":48,"turns":1},{"damage":0,"enemies":"Donu and Deca","floor":50,"turns":1}],"seed_played":"5687569668973351312","potions_obtained":[{"floor":2,"key":"GamblersBrew"},{"floor":4,"key":"EssenceOfSteel"},{"floor":5,"key":"Swift Potion"},{"floor":13,"key":"Flashbang"},{"floor":42,"key":"Adrenaline Potion"}],"is_trial":false,"path_per_floor":["M","M","M","M","M","E","?","E","T","E","R","M","M","?","R","B",null,"M","M","?","M","M","E","R","M","T","E","$","E","?","M","R","B",null,"M","M","?","M","M","E","R","E","T","R","$","E","M","M","R","B",null],"character_chosen":"THE_SILENT","items_purchased":["MostiFishMod:KingOfFree","hubris:SphereOfDissonance","Gremlin Horn"],"campfire_rested":1,"item_purchase_floors":[28,28,45],"current_hp_per_floor":[63,61,61,57,57,30,30,17,17,13,34,34,34,34,34,42,63,63,63,63,63,63,63,63,63,63,65,65,69,62,66,66,65,69,70,68,68,70,70,70,70,70,70,70,70,70,70,70,70,70],"gold":124,"neow_bonus":"NOSTALGIA","is_daily":false,"chose_seed":false,"campfire_upgraded":6,"win_rate":0.0,"timestamp":1610603869,"path_taken":["M","M","M","M","M","E","?","E","T","E","R","M","M","?","R","BOSS","M","M","?","M","M","E","R","M","T","E","?","E","?","?","R","BOSS","M","M","?","M","M","E","R","E","T","R","?","E","M","M","R","BOSS"],"items_purchased_type":["Card","Relic","Relic"],"build_version":"2020-12-22","purchased_purges":2,"victory":true,"max_hp_per_floor":[70,70,70,70,70,70,70,70,70,70,70,70,70,70,70,70,70,70,70,70,70,70,70,70,70,70,70,70,70,70,70,70,70,70,70,70,70,70,70,70,70,70,70,70,70,70,70,70,70,70],"card_choices":[{"not_picked":["Dagger Spray","Flying Knee"],"picked":"Underhanded Strike","floor":1},{"not_picked":["Deadly Poison","Cloak And Dagger","Deflect","Sucker Punch"],"picked":"Blade Dance","floor":2},{"not_picked":["Dash","Outmaneuver","ReplayTheSpireMod:Exploit Weakness","ReplayTheSpireMod:Tripwire"],"picked":"Slice","floor":3},{"not_picked":["hubris:TrickCloak","Sneak Up","Footwork","Dodge and Roll","Deadly Poison"],"picked":"SKIP","floor":4},{"not_picked":["MostiFishMod:PreservedThorns","hubris:SlightOfHand","Catalyst","Flying Knee"],"picked":"Reflex","floor":5},{"not_picked":["ReplayTheSpireMod:Tripwire","Poisoned Stab","Dagger Throw","Terror"],"picked":"Accuracy","floor":6},{"not_picked":["hubris:SlightOfHand","Blade Dance","Dagger Throw","Flying Knee"],"picked":"Unload","floor":8},{"not_picked":["hubris:Counter","Dodge and Roll","hubris:TrickCloak","Bane"],"picked":"ReplayTheSpireMod:Scrap Shanks","floor":10},{"not_picked":["MostiFishMod:ThornCasing","Backflip","hubris:SlightOfHand","Catalyst"],"picked":"Hidden Blade","floor":12},{"not_picked":["Sucker Punch","Blade Dance","Eviscerate","Blur"],"picked":"Hidden Blade","floor":13},{"not_picked":["Replay:Poison Smokescreen","Deflect","Deadly Poison","Underhanded Strike"],"picked":"Expertise","floor":14},{"not_picked":["Corpse Explosion","Glass Knife","Malaise","MostiFishMod:Neurotoxin"],"picked":"Tools of the Trade","floor":16},{"not_picked":["Bane+1","Deadly Poison","Caltrops","Poisoned Stab+1","PiercingWail"],"picked":"SKIP","floor":18},{"not_picked":["Deadly Poison","Draining Mist+1","Sucker Punch+1","Finisher","Underhanded Strike"],"picked":"SKIP","floor":19},{"not_picked":["Flying Knee","Backflip","hubris:SlightOfHand","Quick Slash","Poisoned Stab"],"picked":"SKIP","floor":21},{"not_picked":["Outmaneuver+1","Quick Slash","hubris:Counter","Expertise"],"picked":"Backstab","floor":22},{"not_picked":["Tactician","Venomology","Dagger Spray","Flying Knee"],"picked":"hubris:Sniper","floor":23},{"not_picked":["MostiFishMod:PoisonShield","ReplayTheSpireMod:Exploit Weakness","Riddle With Holes","Noxious Fumes+1","Quick Slash"],"picked":"SKIP","floor":25},{"not_picked":["Dodge and Roll","Quick Slash+1","Eviscerate","Distraction","MostiFishMod:PerfectParry"],"picked":"SKIP","floor":27},{"not_picked":["Poisoned Stab+1","Poison Darts","Reflex","All Out Attack"],"picked":"Endless Agony+1","floor":29},{"not_picked":["Backflip+1","Quick Slash","Deadly Poison","Setup","Dagger Spray"],"picked":"SKIP","floor":31},{"not_picked":["Poison Darts","MostiFishMod:Opportunism","MostiFishMod:Wind","ReplayTheSpireMod:Necrosis"],"picked":"MostiFishMod:WinterMarkForm","floor":33},{"not_picked":["Blur+1","Underhanded Strike","Flying Knee+1","Outmaneuver","MostiFishMod:FrostNova"],"picked":"SKIP","floor":35},{"not_picked":["Escape Plan","Wraith Form v2","Prepared+1","Heel Hook"],"picked":"MostiFishMod:PreservedThorns+1","floor":36},{"not_picked":["Bane","MostiFishMod:PreservedThorns","Cloak And Dagger","Dodge and Roll+1"],"picked":"Prepared","floor":38},{"not_picked":["Dodge and Roll","Caltrops","Riddle With Holes","Deadly Poison+1"],"picked":"Hidden Blade+1","floor":39},{"not_picked":["Cloak And Dagger+1","Skewer","PiercingWail","Die Die Die"],"picked":"Calculated Gamble+1","floor":40},{"not_picked":["Caltrops+1","Quick Slash+1","Dodge and Roll","Choke"],"picked":"Slice","floor":42},{"not_picked":["Catalyst+1","Deadly Poison","MostiFishMod:InvigoratingSolution+1","PiercingWail"],"picked":"Backstab","floor":46},{"not_picked":["Quick Slash","Acrobatics+1","MostiFishMod:HiddenBlade","Leg Sweep+1"],"picked":"Blade Dance+1","floor":47},{"not_picked":["Fluid Movement+1","ReplayTheSpireMod:Tripwire+1","Blade Dance","Dodge and Roll"],"picked":"Hidden Blade+1","floor":48}],"player_experience":292751,"relics_obtained":[{"floor":1,"key":"SynthV:TestCard"},{"floor":6,"key":"Bottled Flame"},{"floor":8,"key":"hubris:SlimyHat"},{"floor":9,"key":"Matryoshka"},{"floor":10,"key":"Byrd Skull"},{"floor":14,"key":"Boot"},{"floor":23,"key":"Golden Egg"},{"floor":26,"key":"Blood Vial"},{"floor":26,"key":"Replay:Bottled Steam"},{"floor":27,"key":"Mummified Hand"},{"floor":29,"key":"Happy Flower"},{"floor":40,"key":"Replay:Baseball"},{"floor":42,"key":"Anchor"},{"floor":43,"key":"Juzu Bracelet"},{"floor":43,"key":"Dead Branch"},{"floor":46,"key":"White Beast Statue"}],"event_choices":[{"damage_healed":0,"gold_gain":30,"player_choice":"Searched \u00273\u0027 times","damage_taken":0,"max_hp_gain":0,"max_hp_loss":0,"event_name":"Dead Adventurer","floor":14,"gold_loss":0},{"cards_removed":["Strike_G"],"damage_healed":0,"gold_gain":0,"player_choice":"Offered Basic","damage_taken":0,"max_hp_gain":0,"max_hp_loss":0,"event_name":"Bonfire Elementals","floor":20,"gold_loss":0},{"damage_healed":0,"gold_gain":75,"player_choice":"Touch","damage_taken":7,"max_hp_gain":0,"max_hp_loss":0,"event_name":"FaceTrader","floor":30,"gold_loss":0}],"is_beta":false,"boss_relics":[{"not_picked":["Cursed Key","Snecko Eye"],"picked":"PatriotShield"},{"not_picked":["Abe\u0027s Treasure","hubris:GrandSneckoEye"],"picked":"HereWithMe"}],"items_purged_floors":[28,45],"is_endless":false,"potions_floor_spawned":[2,4,5,13,16,22,23,25,29,33,36,39,42,47,48],"ascension_level":8}}