{"host":"tzz1a4lp7gkxiavd","time":1610602493,"event":{"mods":["BaseMod","Marisa£®ÏF”Í°°ƒß¿Ì…≥£©","Minty Spire (QoL Compilation)","Remilia£®¿Ÿ√◊¿Ú—«£©","The Servant 0.9.4","Youmu£®ªÍ∆«—˝√Œ£©","Yuyuko","°æπ¶ƒ‹Mod°øNeowΩ±¿¯"],"gold_per_floor":[215,215,140,159,159,159,190,209,254,265,39,49,82,82,82,186,186,204,222,222,239,249,249,249],"floor_reached":23,"language":"ZHS","playtime":1779,"items_purged":["Strike_RM"],"score":291,"play_id":"85e49b30-071d-4bbd-90a2-11fd16e57ba8","local_time":"20210114133453","is_ascension_mode":true,"campfire_choices":[{"floor":6,"key":"RECALL"},{"data":"BloodySeventeenLaser","floor":15,"key":"SMITH"}],"circlet_count":0,"master_deck":["Strike_RM","Strike_RM","Strike_RM","Defend_RM","Defend_RM","Defend_RM","Defend_RM","RedMoon+1","ScarletShoot","MillenniumVampire","MiserableFate","BloodySeventeenLaser+1","QueenOfMidnight","MiserableFate+1","BloodySeventeenLaser+1","MillenniumVampire"],"relics":["ScarletHat","Pen Nib","Membership Card","Strawberry","Ancient Tea Set","Coffee Dripper"],"acts_visited":["Exordium","TheCity"],"potions_floor_usage":[23,23,23],"damage_taken":[{"damage":0,"enemies":"Jaw Worm","floor":1,"turns":6},{"damage":0,"enemies":"Cultist","floor":4,"turns":7},{"damage":0,"enemies":"Lagavulin","floor":7,"turns":10},{"damage":0,"enemies":"2 Louse","floor":8,"turns":3},{"damage":0,"enemies":"2 Fungi Beasts","floor":10,"turns":5},{"damage":44,"enemies":"Gremlin Gang","floor":12,"turns":8},{"damage":0,"enemies":"3 Sentries","floor":13,"turns":13},{"damage":35,"enemies":"Slime Boss","floor":16,"turns":13},{"damage":20,"enemies":"Chosen","floor":18,"turns":7},{"damage":25,"enemies":"3 Byrds","floor":19,"turns":10},{"damage":19,"enemies":"Centurion and Healer","floor":21,"turns":7},{"damage":3,"enemies":"Snecko","floor":22,"turns":4},{"damage":22,"enemies":"Slavers","floor":23,"turns":2}],"seed_played":"3833376033645163163","potions_obtained":[{"floor":7,"key":"SkillPotion"},{"floor":12,"key":"EssenceOfSteel"},{"floor":16,"key":"ColorlessPotion"},{"floor":19,"key":"LiquidMemories"},{"floor":22,"key":"Regen Potion"}],"is_trial":false,"path_per_floor":["M","?","$","M","?","R","E","M","T","M","$","M","E","?","R","B",null,"M","M","?","M","M","E"],"character_chosen":"REMILIA","items_purchased":["Membership Card","Strawberry"],"campfire_rested":0,"item_purchase_floors":[11,11],"current_hp_per_floor":[75,75,75,75,75,75,75,75,75,75,82,41,47,74,74,48,82,63,41,41,26,23,1,1],"gold":249,"neow_bonus":"HUNDRED_GOLD","is_daily":false,"chose_seed":false,"campfire_upgraded":1,"win_rate":0.0,"timestamp":1610602493,"path_taken":["M","?","$","?","?","R","E","M","T","?","$","M","E","?","R","BOSS","M","M","?","?","?","E"],"items_purchased_type":["Relic","Relic"],"build_version":"2020-12-22","purchased_purges":1,"victory":false,"max_hp_per_floor":[75,75,75,75,75,75,75,75,75,75,82,82,82,82,82,82,82,82,82,82,82,82,82,82],"card_choices":[{"not_picked":["Stigmanizer","NightDance"],"picked":"MillenniumVampire","floor":1},{"not_picked":["ScarletNetherworld","VampireKiss"],"picked":"MiserableFate","floor":4},{"not_picked":["ReincarnationDial","UnderTheZenith","EndlessAdversity"],"picked":"SKIP","floor":7},{"not_picked":["UnderTheZenith","ScarletDevil","EndlessAdversity"],"picked":"SKIP","floor":8},{"not_picked":["Stigmanizer","StarOfDavid","EternalNight"],"picked":"SKIP","floor":10},{"not_picked":["BombardNight","Stigmanizer","FitfulNightmare"],"picked":"SKIP","floor":12},{"not_picked":["ScarletDevil","RedRainbow"],"picked":"BloodySeventeenLaser","floor":13},{"not_picked":["BloodRain","DemonKingCradle"],"picked":"QueenOfMidnight","floor":16},{"not_picked":["BombardNight","BadLadyScramble","MastersStateliness+1"],"picked":"SKIP","floor":18},{"not_picked":["TwelveNightmare+1","FitfulNightmare"],"picked":"MiserableFate+1","floor":19},{"not_picked":["NightDance","Stigmanizer","CharismaGuard"],"picked":"SKIP","floor":21},{"not_picked":["HunterOfTheNight","ScarletDevilSign"],"picked":"MillenniumVampire","floor":22}],"player_experience":136597,"relics_obtained":[{"floor":7,"key":"Pen Nib"},{"floor":13,"key":"Ancient Tea Set"}],"event_choices":[{"damage_healed":0,"gold_gain":0,"player_choice":"Upgraded","damage_taken":0,"max_hp_gain":0,"max_hp_loss":0,"event_name":"Upgrade Shrine","floor":2,"gold_loss":0,"cards_upgraded":["RedMoon"]},{"damage_healed":0,"gold_gain":0,"player_choice":"Bought 0 Potions","damage_taken":0,"max_hp_gain":0,"max_hp_loss":0,"event_name":"The Woman in Blue","floor":5,"gold_loss":0},{"damage_healed":27,"gold_gain":0,"player_choice":"Banana","damage_taken":0,"max_hp_gain":0,"max_hp_loss":0,"event_name":"Big Fish","floor":14,"gold_loss":0},{"damage_healed":0,"gold_gain":0,"player_choice":"Copied","damage_taken":0,"max_hp_gain":0,"max_hp_loss":0,"event_name":"Duplicator","floor":20,"gold_loss":0,"cards_obtained":["BloodySeventeenLaser"]}],"is_beta":false,"boss_relics":[{"not_picked":["Calling Bell","Busted Crown"],"picked":"Coffee Dripper"}],"items_purged_floors":[3],"is_endless":false,"potions_floor_spawned":[7,12,16,19,22],"killed_by":"Slavers","ascension_level":3}}