{"host":"tnsigirk6wurdark","time":1610618079,"event":{"mods":["BaseMod","Bestiary","Colored Map","Colored Powertips","Curses Come First","DeckTracker","Downfall","Highlight Path","Minty Spire (QoL Compilation)","Quick Restart","Relic Sorter","StSLib","Synergy Search"],"gold_per_floor":[119,133,150,22,36,68,86,86,109,109,128,141,155,187,187,287,287,305,10,29,4,21,39,39,69,115,125,37,55,70,70,70,172,172,172],"floor_reached":34,"language":"ENG","playtime":1753,"items_purged":["Strike_G","Strike_G"],"score":415,"play_id":"34e3fda1-d44b-44db-bfb4-1a1738b70f81","local_time":"20210114095439","is_ascension_mode":false,"campfire_choices":[{"data":"Phantasmal Killer","floor":8,"key":"SMITH"},{"data":"Sucker Punch","floor":10,"key":"SMITH"},{"floor":15,"key":"REST"},{"floor":24,"key":"REST"},{"floor":32,"key":"REST"}],"circlet_count":0,"master_deck":["Strike_G","Strike_G","Strike_G","Defend_G","Defend_G","Defend_G","Defend_G","Defend_G","Survivor","Neutralize","Slice","Dagger Throw","Acrobatics","Underhanded Strike","Sucker Punch+1","Phantasmal Killer+1","Reflex","Quick Slash","Skewer","Backflip","Underhanded Strike","Venomology","Underhanded Strike","Footwork","Bouncing Flask","Blade Dance","Dagger Throw","Footwork","Flechettes","Eviscerate+1","Escape Plan","Crippling Poison","Sucker Punch+1","Shame","A Thousand Cuts"],"relics":["Runic Pyramid","Bronze Scales","Tiny Chest","Strawberry","HoveringKite","MealTicket","Boot","StoneCalendar","Coffee Dripper"],"acts_visited":["Exordium","TheCity","TheBeyond"],"potions_floor_usage":[6,6,11,20,22,23,23,25,30,33,33,33,33],"damage_taken":[{"damage":2,"enemies":"Cultist","floor":1,"turns":4},{"damage":0,"enemies":"Small Slimes","floor":2,"turns":4},{"damage":0,"enemies":"2 Louse","floor":3,"turns":2},{"damage":3,"enemies":"Blue Slaver","floor":5,"turns":3},{"damage":13,"enemies":"Lagavulin","floor":6,"turns":5},{"damage":0,"enemies":"3 Louse","floor":7,"turns":3},{"damage":8,"enemies":"Gremlin Gang","floor":11,"turns":3},{"damage":0,"enemies":"Red Slaver","floor":12,"turns":2},{"damage":0,"enemies":"3 Louse","floor":13,"turns":2},{"damage":17,"enemies":"Gremlin Nob","floor":14,"turns":4},{"damage":7,"enemies":"Slime Boss","floor":16,"turns":6},{"damage":25,"enemies":"Shell Parasite","floor":18,"turns":5},{"damage":15,"enemies":"3 Byrds","floor":20,"turns":2},{"damage":8,"enemies":"Centurion and Healer","floor":22,"turns":4},{"damage":11,"enemies":"3 Cultists","floor":23,"turns":5},{"damage":11,"enemies":"Gremlin Leader","floor":25,"turns":3},{"damage":10,"enemies":"Cultist and Chosen","floor":27,"turns":6},{"damage":8,"enemies":"Snake Plant","floor":29,"turns":3},{"damage":9,"enemies":"Centurion and Healer","floor":30,"turns":4},{"damage":34,"enemies":"Champ","floor":33,"turns":11}],"seed_played":"5799248182661621165","potions_obtained":[{"floor":2,"key":"LiquidMemories"},{"floor":5,"key":"Energy Potion"},{"floor":6,"key":"hexamod:EctoCoolerPotion"},{"floor":11,"key":"SneckoOil"},{"floor":13,"key":"sneckomod:MuddlingPotion"},{"floor":16,"key":"Regen Potion"},{"floor":20,"key":"Guardian:BlockOnCardUsePotion"},{"floor":27,"key":"Guardian:BlockOnCardUsePotion"},{"floor":30,"key":"Energy Potion"},{"floor":33,"key":"Block Potion"}],"is_trial":false,"path_per_floor":["M","M","M","$","M","E","M","R","T","R","M","M","M","E","R","B",null,"M","$","M","$","M","M","R","E","T","M","$","M","M","?","R","B",null],"character_chosen":"THE_SILENT","items_purchased":["Underhanded Strike","Footwork","Bouncing Flask","ColorlessPotion","Dagger Throw","Strength Potion","Escape Plan"],"campfire_rested":3,"item_purchase_floors":[4,19,19,19,21,28,28],"current_hp_per_floor":[68,68,68,68,65,52,52,52,52,52,44,44,44,34,57,50,77,52,52,42,42,34,23,46,35,35,25,40,32,23,23,46,12,77,77],"gold":172,"neow_bonus":"BOSS_RELIC","is_daily":false,"chose_seed":false,"campfire_upgraded":2,"win_rate":0.0,"timestamp":1610618079,"path_taken":["M","M","M","$","M","E","M","R","T","R","M","M","M","E","R","BOSS","M","$","M","$","M","M","R","E","T","M","$","M","M","?","R","BOSS"],"items_purchased_type":["Card","Card","Card","Potion","Card","Potion","Card"],"build_version":"2020-12-22","purchased_purges":2,"victory":false,"max_hp_per_floor":[70,70,70,70,70,70,70,70,70,70,70,70,70,77,77,77,77,77,77,77,77,77,77,77,77,77,77,77,77,77,77,77,77,77,77],"card_choices":[{"not_picked":["Cloak And Dagger","Flechettes"],"picked":"Slice","floor":1},{"not_picked":["Cloak And Dagger","Finisher"],"picked":"Dagger Throw","floor":2},{"not_picked":["All Out Attack","Blade Dance"],"picked":"Acrobatics","floor":3},{"not_picked":["Predator","Concentrate"],"picked":"Sucker Punch","floor":5},{"not_picked":["Masterful Stab","Sucker Punch"],"picked":"Phantasmal Killer","floor":6},{"not_picked":["Bane","Dodge and Roll"],"picked":"Reflex","floor":7},{"not_picked":["Backflip","Slice"],"picked":"Quick Slash","floor":11},{"not_picked":["Riddle With Holes","Blade Dance"],"picked":"Skewer","floor":12},{"not_picked":["Dodge and Roll","Outmaneuver"],"picked":"Backflip","floor":13},{"not_picked":["Distraction","Predator"],"picked":"Underhanded Strike","floor":14},{"not_picked":["Glass Knife","Storm of Steel"],"picked":"Venomology","floor":16},{"not_picked":["Heel Hook+1","Slice"],"picked":"Underhanded Strike","floor":18},{"not_picked":["Concentrate+1","Deadly Poison"],"picked":"Blade Dance","floor":20},{"not_picked":["Deadly Poison","Deflect","Slice"],"picked":"SKIP","floor":22},{"not_picked":["Sucker Punch","Prepared"],"picked":"Footwork","floor":23},{"not_picked":["Doppelganger","Well Laid Plans"],"picked":"Flechettes","floor":25},{"not_picked":["Backflip","PiercingWail"],"picked":"Eviscerate+1","floor":27},{"not_picked":["Masterful Stab","Setup"],"picked":"Crippling Poison","floor":29},{"not_picked":["Poisoned Stab","Flying Knee"],"picked":"Sucker Punch+1","floor":30},{"not_picked":["Grand Finale","Unload"],"picked":"A Thousand Cuts","floor":33}],"player_experience":760537,"relics_obtained":[{"floor":6,"key":"Bronze Scales"},{"floor":9,"key":"Tiny Chest"},{"floor":14,"key":"Strawberry"},{"floor":25,"key":"MealTicket"},{"floor":26,"key":"Boot"}],"event_choices":[{"damage_healed":0,"gold_gain":0,"player_choice":"Stole Relic","damage_taken":0,"relics_obtained":["StoneCalendar"],"max_hp_gain":0,"max_hp_loss":0,"event_name":"Addict","floor":31,"gold_loss":0,"cards_obtained":["Shame"]}],"is_beta":false,"boss_relics":[{"not_picked":["Tiny House","Snecko Eye"],"picked":"HoveringKite"},{"not_picked":["Empty Cage","Runic Dome"],"picked":"Coffee Dripper"}],"items_purged_floors":[4,19],"is_endless":false,"potions_floor_spawned":[2,5,6,11,13,16,20,27,29,30,33],"ascension_level":0}}