{"host":"Qube","time":1610589715,"event":{"mods":["AchievementEnabler","BaseMod","Colored Map","Colored Powertips","Minty Spire (QoL Compilation)","Quick Restart","Random Character Button","StSLib"],"gold_per_floor":[112,123,137,157,173,206,206,206,259,259,277,277,310,328,328,400,400,418,418,14,64,79,79,107,107,133,133,133],"floor_reached":27,"language":"ENG","playtime":1067,"items_purged":["Defend_G"],"score":536,"play_id":"097412eb-b969-4f8e-b194-e1c45df210b8","local_time":"20210113180155","is_ascension_mode":true,"campfire_choices":[{"data":"Concentrate","floor":8.0,"key":"SMITH"},{"data":"Terror","floor":10.0,"key":"SMITH"},{"floor":12.0,"key":"REST"},{"floor":15.0,"key":"REST"},{"floor":23,"key":"REST"},{"data":"Ghostly","floor":25,"key":"SMITH"}],"circlet_count":0,"master_deck":["AscendersBane","Strike_G","Strike_G","Strike_G","Strike_G","Strike_G","Defend_G","Defend_G","Defend_G","Survivor","Neutralize","Poisoned Stab","Terror+1","Dagger Spray","Deadly Poison","Concentrate+1","Dash","Deflect","Deflect","Dagger Throw","Malaise","Slice","Ghostly+1","Ghostly","Ghostly","Dodge and Roll+1","Venomology"],"relics":["Runic Pyramid","Art of War","Centennial Puzzle","Bottled Flame","Velvet Choker","TwistedFunnel","Blood Vial","Potion Belt","Lantern"],"acts_visited":["Exordium","TheCity"],"potions_floor_usage":[],"damage_taken":[{"damage":2.0,"enemies":"Jaw Worm","floor":1.0,"turns":5.0},{"damage":0.0,"enemies":"2 Louse","floor":2.0,"turns":2.0},{"damage":7.0,"enemies":"Small Slimes","floor":3.0,"turns":4.0},{"damage":6.0,"enemies":"Looter","floor":4.0,"turns":3.0},{"damage":0.0,"enemies":"2 Fungi Beasts","floor":5.0,"turns":2.0},{"damage":25.0,"enemies":"3 Sentries","floor":6.0,"turns":8.0},{"damage":0.0,"enemies":"Blue Slaver","floor":11.0,"turns":3.0},{"damage":6.0,"enemies":"Gremlin Nob","floor":13.0,"turns":3.0},{"damage":0.0,"enemies":"Gremlin Gang","floor":14.0,"turns":5.0},{"damage":9.0,"enemies":"The Guardian","floor":16.0,"turns":11.0},{"damage":36,"enemies":"3 Byrds","floor":18,"turns":7},{"damage":8,"enemies":"Shell Parasite","floor":22,"turns":5},{"damage":0,"enemies":"Gremlin Leader","floor":24,"turns":6},{"damage":33,"enemies":"Slavers","floor":27,"turns":4}],"seed_played":"-7667149012750611713","potions_obtained":[{"floor":2.0,"key":"LiquidBronze"},{"floor":4.0,"key":"Fire Potion"},{"floor":5.0,"key":"SteroidPotion"},{"floor":11.0,"key":"SkillPotion"},{"floor":13.0,"key":"Fruit Juice"}],"is_trial":false,"path_per_floor":["M","M","M","M","M","E","?","R","T","R","M","R","E","M","R","B",null,"M","?","$","?","M","R","E","R","T","E"],"character_chosen":"THE_SILENT","items_purchased":["TwistedFunnel","Blood Vial"],"campfire_rested":3,"item_purchase_floors":[20,20],"current_hp_per_floor":[57,57,50,44,44,19,12,12,12,12,12,31,25,25,44,35,58,22,22,22,22,16,25,27,27,27,0,0],"gold":133,"neow_bonus":"BOSS_RELIC","is_daily":false,"chose_seed":false,"campfire_upgraded":3,"win_rate":0.0,"timestamp":1610589715,"path_taken":["M","M","M","M","M","E","?","R","T","R","M","R","E","M","R","BOSS","M","?","$","?","M","R","E","R","T","E"],"items_purchased_type":["Relic","Relic"],"build_version":"2020-12-18","purchased_purges":1,"victory":false,"max_hp_per_floor":[66,66,66,66,66,66,66,66,66,66,66,66,66,66,66,66,66,66,33,33,33,33,33,33,33,33,33,33],"card_choices":[{"not_picked":["Dodge and Roll","PiercingWail"],"picked":"Poisoned Stab","floor":1.0},{"not_picked":["Distraction","Sucker Punch"],"picked":"Terror","floor":2.0},{"not_picked":["Accuracy","Expertise"],"picked":"Dagger Spray","floor":3.0},{"not_picked":["Blade Dance","Bane"],"picked":"Deadly Poison","floor":4.0},{"not_picked":["Tactician","PiercingWail"],"picked":"Concentrate","floor":5.0},{"not_picked":["PiercingWail","Underhanded Strike"],"picked":"Dash","floor":6.0},{"not_picked":["Night Terror","Cloak And Dagger"],"picked":"Deflect","floor":11.0},{"not_picked":["Sucker Punch","Bane"],"picked":"Deflect","floor":13.0},{"not_picked":["Finisher","Skewer"],"picked":"Dagger Throw","floor":14.0},{"not_picked":["Die Die Die","Envenom"],"picked":"Malaise","floor":16.0},{"not_picked":["Eviscerate","Cloak And Dagger"],"picked":"Slice","floor":18},{"not_picked":["Concentrate","Predator"],"picked":"Dodge and Roll+1","floor":22},{"not_picked":["Dagger Throw","Prepared"],"picked":"Venomology","floor":24}],"player_experience":892905,"relics_obtained":[{"floor":6.0,"key":"Art of War"},{"floor":9.0,"key":"Centennial Puzzle"},{"floor":13.0,"key":"Bottled Flame"},{"floor":24,"key":"Potion Belt"},{"floor":26,"key":"Lantern"}],"event_choices":[{"cards_removed":["Defend_G"],"damage_healed":0.0,"max_hp_gain":0.0,"max_hp_loss":0.0,"gold_gain":0.0,"event_name":"Golden Wing","player_choice":"Card Removal","floor":7.0,"gold_loss":0.0,"damage_taken":7.0},{"damage_healed":0,"gold_gain":0,"player_choice":"Became a Ghost","damage_taken":0,"max_hp_gain":0,"max_hp_loss":33,"event_name":"Ghosts","floor":19,"gold_loss":0,"cards_obtained":["Ghostly","Ghostly","Ghostly"]},{"damage_healed":0,"gold_gain":50,"player_choice":"Stole From Cult","damage_taken":0,"max_hp_gain":0,"max_hp_loss":0,"event_name":"Nest","floor":21,"gold_loss":0}],"is_beta":true,"boss_relics":[{"not_picked":["Black Star","HoveringKite"],"picked":"Velvet Choker"}],"items_purged_floors":[20],"is_endless":false,"potions_floor_spawned":[2,4,5,11,13],"killed_by":"Slavers","ascension_level":20}}