{"host":"36t3qd3wjvajtu1z","time":1610584405,"event":{"mods":["AchievementEnabler","BaseMod","Block Reminder","Colored Powertips","Minty Spire (QoL Compilation)","Permanent Neow","Quick Restart","Random Character Button","Rare Cards Sparkle","Relic Stats","Slay-I","StSLib"],"gold_per_floor":[14,14,189,213,213,213,10,45,70,106,106,141,160,198,198,324,324,348,372,388,401,3,3,16,16,84,122,122,163,182,203,203,327,327,352,371,371,391,391,391,391],"floor_reached":40,"language":"ENG","playtime":2964,"items_purged":["Doubt","Strike_P"],"score":581,"play_id":"fe49d839-a2ec-4114-9906-8b4c5c699828","local_time":"20210113163325","is_ascension_mode":true,"campfire_choices":[{"data":"Eruption","floor":6.0,"key":"SMITH"},{"data":"Wallop","floor":11.0,"key":"SMITH"},{"data":"Ragnarok","floor":15.0,"key":"SMITH"},{"data":"Apotheosis","floor":23.0,"key":"SMITH"},{"data":"Alpha","floor":25.0,"key":"SMITH"},{"floor":28.0,"key":"REST"},{"floor":32.0,"key":"REST"}],"circlet_count":0,"master_deck":["Strike_P","Strike_P","Strike_P","Defend_P+1","Defend_P","Defend_P","Defend_P+1","Eruption+1","Vigilance","Brilliance","EmptyFist","EmptyBody","Ragnarok+1","SashWhip","Wallop+1","FearNoEvil","FlurryOfBlows","ThirdEye","Alpha+1","Consecrate+1","WreathOfFlame","DeceiveReality","Conclude+1","Apotheosis+1","WindmillStrike","Halt+1","SandsOfTime","ForeignInfluence","LikeWater+1","CutThroughFate+1","Brilliance","Evaluate+1","Establishment","Regret","Halt","Panacea","MentalFortress+1","Metamorphosis"],"relics":["PureWater","Golden Idol","Blood Vial","Smiling Mask","Bird Faced Urn","Unceasing Top","War Paint","Sozu","Damaru","InkBottle","Bag of Marbles","Philosopher\u0027s Stone"],"acts_visited":["Exordium","TheCity","TheBeyond"],"potions_floor_usage":[],"damage_taken":[{"damage":0.0,"enemies":"2 Louse","floor":1.0,"turns":2.0},{"damage":0.0,"enemies":"Jaw Worm","floor":4.0,"turns":3.0},{"damage":9.0,"enemies":"Gremlin Nob","floor":8.0,"turns":3.0},{"damage":2.0,"enemies":"3 Sentries","floor":10.0,"turns":3.0},{"damage":8.0,"enemies":"Gremlin Nob","floor":12.0,"turns":3.0},{"damage":0.0,"enemies":"Cultist","floor":13.0,"turns":2.0},{"damage":4.0,"enemies":"3 Sentries","floor":14.0,"turns":5.0},{"damage":15.0,"enemies":"Hexaghost","floor":16.0,"turns":8.0},{"damage":0.0,"enemies":"Chosen","floor":18.0,"turns":3.0},{"damage":5.0,"enemies":"2 Thieves","floor":19.0,"turns":3.0},{"damage":13.0,"enemies":"3 Cultists","floor":20.0,"turns":4.0},{"damage":1.0,"enemies":"Snake Plant","floor":21.0,"turns":4.0},{"damage":17.0,"enemies":"Sentry and Sphere","floor":24.0,"turns":4.0},{"damage":23.0,"enemies":"Book of Stabbing","floor":27.0,"turns":5.0},{"damage":27.0,"enemies":"Gremlin Leader","floor":29.0,"turns":5.0},{"damage":2.0,"enemies":"Shelled Parasite and Fungi","floor":30.0,"turns":2.0},{"damage":1.0,"enemies":"Centurion and Healer","floor":31.0,"turns":4.0},{"damage":0.0,"enemies":"Champ","floor":33.0,"turns":9.0},{"damage":3,"enemies":"Orb Walker","floor":35,"turns":3},{"damage":4,"enemies":"3 Shapes","floor":36,"turns":2},{"damage":16,"enemies":"Spire Growth","floor":38,"turns":6},{"damage":104,"enemies":"Giant Head","floor":40,"turns":8}],"seed_played":"-4946359696938964363","potions_obtained":[{"floor":8.0,"key":"Fire Potion"},{"floor":10.0,"key":"CultistPotion"},{"floor":12.0,"key":"SteroidPotion"},{"floor":16.0,"key":"Swift Potion"}],"is_trial":false,"path_per_floor":["M","?","?","M","?","R","$","E","T","E","R","E","M","E","R","B",null,"M","M","M","M","$","R","M","R","T","E","R","E","M","M","R","B",null,"M","M","?","M","?","E"],"character_chosen":"WATCHER","items_purchased":["Ragnarok","Explosive Potion","Apotheosis","Damaru","WindmillStrike"],"campfire_rested":2,"item_purchase_floors":[7,7,22,22,22],"current_hp_per_floor":[72,54,54,54,59,59,59,50,50,50,50,44,46,44,44,31,77,77,72,61,62,62,62,49,49,49,30,53,28,28,31,54,58,77,74,72,72,60,60,0,0],"gold":391,"neow_bonus":"THREE_RARE_CARDS","is_daily":false,"chose_seed":false,"campfire_upgraded":5,"win_rate":0.0,"timestamp":1610584405,"path_taken":["M","?","?","M","?","R","$","E","T","E","R","E","M","E","R","BOSS","M","M","M","M","$","R","M","R","T","E","R","E","M","M","R","BOSS","M","M","?","?","?","E"],"items_purchased_type":["Card","Potion","Card","Relic","Card"],"build_version":"2020-12-22","purchased_purges":2,"victory":false,"max_hp_per_floor":[72,72,72,72,77,77,77,77,77,77,77,77,77,77,77,77,77,77,77,77,77,77,77,77,77,77,77,77,77,77,77,77,77,77,77,77,77,77,77,77,77],"relic_stats":{"Blood Vial":32,"Sozu":5,"counters":[22,91],"Golden Idol":144,"Bird Faced Urn":[16],"War Paint":["Defend_P","Defend_P"],"Smiling Mask":50,"obtain_stats":[{"Blood Vial":8,"Sozu":17,"Golden Idol":2,"Bird Faced Urn":10,"Damaru":22,"Philosopher\u0027s Stone":34,"Bag of Marbles":29,"PureWater":0,"War Paint":14,"Smiling Mask":9,"Unceasing Top":12,"InkBottle":27},{"Blood Vial":3,"Sozu":8,"Golden Idol":1,"Bird Faced Urn":4,"Damaru":12,"Philosopher\u0027s Stone":18,"Bag of Marbles":15,"PureWater":0,"War Paint":7,"Smiling Mask":3,"Unceasing Top":5,"InkBottle":14},{"Blood Vial":8,"Sozu":29,"Golden Idol":2,"Bird Faced Urn":11,"Damaru":43,"Philosopher\u0027s Stone":72,"Bag of Marbles":57,"PureWater":0,"War Paint":21,"Smiling Mask":8,"Unceasing Top":14,"InkBottle":52}],"Unceasing Top":[6],"InkBottle":[15]},"card_choices":[{"not_picked":["DeusExMachina","Devotion"],"picked":"Brilliance","floor":0.0},{"not_picked":["Fasting2","InnerPeace"],"picked":"EmptyFist","floor":1.0},{"not_picked":["Evaluate","EmptyFist"],"picked":"EmptyBody","floor":4.0},{"not_picked":["Swivel","BowlingBash"],"picked":"SashWhip","floor":8.0},{"not_picked":["MasterReality","Weave"],"picked":"Wallop","floor":10.0},{"not_picked":["BattleHymn","FlyingSleeves"],"picked":"FearNoEvil","floor":12.0},{"not_picked":["Protect","EmptyBody"],"picked":"FlurryOfBlows","floor":13.0},{"not_picked":["Evaluate","FollowUp"],"picked":"ThirdEye","floor":14.0},{"not_picked":["Ragnarok","Establishment"],"picked":"Alpha","floor":16.0},{"not_picked":["PathToVictory","CrushJoints"],"picked":"Consecrate+1","floor":18.0},{"not_picked":["Meditate+1","Protect"],"picked":"WreathOfFlame","floor":19.0},{"not_picked":["EmptyFist+1","JustLucky+1"],"picked":"DeceiveReality","floor":20.0},{"not_picked":["FlyingSleeves","FollowUp"],"picked":"Conclude+1","floor":21.0},{"not_picked":["Protect","CarveReality"],"picked":"Halt+1","floor":24.0},{"not_picked":["WaveOfTheHand+1","EmptyBody"],"picked":"SandsOfTime","floor":27.0},{"not_picked":["ReachHeaven","ThirdEye"],"picked":"ForeignInfluence","floor":29.0},{"not_picked":["CrushJoints","Wireheading"],"picked":"LikeWater+1","floor":30.0},{"not_picked":["Evaluate","Pray"],"picked":"CutThroughFate+1","floor":31.0},{"not_picked":["Scrawl","Ragnarok"],"picked":"Brilliance","floor":33.0},{"not_picked":["CarveReality","SignatureMove+1"],"picked":"Evaluate+1","floor":35},{"not_picked":["ClearTheMind","EmptyFist"],"picked":"Establishment","floor":36},{"not_picked":["ClearTheMind+1","PathToVictory"],"picked":"MentalFortress+1","floor":38},{"not_picked":["Secret Weapon","Jack Of All Trades"],"picked":"Metamorphosis","floor":39}],"player_experience":342035,"relics_obtained":[{"floor":8.0,"key":"Blood Vial"},{"floor":9.0,"key":"Smiling Mask"},{"floor":10.0,"key":"Bird Faced Urn"},{"floor":12.0,"key":"Unceasing Top"},{"floor":14.0,"key":"War Paint"},{"floor":27.0,"key":"InkBottle"},{"floor":29.0,"key":"Bag of Marbles"}],"event_choices":[{"damage_healed":0.0,"max_hp_gain":0.0,"max_hp_loss":0.0,"gold_gain":0.0,"event_name":"Golden Idol","player_choice":"Take Damage","floor":2.0,"gold_loss":0.0,"damage_taken":18.0,"relics_obtained":["Golden Idol"]},{"damage_healed":0.0,"max_hp_gain":0.0,"max_hp_loss":0.0,"gold_gain":175.0,"event_name":"Liars Game","player_choice":"AGREE","floor":3.0,"gold_loss":0.0,"damage_taken":0.0,"cards_obtained":["Doubt"]},{"damage_healed":0.0,"max_hp_gain":5.0,"max_hp_loss":0.0,"gold_gain":0.0,"event_name":"Big Fish","player_choice":"Donut","floor":5.0,"gold_loss":0.0,"damage_taken":0.0},{"damage_healed":0,"gold_gain":0,"player_choice":"3 cards matched","damage_taken":0,"max_hp_gain":0,"max_hp_loss":0,"event_name":"Match and Keep!","floor":37,"gold_loss":0,"cards_obtained":["Regret","Halt","Panacea"]},{"damage_healed":0,"gold_gain":0,"player_choice":"Memory 1","damage_taken":0,"max_hp_gain":0,"max_hp_loss":0,"event_name":"SensoryStone","floor":39,"gold_loss":0}],"is_beta":false,"boss_relics":[{"not_picked":["Astrolabe","Velvet Choker"],"picked":"Sozu"},{"not_picked":["Cursed Key","VioletLotus"],"picked":"Philosopher\u0027s Stone"}],"items_purged_floors":[7,22],"is_endless":false,"potions_floor_spawned":[8,10,12,16,21,27,30,33,35],"killed_by":"Giant Head","ascension_level":1}}