{"host":"kabf61oc9jgfwufg","time":1610645389,"event":{"mods":["AchievementEnabler","Act Like it!","Aspiration","BaseMod","Conspire","Energized Spire","GifTheSpireLib","GungeonMod","Halation","HexUI Lib","Hubris","Infinite Spire","Minty Spire (QoL Compilation)","Quick Restart","Rare Cards Sparkle","Replay The Spire","Shop Mod","StSLib"],"gold_per_floor":[114,114,37,50,50,79,79,109,109,120,135,155,171,206,206,302,302,316,316,341,354,92,92,92],"floor_reached":23,"language":"ENG","playtime":895,"items_purged":[],"score":274,"play_id":"117f31b2-0494-4b7d-9fa3-2cf478ef7379","local_time":"20210114172949","is_ascension_mode":true,"campfire_choices":[{"floor":15.0,"key":"REST"}],"circlet_count":0,"master_deck":["Eruption","Vigilance","WheelKick","TalkToTheHand","Survey Options","Halt","Evaluate","CutThroughFate","FlurryOfBlows","LessonLearned","Crescendo","FearNoEvil","MasterReality+1","ConjureBlade","Ragnarok","Collect","Perseverance","Establishment","FlurryOfBlows","LikeWater"],"relics":["PureWater","NeowsBlessing","halation:LostSnail","infinitespire:Golems Mask","DemoMod:PartiallyEatenCheese","Replay:Accelerometer","hubris:Potato","Pandora\u0027s Box","Red Mask","DemoMod:ChaffGrenade","aspiration:Lifesprig"],"acts_visited":["Exordium","TheCity"],"potions_floor_usage":[23],"damage_taken":[{"damage":0.0,"enemies":"2 Louse","floor":1.0,"turns":2.0},{"damage":0.0,"enemies":"Cultist","floor":4.0,"turns":1.0},{"damage":0.0,"enemies":"Lagavulin","floor":6.0,"turns":1.0},{"damage":41.0,"enemies":"3 Sentries","floor":8.0,"turns":10.0},{"damage":7.0,"enemies":"Jaw Worm","floor":10.0,"turns":2.0},{"damage":18.0,"enemies":"Lots of Slimes","floor":11.0,"turns":5.0},{"damage":0.0,"enemies":"Looter","floor":12.0,"turns":3.0},{"damage":5.0,"enemies":"2 Fungi Beasts","floor":13.0,"turns":2.0},{"damage":0.0,"enemies":"Lagavulin","floor":14.0,"turns":1.0},{"damage":12.0,"enemies":"The Guardian","floor":16.0,"turns":12.0},{"damage":16.0,"enemies":"Shell Parasite","floor":18.0,"turns":5.0},{"damage":34.0,"enemies":"Masked Bandits","floor":20.0,"turns":5.0},{"damage":0.0,"enemies":"Spheric Guardian","floor":21.0,"turns":2.0},{"damage":23,"enemies":"Slavers","floor":23,"turns":3}],"seed_played":"3826493933528994632","potions_obtained":[{"floor":1.0,"key":"Block Potion"},{"floor":2.0,"key":"Explosive Potion"},{"floor":2.0,"key":"Reflective Coating"},{"floor":2.0,"key":"conspire:TimeTravelPotion"},{"floor":11.0,"key":"Fire Potion"},{"floor":14.0,"key":"Fire Potion"},{"floor":16.0,"key":"Explosive Potion"},{"floor":20.0,"key":"SkillPotion"},{"floor":21.0,"key":"Weak Potion"}],"is_trial":false,"path_per_floor":["M","?","$","M","$","E","?","E","T","M","M","M","M","E","R","B",null,"M","?","?","M","$","E"],"character_chosen":"WATCHER","items_purchased":["halation:LostSnail","DemoMod:ChaffGrenade","aspiration:Lifesprig"],"campfire_rested":1,"item_purchase_floors":[3,22,22],"current_hp_per_floor":[72,72,72,72,72,72,72,31,31,24,19,19,14,14,35,23,72,56,56,22,22,22,0,0],"gold":92,"neow_bonus":"THREE_ENEMY_KILL","is_daily":false,"chose_seed":false,"campfire_upgraded":0,"win_rate":0.0,"timestamp":1610645389,"path_taken":["M","?","$","?","$","E","?","E","T","?","M","M","M","E","R","BOSS","M","?","?","M","?","E"],"items_purchased_type":["Relic","Relic","Relic"],"build_version":"2020-12-22","purchased_purges":0,"victory":false,"max_hp_per_floor":[72,72,72,72,72,72,72,72,72,72,72,72,72,72,72,72,72,72,72,72,72,72,72,72],"card_choices":[{"not_picked":["Replay:Battleflow","SashWhip","Nirvana"],"picked":"SKIP","floor":1.0},{"not_picked":["Consecrate","Replay:ManipulateFuture"],"picked":"WheelKick","floor":4.0},{"not_picked":["Evaluate","Worship"],"picked":"TalkToTheHand","floor":6.0},{"not_picked":["SashWhip","Replay:Battleflow"],"picked":"Halt","floor":8.0},{"not_picked":["CrushJoints","BowlingBash","Replay:DivineShield"],"picked":"SKIP","floor":10.0},{"not_picked":["Wallop","DeusExMachina"],"picked":"Evaluate","floor":11.0},{"not_picked":["Replay:Vibes","ThirdEye"],"picked":"CutThroughFate","floor":12.0},{"not_picked":["CrushJoints","Replay:ManipulateFuture","JustLucky"],"picked":"SKIP","floor":13.0},{"not_picked":["EmptyFist","CrushJoints"],"picked":"FlurryOfBlows","floor":14.0},{"not_picked":["Devotion","Blasphemy"],"picked":"LessonLearned","floor":16.0},{"not_picked":["InnerPeace","JustLucky"],"picked":"FlurryOfBlows","floor":18.0},{"not_picked":["JustLucky","EmptyFist"],"picked":"LikeWater","floor":20.0},{"not_picked":["Conclude","BowlingBash","Collect"],"picked":"SKIP","floor":21.0}],"player_experience":101017,"relics_obtained":[{"floor":6.0,"key":"infinitespire:Golems Mask"},{"floor":8.0,"key":"DemoMod:PartiallyEatenCheese"},{"floor":9.0,"key":"Replay:Accelerometer"},{"floor":14.0,"key":"hubris:Potato"},{"floor":20.0,"key":"Red Mask"}],"event_choices":[{"damage_healed":0.0,"max_hp_gain":0.0,"max_hp_loss":0.0,"gold_gain":0.0,"event_name":"Lab","player_choice":"Got Potions","floor":2.0,"gold_loss":0.0,"damage_taken":0.0},{"damage_healed":0.0,"max_hp_gain":0.0,"max_hp_loss":0.0,"gold_gain":0.0,"event_name":"Match and Keep!","player_choice":"1 cards matched","floor":7.0,"gold_loss":0.0,"damage_taken":0.0,"cards_obtained":["Survey Options"]},{"damage_healed":0.0,"max_hp_gain":0.0,"max_hp_loss":0.0,"gold_gain":0.0,"event_name":"Vampires","player_choice":"Ignored","floor":19.0,"gold_loss":0.0,"damage_taken":0.0},{"damage_healed":0.0,"max_hp_gain":0.0,"max_hp_loss":0.0,"gold_gain":0.0,"event_name":"Masked Bandits","player_choice":"Fought Bandits","floor":20.0,"gold_loss":0.0,"damage_taken":0.0}],"is_beta":false,"boss_relics":[{"not_picked":["energizedSpire:SpiderWeb","aspiration:RandomNobGenerator"],"picked":"Pandora\u0027s Box"}],"items_purged_floors":[],"is_endless":false,"potions_floor_spawned":[1,6,10,11,14,16,20,21],"killed_by":"Slavers","ascension_level":1}}