{"host":"Jedit","time":1610666464,"event":{"mods":["BaseMod","Minty Spire (QoL Compilation)","Relic Stats","StSLib"],"gold_per_floor":[116,41,58,333,19,19,77,77,77,40,77,128,163,223,223,299,299,317,317,317,317],"floor_reached":20,"language":"ENG","playtime":578,"items_purged":["Regret"],"score":430,"play_id":"c0fd7e3e-2653-473c-a4c0-9518ac8c228b","local_time":"20210114232104","is_ascension_mode":true,"campfire_choices":[{"data":"HandOfGreed","floor":6.0,"key":"SMITH"},{"data":"Noxious Fumes","floor":8.0,"key":"SMITH"},{"floor":15,"key":"REST"}],"circlet_count":0,"master_deck":["AscendersBane","Strike_G","Strike_G","Strike_G","Strike_G","Strike_G","Defend_G","Defend_G","Defend_G","Defend_G","Survivor","Neutralize","Deadly Poison","Poisoned Stab","Noxious Fumes+1","HandOfGreed+1","Deadly Poison","Footwork","Slice","Burst","Acrobatics","Noxious Fumes","Die Die Die","Acrobatics"],"relics":["Ring of the Snake","NeowsBlessing","Pantograph","Mummified Hand","Matryoshka","Sundial","HoveringKite"],"acts_visited":["Exordium","TheCity"],"potions_floor_usage":[14,20],"damage_taken":[{"damage":0.0,"enemies":"Small Slimes","floor":1.0,"turns":1.0},{"damage":0.0,"enemies":"2 Louse","floor":3.0,"turns":1.0},{"damage":0.0,"enemies":"Lagavulin","floor":7.0,"turns":2.0},{"damage":4.0,"enemies":"Cultist","floor":11.0,"turns":3.0},{"damage":29.0,"enemies":"Gremlin Nob","floor":12.0,"turns":4.0},{"damage":0.0,"enemies":"Large Slime","floor":13.0,"turns":4.0},{"damage":15,"enemies":"3 Sentries","floor":14,"turns":6},{"damage":47,"enemies":"Slime Boss","floor":16,"turns":8},{"damage":31,"enemies":"2 Thieves","floor":18,"turns":4},{"damage":8,"enemies":"Spheric Guardian","floor":20,"turns":5}],"seed_played":"875956590775294235","potions_obtained":[{"floor":7.0,"key":"SpeedPotion"},{"floor":11.0,"key":"PowerPotion"},{"floor":16,"key":"SpeedPotion"}],"is_trial":false,"path_per_floor":["M","?","M","?","$","R","E","R","T","$","M","E","M","E","R","B",null,"M","?","M"],"character_chosen":"THE_SILENT","items_purchased":["Noxious Fumes","HandOfGreed","Footwork"],"campfire_rested":1,"item_purchase_floors":[5,5,10],"current_hp_per_floor":[59,59,59,59,59,59,59,59,59,59,55,26,26,11,30,8,52,21,21,13,13],"gold":317,"neow_bonus":"THREE_ENEMY_KILL","is_daily":false,"chose_seed":false,"campfire_upgraded":2,"win_rate":0.0,"timestamp":1610666464,"path_taken":["M","?","M","?","$","R","E","R","T","$","M","E","?","E","R","BOSS","M","?","M"],"items_purchased_type":["Card","Card","Card"],"build_version":"2020-12-18","purchased_purges":1,"victory":false,"max_hp_per_floor":[66,66,66,66,66,66,66,66,66,66,66,66,66,66,66,66,66,66,66,66,66],"relic_stats":{"counters":[10,38],"Mummified Hand":[17],"Sundial":[0],"Pantograph":25,"HoveringKite":[1],"obtain_stats":[{"Matryoshka":12,"NeowsBlessing":0,"Mummified Hand":9,"Sundial":14,"Pantograph":7,"HoveringKite":17,"Ring of the Snake":0},{"Matryoshka":5,"NeowsBlessing":0,"Mummified Hand":3,"Sundial":7,"Pantograph":3,"HoveringKite":8,"Ring of the Snake":0},{"Matryoshka":11,"NeowsBlessing":0,"Mummified Hand":4,"Sundial":21,"Pantograph":4,"HoveringKite":29,"Ring of the Snake":0}],"Ring of the Snake":[20]},"card_choices":[{"not_picked":["Backflip","Prepared"],"picked":"Deadly Poison","floor":1.0},{"not_picked":["Expertise","Slice"],"picked":"Poisoned Stab","floor":3.0},{"not_picked":["Tools of the Trade","Heel Hook"],"picked":"Deadly Poison","floor":7.0},{"not_picked":["Flying Knee","Heel Hook"],"picked":"Slice","floor":11.0},{"not_picked":["Glass Knife","Concentrate"],"picked":"Burst","floor":12.0},{"not_picked":["Blade Dance","Poisoned Stab"],"picked":"Acrobatics","floor":13.0},{"not_picked":["Outmaneuver","Backflip"],"picked":"Noxious Fumes","floor":14},{"not_picked":["Venomology","After Image"],"picked":"Die Die Die","floor":16},{"not_picked":["Quick Slash","Underhanded Strike"],"picked":"Acrobatics","floor":18}],"player_experience":3451016,"relics_obtained":[{"floor":7.0,"key":"Pantograph"},{"floor":9.0,"key":"Mummified Hand"},{"floor":12.0,"key":"Matryoshka"},{"floor":14,"key":"Sundial"}],"event_choices":[{"cards_removed":["Defend_G"],"damage_healed":0.0,"max_hp_gain":0.0,"max_hp_loss":0.0,"gold_gain":0.0,"event_name":"The Cleric","player_choice":"Card Removal","floor":2.0,"gold_loss":75.0,"damage_taken":0.0},{"damage_healed":0.0,"max_hp_gain":0.0,"max_hp_loss":0.0,"gold_gain":275.0,"event_name":"Golden Shrine","player_choice":"Desecrate","floor":4.0,"gold_loss":0.0,"damage_taken":0.0,"cards_obtained":["Regret"]},{"damage_healed":0,"gold_gain":0,"player_choice":"Ignored","damage_taken":0,"max_hp_gain":0,"max_hp_loss":0,"event_name":"Cursed Tome","floor":19,"gold_loss":0}],"is_beta":true,"boss_relics":[{"not_picked":["WristBlade","Ring of the Serpent"],"picked":"HoveringKite"}],"items_purged_floors":[5],"is_endless":false,"potions_floor_spawned":[7,11,16],"killed_by":"Spheric Guardian","ascension_level":20}}