{"host":"640uue19m79c7wbt","time":1610590930,"event":{"mods":["BaseMod","Colored Map","Googly Eyes","Highlight Path","Minty Spire (QoL Compilation)","Quick Restart","StSLib"],"gold_per_floor":[113,127,49,124,124,154,171,189,189,189,189,189,204,230,230,330,330,314,314,25,25,25,25,45,45,45],"floor_reached":25,"language":"ENG","playtime":745,"items_purged":[],"score":339,"play_id":"e15ca95f-7aa6-465e-be98-c473d87326d4","local_time":"20210113212210","is_ascension_mode":true,"campfire_choices":[{"floor":10.0,"key":"REST"},{"data":"Terror","floor":12.0,"key":"SMITH"},{"data":"Cloak And Dagger","floor":15.0,"key":"SMITH"},{"data":"Tools of the Trade","floor":23,"key":"SMITH"}],"circlet_count":0,"master_deck":["Strike_G","Strike_G","Strike_G","Strike_G","Defend_G","Defend_G","Defend_G","Defend_G","Defend_G","Survivor","Neutralize","Well Laid Plans","Accuracy","Infinite Blades","Cloak And Dagger+1","Skewer","Terror+1","Choke","Bouncing Flask","Tools of the Trade+1","Riddle With Holes","Noxious Fumes"],"relics":["Ring of the Snake","NeowsBlessing","Bottled Tornado","White Beast Statue","Pantograph","Pear","SlaversCollar","The Specimen","Turnip","Nilry\u0027s Codex"],"acts_visited":["Exordium","TheCity"],"potions_floor_usage":[18,24,24],"damage_taken":[{"damage":0.0,"enemies":"Jaw Worm","floor":1.0,"turns":1.0},{"damage":0.0,"enemies":"Cultist","floor":2.0,"turns":1.0},{"damage":0.0,"enemies":"Gremlin Nob","floor":6.0,"turns":1.0},{"damage":3.0,"enemies":"2 Louse","floor":7.0,"turns":3.0},{"damage":41.0,"enemies":"Exordium Thugs","floor":8.0,"turns":5.0},{"damage":0.0,"enemies":"Large Slime","floor":13.0,"turns":5.0},{"damage":10.0,"enemies":"Lagavulin","floor":14.0,"turns":5.0},{"damage":19.0,"enemies":"Hexaghost","floor":16.0,"turns":8.0},{"damage":39,"enemies":"2 Thieves","floor":18,"turns":4},{"damage":8,"enemies":"Spheric Guardian","floor":24,"turns":4},{"damage":55,"enemies":"Slavers","floor":25,"turns":4}],"seed_played":"-2215689951904875112","potions_obtained":[{"floor":1.0,"key":"SteroidPotion"},{"floor":13.0,"key":"SteroidPotion"},{"floor":14.0,"key":"Explosive Potion"},{"floor":16.0,"key":"Weak Potion"},{"floor":18,"key":"FearPotion"},{"floor":24,"key":"Swift Potion"}],"is_trial":false,"path_per_floor":["M","M","$","?","?","E","M","M","T","R","T","R","M","E","R","B",null,"M","?","$","T","?","R","M","E"],"character_chosen":"THE_SILENT","items_purchased":["Infinite Blades","The Specimen"],"campfire_rested":1,"item_purchase_floors":[3,20],"current_hp_per_floor":[63,63,63,52,52,52,49,8,8,29,29,29,29,29,29,35,69,30,80,80,80,64,64,56,1,1],"gold":45,"neow_bonus":"THREE_ENEMY_KILL","is_daily":false,"chose_seed":false,"campfire_upgraded":3,"win_rate":0.0,"timestamp":1610590930,"path_taken":["M","M","$","?","?","E","?","M","T","R","?","R","M","E","R","BOSS","M","?","$","?","?","R","M","E"],"items_purchased_type":["Card","Relic"],"build_version":"2020-12-22","purchased_purges":0,"victory":false,"max_hp_per_floor":[70,70,70,70,70,70,70,70,70,70,70,70,70,80,80,80,80,80,80,80,80,80,80,80,80,80],"card_choices":[{"not_picked":["Sucker Punch","Acrobatics"],"picked":"Well Laid Plans","floor":1.0},{"not_picked":["Leg Sweep","Prepared"],"picked":"Accuracy","floor":2.0},{"not_picked":["Prepared","Dagger Spray"],"picked":"Cloak And Dagger","floor":6.0},{"not_picked":["Riddle With Holes","Flechettes"],"picked":"Skewer","floor":7.0},{"not_picked":["Endless Agony","Dagger Spray"],"picked":"Terror","floor":8.0},{"not_picked":["Deflect","Backflip"],"picked":"Choke","floor":13.0},{"not_picked":["Outmaneuver","Dagger Throw"],"picked":"Bouncing Flask","floor":14.0},{"not_picked":["Glass Knife","Unload"],"picked":"Tools of the Trade","floor":16.0},{"not_picked":["Dagger Throw","Slice"],"picked":"Riddle With Holes","floor":18},{"not_picked":["Footwork","Distraction"],"picked":"Noxious Fumes","floor":24}],"player_experience":581345,"relics_obtained":[{"floor":6.0,"key":"Bottled Tornado"},{"floor":9.0,"key":"White Beast Statue"},{"floor":11.0,"key":"Pantograph"},{"floor":14.0,"key":"Pear"},{"floor":21,"key":"Turnip"},{"floor":22,"key":"Nilry\u0027s Codex"}],"event_choices":[{"damage_healed":0.0,"max_hp_gain":0.0,"max_hp_loss":0.0,"gold_gain":75.0,"event_name":"World of Goop","player_choice":"Gather Gold","floor":4.0,"gold_loss":0.0,"damage_taken":11.0},{"damage_healed":0.0,"max_hp_gain":0.0,"max_hp_loss":0.0,"gold_gain":0.0,"cards_transformed":["Strike_G"],"event_name":"Transmorgrifier","player_choice":"Transformed","floor":5.0,"gold_loss":0.0,"damage_taken":0.0,"cards_obtained":["Flechettes"]},{"cards_removed":["Flechettes"],"damage_healed":50,"gold_gain":0,"player_choice":"Offered Uncommon","damage_taken":0,"max_hp_gain":0,"max_hp_loss":0,"event_name":"Bonfire Elementals","floor":19,"gold_loss":0},{"damage_healed":0,"gold_gain":0,"player_choice":"Obtained Book","damage_taken":16,"max_hp_gain":0,"max_hp_loss":0,"event_name":"Cursed Tome","floor":22,"gold_loss":0}],"is_beta":false,"boss_relics":[{"not_picked":["Philosopher\u0027s Stone","Ring of the Serpent"],"picked":"SlaversCollar"}],"items_purged_floors":[],"is_endless":false,"potions_floor_spawned":[1,13,14,16,18,24],"killed_by":"Slavers","ascension_level":9}}