{"host":"n605f8gctjc87d7h","time":1610595395,"event":{"mods":["Aspiration","Bard","BaseMod","Better Match","Better Note","Better Skull","Better Third Choice","Conspire","Downfall","Halation","Infinite Spire","Minty Spire (QoL Compilation)","Replay The Spire","Retaliation","Shade Mod","Spicy Shops","StSLib","The IronCluck"],"gold_per_floor":[119,89,106,119,137,137,59,59,59,77,77,103,103,114,114,211,211,227,74,74,86,103,103,103,103],"floor_reached":24,"language":"ENG","playtime":1865,"items_purged":[],"score":297,"play_id":"095e8fea-0b5f-4fac-8593-b0eb0bfcaa3a","local_time":"20210113193635","is_ascension_mode":true,"campfire_choices":[{"floor":6.0,"key":"REST"},{"floor":8.0,"key":"REST"},{"floor":13.0,"key":"REST"},{"floor":15.0,"key":"REST"},{"floor":23,"key":"REST"}],"circlet_count":0,"master_deck":["AscendersBane","Strike_B","Strike_B","Strike_B","Defend_B","Defend_B+1","Defend_B","Defend_B","Zap","Dualcast","Rebound","Skim","Streamline+1","Sunder","ReplayTheSpireMod:System Scan","Core Surge","Self Repair+1","ReplayTheSpireMod:Dual Polarity"],"relics":["Ornamental Fan","Prayer Wheel","ReplayTheSpireMod:Onyx Gauntlets","Ginger","champ:PowerArmor","infinitespire:Chaos"],"acts_visited":["Exordium","TheCity"],"potions_floor_usage":[18,22,22,24],"damage_taken":[{"damage":1.0,"enemies":"Cultist","floor":1.0,"turns":4.0},{"damage":7.0,"enemies":"Jaw Worm","floor":3.0,"turns":3.0},{"damage":5.0,"enemies":"2 Louse","floor":4.0,"turns":4.0},{"damage":9.0,"enemies":"conspire:2 RoseBushes","floor":5.0,"turns":6.0},{"damage":11.0,"enemies":"3 Louse","floor":10.0,"turns":4.0},{"damage":21.0,"enemies":"Replay:BlueRogue","floor":12.0,"turns":6.0},{"damage":0.0,"enemies":"Blue Slaver","floor":14.0,"turns":3.0},{"damage":96.0,"enemies":"Fading Forest","floor":16.0,"turns":11.0},{"damage":33,"enemies":"3 Byrds","floor":18,"turns":8},{"damage":11,"enemies":"Chosen","floor":21,"turns":4},{"damage":24,"enemies":"Shelled Parasite and Fungi","floor":22,"turns":6},{"damage":40,"enemies":"Book of Stabbing","floor":24,"turns":5}],"seed_played":"6944928247321259506","potions_obtained":[{"floor":1.0,"key":"Swift Potion"},{"floor":2.0,"key":"ColorlessPotion"},{"floor":2.0,"key":"ColorlessPotion"},{"floor":4.0,"key":"Flashbang"},{"floor":14.0,"key":"PotionOfCapacity"},{"floor":16.0,"key":"LifebloodPotion"},{"floor":18,"key":"PowerPotion"},{"floor":21,"key":"Dexterity Potion"}],"is_trial":false,"path_per_floor":["M","?","M","M","M","R","$","R","T","M","?","E","R","M","R","B",null,"M","$","?","M","M","R","E"],"character_chosen":"DEFECT","items_purchased":["halation:PrussianBluePaint","infinitespire:Chaos"],"campfire_rested":5,"item_purchase_floors":[7,19],"current_hp_per_floor":[49,49,42,37,28,50,50,72,72,61,61,40,62,62,75,27,63,30,30,30,29,15,37,0,0],"gold":103,"neow_bonus":"ONE_RARE_RELIC","is_daily":false,"chose_seed":false,"campfire_upgraded":0,"win_rate":0.0,"timestamp":1610595395,"path_taken":["M","?","?","M","M","R","?","R","T","M","?","E","R","M","R","BOSS","M","$","?","M","M","R","E"],"items_purchased_type":["Relic","Relic"],"build_version":"2020-12-22","purchased_purges":0,"victory":false,"max_hp_per_floor":[75,75,75,75,75,75,75,75,75,75,75,75,75,75,75,75,75,75,75,75,75,75,75,75,75],"card_choices":[{"not_picked":["ReplaySolidLightProjector","Cold Snap"],"picked":"Rebound","floor":1.0},{"not_picked":["Sweeping Beam","Hologram","Rip and Tear"],"picked":"SKIP","floor":3.0},{"not_picked":["Force Field","Reboot"],"picked":"Skim","floor":4.0},{"not_picked":["Rebound","Chaos"],"picked":"Streamline","floor":5.0},{"not_picked":["Turbo","Streamline","Hologram"],"picked":"SKIP","floor":10.0},{"not_picked":["Turbo","Hologram"],"picked":"ReplayTheSpireMod:System Scan","floor":12.0},{"not_picked":["Beam Cell","Stack","Tempest"],"picked":"SKIP","floor":14.0},{"not_picked":["Reboot","Biased Cognition"],"picked":"Core Surge","floor":16.0},{"not_picked":["Genetic Algorithm","Redo"],"picked":"Self Repair","floor":18},{"not_picked":["aspiration:Polymerization","Streamline"],"picked":"ReplayTheSpireMod:Dual Polarity","floor":21},{"not_picked":["ReplayGash","Blizzard","Rebound"],"picked":"SKIP","floor":21},{"not_picked":["Gash","Storm+1","Conserve Battery"],"picked":"SKIP","floor":22},{"not_picked":["Heatsinks+1","Coolheaded","Crystallizer"],"picked":"SKIP","floor":22}],"player_experience":672089,"relics_obtained":[{"floor":9.0,"key":"Gremlin Food"},{"floor":12.0,"key":"Akabeko"}],"event_choices":[{"damage_healed":0.0,"max_hp_gain":0.0,"max_hp_loss":0.0,"gold_gain":0.0,"event_name":"The Woman in Blue","player_choice":"Bought 2 Potions","floor":2.0,"gold_loss":0.0,"damage_taken":0.0},{"damage_healed":0.0,"max_hp_gain":0.0,"max_hp_loss":0.0,"gold_gain":0.0,"cards_transformed":["Strike_B"],"event_name":"Transmorgrifier","player_choice":"Transformed","floor":11.0,"gold_loss":0.0,"damage_taken":0.0,"cards_obtained":["Sunder"]},{"damage_healed":0,"gold_gain":0,"player_choice":"Forge","damage_taken":0,"max_hp_gain":0,"max_hp_loss":0,"event_name":"Accursed Blacksmith","floor":20,"gold_loss":0,"cards_upgraded":["Self Repair"]}],"is_beta":false,"boss_relics":[{"not_picked":["Abe\u0027s Treasure","halation:Yufonium","halation:CatFaceCupcake"]}],"items_purged_floors":[],"is_endless":false,"potions_floor_spawned":[1,4,14,16,18,21],"killed_by":"Book of Stabbing","ascension_level":10}}