{"host":"o7j6aatxjwpw1421","time":1610626028,"event":{"mods":["2.2 Compatiblity","AchievementEnabler","BaseMod","Colored Map","DeckTracker","Highlight Path","Keyboard Shortcuts","Minty Spire (QoL Compilation)","Permanent Neow","Quick Restart","StSLib","SuperFastMode","everything is the same but u backflip on backflip"],"gold_per_floor":[13,13,33,133,146,146,179,179,179,329,355,108,108,136,136,207,207,219,230,247,247,247],"floor_reached":21,"language":"KOR","playtime":760,"items_purged":["Doubt"],"score":482,"play_id":"3b59cdb7-c385-4882-882f-7bf4c96e762f","local_time":"20210114210708","is_ascension_mode":true,"campfire_choices":[{"data":"Pommel Strike","floor":6.0,"key":"SMITH"},{"data":"Inflame","floor":8.0,"key":"SMITH"},{"data":"Whirlwind","floor":13.0,"key":"SMITH"},{"data":"Pummel","floor":15.0,"key":"SMITH"}],"circlet_count":0,"master_deck":["AscendersBane","Bash","Iron Wave","Pummel+1","Pommel Strike+1","Inflame+1","Whirlwind+1","Battle Trance","Corruption","Seeing Red","Havoc","Dark Embrace","Hemokinesis","Disarm","Inflame","Second Wind","Sentinel","Flex+1"],"relics":["Burning Blood","Juzu Bracelet","Pantograph","Calipers","TheAbacus","Bag of Preparation","Pandora\u0027s Box"],"acts_visited":["Exordium","TheCity"],"potions_floor_usage":[21],"damage_taken":[{"damage":6.0,"enemies":"Jaw Worm","floor":1.0,"turns":4.0},{"damage":1.0,"enemies":"Cultist","floor":3.0,"turns":3.0},{"damage":11.0,"enemies":"2 Louse","floor":5.0,"turns":2.0},{"damage":25.0,"enemies":"3 Sentries","floor":7.0,"turns":10.0},{"damage":20.0,"enemies":"Lagavulin","floor":11.0,"turns":5.0},{"damage":10.0,"enemies":"3 Sentries","floor":14.0,"turns":5.0},{"damage":0.0,"enemies":"Slime Boss","floor":16.0,"turns":5.0},{"damage":5.0,"enemies":"3 Byrds","floor":18.0,"turns":3.0},{"damage":22.0,"enemies":"2 Thieves","floor":19.0,"turns":2.0},{"damage":29.0,"enemies":"Snake Plant","floor":20.0,"turns":3.0},{"damage":34,"enemies":"Snecko","floor":21,"turns":3}],"seed_played":"-6113249092198684574","potions_obtained":[{"floor":1.0,"key":"PowerPotion"},{"floor":7.0,"key":"DuplicationPotion"},{"floor":16.0,"key":"Energy Potion"},{"floor":18.0,"key":"FearPotion"}],"is_trial":false,"path_per_floor":["M","?","M","?","M","R","E","R","T","?","E","$","R","E","R","B",null,"M","M","M","M"],"character_chosen":"IRONCLAD","items_purchased":["TheAbacus"],"campfire_rested":0,"item_purchase_floors":[12],"current_hp_per_floor":[68,68,73,73,68,68,49,49,49,49,35,35,35,31,31,62,72,73,57,34,0,0],"gold":247,"neow_bonus":"TRANSFORM_TWO_CARDS","is_daily":false,"chose_seed":false,"campfire_upgraded":4,"win_rate":0.0,"timestamp":1610626028,"path_taken":["M","?","?","?","M","R","E","R","T","?","E","$","R","E","R","BOSS","M","M","M","M"],"items_purchased_type":["Relic"],"build_version":"2020-12-22","purchased_purges":1,"victory":false,"max_hp_per_floor":[75,75,75,75,75,75,75,75,75,75,75,75,75,75,75,75,75,75,75,75,75,75],"card_choices":[{"not_picked":["Disarm","Infernal Blade","Clash"],"picked":"SKIP","floor":1.0},{"not_picked":["Clash","Metallicize"],"picked":"Pommel Strike","floor":3.0},{"not_picked":["Clothesline","Clash","Iron Wave"],"picked":"SKIP","floor":5.0},{"not_picked":["Armaments","Body Slam"],"picked":"Inflame","floor":7.0},{"not_picked":["Demon Form","Body Slam"],"picked":"Whirlwind","floor":11.0},{"not_picked":["Body Slam","Demon Form"],"picked":"Battle Trance","floor":14.0},{"not_picked":["Demon Form","Barricade"],"picked":"Corruption","floor":16.0},{"not_picked":["Sword Boomerang","Pummel"],"picked":"Second Wind","floor":18.0},{"not_picked":["Reckless Charge","Warcry"],"picked":"Sentinel","floor":19.0},{"not_picked":["Perfected Strike","Reckless Charge"],"picked":"Flex+1","floor":20.0}],"player_experience":505869,"relics_obtained":[{"floor":7.0,"key":"Juzu Bracelet"},{"floor":9.0,"key":"Pantograph"},{"floor":11.0,"key":"Calipers"},{"floor":14.0,"key":"Bag of Preparation"}],"event_choices":[{"cards_removed":["Strike_R"],"damage_healed":0.0,"max_hp_gain":0.0,"max_hp_loss":0.0,"gold_gain":0.0,"event_name":"Purifier","player_choice":"Purged","floor":2.0,"gold_loss":0.0,"damage_taken":0.0},{"damage_healed":0.0,"max_hp_gain":0.0,"max_hp_loss":0.0,"gold_gain":100.0,"event_name":"Wheel of Change","player_choice":"Gold","floor":4.0,"gold_loss":0.0,"damage_taken":0.0},{"damage_healed":0.0,"max_hp_gain":0.0,"max_hp_loss":0.0,"gold_gain":150.0,"event_name":"Liars Game","player_choice":"AGREE","floor":10.0,"gold_loss":0.0,"damage_taken":0.0,"cards_obtained":["Doubt"]}],"is_beta":false,"boss_relics":[{"not_picked":["Snecko Eye","Coffee Dripper"],"picked":"Pandora\u0027s Box"}],"items_purged_floors":[12],"is_endless":false,"potions_floor_spawned":[1,7,16,18],"killed_by":"Snecko","ascension_level":19}}