{"host":"5h7tnviy6ct1qpjn","time":1610644673,"event":{"mods":["AchievementEnabler","BaseMod","BetterRewards","Colored Powertips","Minty Spire (QoL Compilation)","Shop Mod","StSLib"],"gold_per_floor":[118,118,181,24,35,185,204,232,257,268,268,287,306,127,127,228,228,241,291,266,316,100,100,120,170,170,230,249,249,284,296,296,394,394,407,457,470,487,172,172,197,197,223,373,373,439,439,456,456,456,456],"floor_reached":50,"language":"ENG","playtime":2285,"items_purged":["Parasite"],"score":519,"play_id":"2a4f5473-cfb7-49bc-acaf-49e03f6e0ba7","local_time":"20210114181753","is_ascension_mode":false,"campfire_choices":[{"data":"Entrench","floor":11,"key":"SMITH"},{"floor":15,"key":"REST"},{"data":"Mayhem","floor":23,"key":"SMITH"},{"data":"Heavy Blade","floor":29,"key":"SMITH"},{"data":"Double Tap","floor":32,"key":"SMITH"},{"data":"Heavy Blade","floor":40,"key":"SMITH"},{"data":"Flame Barrier","floor":42,"key":"SMITH"},{"data":"Uppercut","floor":45,"key":"SMITH"},{"floor":47,"key":"REST"},{"data":"Cleave","floor":49,"key":"SMITH"}],"circlet_count":0,"master_deck":["Strike_R","Strike_R","Strike_R","Defend_R","Defend_R","Defend_R","Defend_R","Bash","Thunderclap","Flex","Shrug It Off","Shrug It Off","Entrench+1","Dropkick","Thunderclap","Seeing Red","Inflame","Double Tap+1","Cleave+1","Inflame","Heavy Blade+1","Mayhem+1","Metallicize+1","Infernal Blade","Impervious","Heavy Blade+1","Parasite","Uppercut+1","Metamorphosis","Flame Barrier+1","Parasite","Infernal Blade+1"],"relics":["Burning Blood","SsserpentHead","Bronze Scales","PreservedInsect","Tiny Chest","Orichalcum","Sozu","Dream Catcher","Oddly Smooth Stone","Cursed Key","Singing Bowl","Toy Ornithopter","Boot"],"acts_visited":["Exordium","TheCity","TheBeyond"],"potions_floor_usage":[7,27,27,50],"damage_taken":[{"damage":3,"enemies":"Small Slimes","floor":1,"turns":3},{"damage":6,"enemies":"Cultist","floor":3,"turns":3},{"damage":6,"enemies":"Jaw Worm","floor":5,"turns":4},{"damage":11,"enemies":"Exordium Thugs","floor":7,"turns":5},{"damage":30,"enemies":"Gremlin Nob","floor":8,"turns":4},{"damage":5,"enemies":"3 Louse","floor":10,"turns":3},{"damage":18,"enemies":"Exordium Wildlife","floor":12,"turns":4},{"damage":4,"enemies":"Blue Slaver","floor":13,"turns":4},{"damage":51,"enemies":"Hexaghost","floor":16,"turns":10},{"damage":6,"enemies":"Shell Parasite","floor":18,"turns":4},{"damage":19,"enemies":"2 Thieves","floor":24,"turns":4},{"damage":2,"enemies":"Centurion and Healer","floor":27,"turns":7},{"damage":20,"enemies":"3 Cultists","floor":28,"turns":5},{"damage":20,"enemies":"Book of Stabbing","floor":30,"turns":5},{"damage":14,"enemies":"Snecko","floor":31,"turns":5},{"damage":28,"enemies":"Champ","floor":33,"turns":9},{"damage":9,"enemies":"Orb Walker","floor":35,"turns":3},{"damage":6,"enemies":"3 Shapes","floor":37,"turns":3},{"damage":15,"enemies":"Writhing Mass","floor":38,"turns":5},{"damage":36,"enemies":"Reptomancer","floor":41,"turns":6},{"damage":20,"enemies":"3 Darklings","floor":46,"turns":6},{"damage":11,"enemies":"Jaw Worm Horde","floor":48,"turns":5},{"damage":87,"enemies":"Donu and Deca","floor":50,"turns":7}],"seed_played":"6215263355994943079","potions_obtained":[{"floor":1,"key":"AttackPotion"},{"floor":7,"key":"BloodPotion"},{"floor":10,"key":"PowerPotion"},{"floor":13,"key":"BlessingOfTheForge"}],"is_trial":false,"path_per_floor":["M","?","M","$","M","?","M","E","T","M","R","M","M","$","R","B",null,"M","?","?","T","$","R","M","?","T","M","M","R","E","M","R","B",null,"M","T","M","M","$","R","E","R","T","?","R","M","R","M","R","B"],"character_chosen":"IRONCLAD","items_purchased":["Bronze Scales","Orichalcum","Inflame","Inflame","Heavy Blade","Mayhem","Metamorphosis","Flame Barrier"],"campfire_rested":2,"item_purchase_floors":[4,14,14,22,22,22,39,39],"current_hp_per_floor":[80,80,80,80,80,80,75,51,51,52,52,40,42,42,66,21,80,80,80,80,80,80,80,67,67,67,71,57,57,43,35,35,13,80,77,77,79,70,70,70,42,42,42,42,42,28,54,51,51,0,0],"gold":456,"neow_bonus":"THREE_CARDS","is_daily":false,"chose_seed":false,"campfire_upgraded":8,"win_rate":0.0,"timestamp":1610644673,"path_taken":["M","?","?","$","M","?","M","E","T","M","R","M","M","?","R","BOSS","M","?","?","?","?","R","M","?","T","?","M","R","E","M","R","BOSS","M","?","M","M","$","R","E","R","T","?","R","?","R","M","R","BOSS"],"items_purchased_type":["Relic","Relic","Card","Card","Card","Card","Card","Card"],"build_version":"2020-12-22","purchased_purges":1,"victory":false,"max_hp_per_floor":[80,80,80,80,80,80,80,80,80,80,80,80,80,80,80,80,80,80,80,80,80,80,80,80,80,80,80,80,80,80,80,80,80,80,80,80,82,82,79,79,81,81,81,81,81,81,83,85,85,85,85],"card_choices":[{"not_picked":["True Grit","Dark Embrace"],"picked":"Thunderclap","floor":0},{"not_picked":["Rupture","Pummel"],"picked":"Flex","floor":1},{"not_picked":["True Grit","Warcry"],"picked":"Shrug It Off","floor":3},{"not_picked":["Rampage","True Grit"],"picked":"Shrug It Off","floor":5},{"not_picked":["Thunderclap","Disarm"],"picked":"Entrench","floor":7},{"not_picked":["Iron Wave","Clothesline"],"picked":"Dropkick","floor":8},{"not_picked":["Headbutt","Rage"],"picked":"Thunderclap","floor":10},{"not_picked":["Burning Pact","Limit Break"],"picked":"Seeing Red","floor":12},{"not_picked":["Feel No Pain","Hemokinesis","Combust"],"picked":"SKIP","floor":13},{"not_picked":["Impervious","Exhume"],"picked":"Double Tap","floor":16},{"not_picked":["Anger","Warcry"],"picked":"Cleave","floor":18},{"not_picked":["Searing Blow+1","Second Wind+1","Perfected Strike"],"picked":"SKIP","floor":24},{"not_picked":["Heavy Blade+1","Body Slam"],"picked":"Metallicize+1","floor":27},{"not_picked":["Dark Embrace","Twin Strike","Warcry"],"picked":"SKIP","floor":28},{"not_picked":["Sword Boomerang","Armaments"],"picked":"Infernal Blade","floor":30},{"not_picked":["Burning Pact+1","Shrug It Off","Rage"],"picked":"SKIP","floor":31},{"not_picked":["Exhume","Offering"],"picked":"Impervious","floor":33},{"not_picked":["Thunderclap","Anger"],"picked":"Heavy Blade","floor":35},{"not_picked":["Armaments+1","Flame Barrier+1","Anger"],"picked":"Singing Bowl","floor":37},{"not_picked":["Rupture","Armaments+1"],"picked":"Uppercut","floor":38},{"not_picked":["Twin Strike","Whirlwind+1","Clothesline+1"],"picked":"Singing Bowl","floor":41},{"not_picked":["True Grit+1","Body Slam+1"],"picked":"Infernal Blade+1","floor":46},{"not_picked":["Brutality","Warcry","Perfected Strike+1"],"picked":"Singing Bowl","floor":47},{"not_picked":["Whirlwind","Flame Barrier","Armaments"],"picked":"Singing Bowl","floor":48}],"player_experience":82857,"relics_obtained":[{"floor":8,"key":"PreservedInsect"},{"floor":9,"key":"Tiny Chest"},{"floor":26,"key":"Dream Catcher"},{"floor":30,"key":"Oddly Smooth Stone"},{"floor":36,"key":"Singing Bowl"},{"floor":41,"key":"Toy Ornithopter"},{"floor":43,"key":"Boot"}],"event_choices":[{"damage_healed":0,"gold_gain":0,"player_choice":"Trade","damage_taken":0,"relics_obtained":["SsserpentHead"],"max_hp_gain":0,"max_hp_loss":0,"event_name":"FaceTrader","floor":2,"gold_loss":0},{"damage_healed":0,"gold_gain":100,"player_choice":"Pray","damage_taken":0,"max_hp_gain":0,"max_hp_loss":0,"event_name":"Golden Shrine","floor":6,"gold_loss":0},{"damage_healed":0,"gold_gain":0,"player_choice":"Ignored","damage_taken":0,"max_hp_gain":0,"max_hp_loss":0,"event_name":"Ghosts","floor":19,"gold_loss":0},{"cards_removed":["Strike_R"],"damage_healed":0,"gold_gain":0,"player_choice":"Gave Gold","damage_taken":0,"max_hp_gain":0,"max_hp_loss":0,"event_name":"Beggar","floor":20,"gold_loss":75},{"cards_removed":["Strike_R"],"damage_healed":0,"gold_gain":0,"player_choice":"Offered Basic","damage_taken":0,"max_hp_gain":0,"max_hp_loss":0,"event_name":"Bonfire Elementals","floor":25,"gold_loss":0},{"damage_healed":0,"gold_gain":100,"player_choice":"Pray","damage_taken":0,"max_hp_gain":0,"max_hp_loss":0,"event_name":"Golden Shrine","floor":44,"gold_loss":0}],"is_beta":false,"boss_relics":[{"not_picked":["Velvet Choker","Black Star"],"picked":"Sozu"},{"not_picked":["Tiny House","Runic Pyramid"],"picked":"Cursed Key"}],"items_purged_floors":[39],"is_endless":false,"potions_floor_spawned":[1,7,10,13,16,18,24,30,33,35,37,46],"killed_by":"Donu and Deca","ascension_level":0}}