{"host":"d61fcf2p3sjwe6yo","time":1610649011,"event":{"mods":["AchievementEnabler","BaseMod","Colored Map","Minty Spire (QoL Compilation)","StSLib","SuperFastMode"],"gold_per_floor":[111,126,126,153,78,78,78,78,125,25,25,45,72,147,147,222,222,240,260,135,185,185,213,213,63,116,116,134,154,172,190,190,190,190],"floor_reached":33,"language":"ENG","playtime":960,"items_purged":["Strike_G","Strike_G","Strike_G","Defend_G"],"score":473,"play_id":"1715eda2-e15d-45ab-82cd-b0be70148e9e","local_time":"20210114213011","is_ascension_mode":true,"campfire_choices":[{"data":"Dagger Spray","floor":6.0,"key":"SMITH"},{"data":"Neutralize","floor":8.0,"key":"SMITH"},{"data":"Survivor","floor":11.0,"key":"SMITH"},{"data":"Predator","floor":15.0,"key":"SMITH"},{"data":"Dash","floor":24,"key":"SMITH"},{"floor":27,"key":"REST"},{"floor":32,"key":"REST"}],"circlet_count":0,"master_deck":["AscendersBane","Strike_G+1","Strike_G+1","Defend_G","Defend_G","Survivor+1","Neutralize+1","Dagger Spray+1","Backflip","Predator+1","Dash+1"],"relics":["Ring of the Snake","Vajra","Orichalcum","PreservedInsect","Whetstone","Runic Dome","Toy Ornithopter"],"acts_visited":["Exordium","TheCity"],"potions_floor_usage":[16,33,33],"damage_taken":[{"damage":4.0,"enemies":"Small Slimes","floor":1.0,"turns":5.0},{"damage":2.0,"enemies":"Jaw Worm","floor":2.0,"turns":4.0},{"damage":0.0,"enemies":"2 Louse","floor":12.0,"turns":2.0},{"damage":9.0,"enemies":"Lagavulin","floor":13.0,"turns":3.0},{"damage":4,"enemies":"Slime Boss","floor":16,"turns":7},{"damage":0,"enemies":"Chosen","floor":18,"turns":3},{"damage":0,"enemies":"3 Byrds","floor":19,"turns":4},{"damage":12,"enemies":"Gremlin Leader","floor":23,"turns":5},{"damage":1,"enemies":"Cultist and Chosen","floor":28,"turns":4},{"damage":13,"enemies":"Snake Plant","floor":29,"turns":4},{"damage":8,"enemies":"Centurion and Healer","floor":30,"turns":5},{"damage":0,"enemies":"3 Cultists","floor":31,"turns":4},{"damage":34,"enemies":"Collector","floor":33,"turns":11}],"seed_played":"2900748575732934176","potions_obtained":[{"floor":2.0,"key":"AttackPotion"},{"floor":13.0,"key":"SkillPotion"},{"floor":19,"key":"SpeedPotion"},{"floor":31,"key":"Block Potion"}],"is_trial":false,"path_per_floor":["M","M","?","T","$","R","T","R","T","$","R","M","E","?","R","B",null,"M","M","$","?","?","E","R","$","T","R","M","M","M","M","R","B"],"character_chosen":"THE_SILENT","items_purchased":[],"campfire_rested":2,"item_purchase_floors":[],"current_hp_per_floor":[40,38,38,38,38,38,38,38,38,38,38,38,29,18,18,14,53,53,53,53,53,35,23,23,23,23,44,43,30,22,22,43,19,19],"gold":190,"neow_bonus":"REMOVE_TWO","is_daily":false,"chose_seed":false,"campfire_upgraded":5,"win_rate":0.0,"timestamp":1610649011,"path_taken":["M","M","?","?","?","R","?","R","T","$","R","M","E","?","R","BOSS","M","M","$","?","?","E","R","?","T","R","M","?","M","M","R","BOSS"],"items_purchased_type":[],"build_version":"2020-12-22","purchased_purges":4,"victory":false,"max_hp_per_floor":[66,66,66,66,66,66,66,66,66,66,66,66,66,66,66,66,66,66,66,66,66,71,71,71,71,71,71,71,71,71,71,71,71,71],"card_choices":[{"not_picked":["Dagger Throw","Calculated Gamble"],"picked":"Dagger Spray","floor":1.0},{"not_picked":["Eviscerate","Distraction"],"picked":"Backflip","floor":2.0},{"not_picked":["Outmaneuver","Underhanded Strike"],"picked":"Predator","floor":12.0},{"not_picked":["Sucker Punch","Slice","Crippling Poison"],"picked":"SKIP","floor":13.0},{"not_picked":["Underhanded Strike","Dodge and Roll","Quick Slash"],"picked":"SKIP","floor":18},{"not_picked":["Dagger Throw+1","Dodge and Roll","Dagger Spray"],"picked":"SKIP","floor":19},{"not_picked":["Deadly Poison","Setup"],"picked":"Dash","floor":23},{"not_picked":["Predator+1","Distraction+1","Quick Slash"],"picked":"SKIP","floor":28},{"not_picked":["Predator+1","Distraction+1","Quick Slash"],"picked":"SKIP","floor":28},{"not_picked":["Dodge and Roll","Dagger Throw","Sucker Punch"],"picked":"SKIP","floor":29},{"not_picked":["Bane","Finisher+1","Prepared"],"picked":"SKIP","floor":30},{"not_picked":["Acrobatics","All Out Attack","Well Laid Plans"],"picked":"SKIP","floor":31}],"player_experience":215246,"relics_obtained":[{"floor":4.0,"key":"Vajra"},{"floor":7.0,"key":"Orichalcum"},{"floor":9.0,"key":"PreservedInsect"},{"floor":13.0,"key":"Whetstone"},{"floor":26,"key":"Toy Ornithopter"}],"event_choices":[{"damage_healed":0.0,"max_hp_gain":0.0,"max_hp_loss":0.0,"gold_gain":0.0,"event_name":"Liars Game","player_choice":"Ignored","floor":3.0,"gold_loss":0.0,"damage_taken":0.0},{"damage_healed":0.0,"max_hp_gain":0.0,"max_hp_loss":0.0,"gold_gain":75.0,"event_name":"World of Goop","player_choice":"Gather Gold","floor":14.0,"gold_loss":0.0,"damage_taken":11.0},{"damage_healed":0,"gold_gain":50,"player_choice":"Stole From Cult","damage_taken":0,"max_hp_gain":0,"max_hp_loss":0,"event_name":"Nest","floor":21,"gold_loss":0},{"damage_healed":0,"gold_gain":0,"player_choice":"Shed Blood","damage_taken":23,"max_hp_gain":5,"max_hp_loss":0,"event_name":"Forgotten Altar","floor":22,"gold_loss":0}],"is_beta":false,"boss_relics":[{"not_picked":["Ring of the Serpent","Velvet Choker"],"picked":"Runic Dome"}],"items_purged_floors":[5,10,20,25],"is_endless":false,"potions_floor_spawned":[2,13,19,31],"killed_by":"Collector","ascension_level":16}}