{"host":"jscggscbx0p7706o","time":1610623484,"event":{"mods":["AchievementEnabler","BaseMod","Block Reminder","Colored Powertips","Minty Spire (QoL Compilation)","Permanent Neow","Quick Restart","StSLib"],"gold_per_floor":[112,187,112,122,122,122,122,141,165,183,203,227,238,256,256,358,358,378,278,378,391,266,266,279,296,321,171,187,12,23,56,56,152,152,168,184,184,184,195,195,226,226,226,276,276,276,276,76,76,76,76,76,76,106,106,106],"floor_reached":55,"language":"ENG","playtime":2434,"items_purged":["Strike_R","Strike_R","Strike_R","Strike_R","Defend_R","Defend_R+1"],"score":707,"play_id":"95746cae-469c-4a14-9416-e140110d2b00","local_time":"20210114192444","is_ascension_mode":false,"campfire_choices":[{"data":"Bash","floor":6.0,"key":"SMITH"},{"data":"Shrug It Off","floor":15.0,"key":"SMITH"},{"data":"Clash","floor":23.0,"key":"SMITH"},{"data":"Dropkick","floor":32.0,"key":"SMITH"},{"data":"Dropkick","floor":40.0,"key":"SMITH"},{"floor":42,"key":"RECALL"},{"data":"Defend_R","floor":47,"key":"SMITH"},{"floor":49,"key":"REST"},{"floor":52,"key":"REST"}],"circlet_count":0,"master_deck":["Bash+1","Clash+1","Shrug It Off+1","Dropkick+1","Dropkick+1"],"relics":["Burning Blood","Oddly Smooth Stone","Odd Mushroom","SlaversCollar","Red Skull","Lantern","SacredBark","Shuriken","Unceasing Top","Ice Cream"],"acts_visited":["Exordium","TheCity","TheBeyond","TheEnding"],"potions_floor_usage":[54,55,55,55],"damage_taken":[{"damage":3.0,"enemies":"2 Louse","floor":1.0,"turns":3.0},{"damage":2.0,"enemies":"Small Slimes","floor":4.0,"turns":4.0},{"damage":0.0,"enemies":"Cultist","floor":8.0,"turns":2.0},{"damage":7.0,"enemies":"Red Slaver","floor":10.0,"turns":3.0},{"damage":0.0,"enemies":"Exordium Wildlife","floor":11.0,"turns":3.0},{"damage":3.0,"enemies":"The Mushroom Lair","floor":12.0,"turns":5.0},{"damage":0.0,"enemies":"Blue Slaver","floor":13.0,"turns":4.0},{"damage":1.0,"enemies":"2 Fungi Beasts","floor":14.0,"turns":3.0},{"damage":76.0,"enemies":"Hexaghost","floor":16.0,"turns":15.0},{"damage":10.0,"enemies":"Shell Parasite","floor":18.0,"turns":8.0},{"damage":17.0,"enemies":"3 Byrds","floor":21.0,"turns":11.0},{"damage":0.0,"enemies":"Centurion and Healer","floor":24.0,"turns":7.0},{"damage":0.0,"enemies":"Snecko","floor":25.0,"turns":6.0},{"damage":0.0,"enemies":"Cultist and Chosen","floor":28.0,"turns":7.0},{"damage":4.0,"enemies":"Shelled Parasite and Fungi","floor":30.0,"turns":4.0},{"damage":8.0,"enemies":"Gremlin Leader","floor":31.0,"turns":7.0},{"damage":35.0,"enemies":"Automaton","floor":33.0,"turns":7.0},{"damage":4.0,"enemies":"3 Darklings","floor":35.0,"turns":5.0},{"damage":2.0,"enemies":"3 Shapes","floor":36.0,"turns":6.0},{"damage":0.0,"enemies":"Spire Growth","floor":39.0,"turns":2.0},{"damage":0,"enemies":"Giant Head","floor":41,"turns":2},{"damage":0,"enemies":"Mind Bloom Boss Battle","floor":44,"turns":5},{"damage":30,"enemies":"Donu and Deca","floor":50,"turns":6},{"damage":62,"enemies":"Shield and Spear","floor":54,"turns":6},{"damage":18,"enemies":"The Heart","floor":55,"turns":3}],"seed_played":"3506221418532023723","potions_obtained":[{"floor":1.0,"key":"Dexterity Potion"},{"floor":12.0,"key":"Fruit Juice"},{"floor":13.0,"key":"DistilledChaos"},{"floor":18.0,"key":"Dexterity Potion"},{"floor":31.0,"key":"Weak Potion"},{"floor":33.0,"key":"PowerPotion"},{"floor":36.0,"key":"Swift Potion"},{"floor":54,"key":"LiquidMemories"}],"is_trial":false,"path_per_floor":["M","?","$","M","?","R","?","M","T","M","M","?","M","M","R","B",null,"M","$","?","M","$","R","M","M","T","$","M","$","M","E","R","B",null,"M","M","$","?","M","R","E","R","T","?","?","?","R","$","R","B",null,"R","$","E","B"],"character_chosen":"IRONCLAD","items_purchased":[],"campfire_rested":2,"item_purchase_floors":[],"current_hp_per_floor":[72,61,61,65,65,65,65,71,71,70,72,77,77,77,77,7,77,73,73,73,62,62,62,68,74,74,74,77,77,77,75,75,46,77,77,77,77,77,77,77,77,77,77,77,73,73,73,73,73,49,73,73,73,17,0,0],"gold":106,"neow_bonus":"REMOVE_TWO","is_daily":false,"chose_seed":false,"campfire_upgraded":6,"win_rate":0.0,"timestamp":1610623484,"path_taken":["M","?","$","M","?","R","?","M","T","M","M","?","M","M","R","BOSS","M","$","?","M","$","R","M","M","T","$","M","?","?","E","R","BOSS","M","M","$","?","M","R","E","R","T","?","?","?","R","$","R","BOSS","R","$","E","BOSS"],"items_purchased_type":[],"build_version":"2020-12-22","purchased_purges":6,"victory":false,"max_hp_per_floor":[72,72,72,72,72,72,72,72,72,72,72,77,77,77,77,77,77,77,77,77,77,77,77,77,77,77,77,77,77,77,77,77,77,77,77,77,77,77,77,77,77,77,77,77,73,73,73,73,73,73,73,73,73,73,73,73],"card_choices":[{"not_picked":["Disarm","Seeing Red","Power Through"],"picked":"SKIP","floor":1.0},{"not_picked":["Pommel Strike","Iron Wave"],"picked":"Clash","floor":4.0},{"not_picked":["Cleave","Perfected Strike"],"picked":"Shrug It Off","floor":8.0},{"not_picked":["Reckless Charge","Juggernaut","Armaments"],"picked":"SKIP","floor":10.0},{"not_picked":["Clothesline","Twin Strike","Sword Boomerang"],"picked":"SKIP","floor":11.0},{"not_picked":["Heavy Blade","Iron Wave","Twin Strike"],"picked":"SKIP","floor":13.0},{"not_picked":["True Grit","Body Slam","Barricade"],"picked":"SKIP","floor":14.0},{"not_picked":["Hemokinesis+1","Pommel Strike","Metallicize"],"picked":"SKIP","floor":18.0},{"not_picked":["Burning Pact","Twin Strike"],"picked":"Dropkick","floor":21.0},{"not_picked":["Second Wind","Clash","Warcry"],"picked":"SKIP","floor":24.0},{"not_picked":["Hemokinesis","Armaments","Sentinel"],"picked":"SKIP","floor":25.0},{"not_picked":["Perfected Strike","Cleave"],"picked":"Dropkick","floor":28.0},{"not_picked":["Body Slam","Disarm","Dual Wield"],"picked":"SKIP","floor":30.0},{"not_picked":["Clothesline","Uppercut","Sword Boomerang+1"],"picked":"SKIP","floor":31.0},{"not_picked":["Clothesline","Uppercut","Sword Boomerang+1"],"picked":"SKIP","floor":31.0},{"not_picked":["Thunderclap","Armaments","Fire Breathing+1"],"picked":"SKIP","floor":35.0},{"not_picked":["Body Slam+1","Sword Boomerang","Perfected Strike+1"],"picked":"SKIP","floor":36.0},{"not_picked":["Wild Strike","Anger+1","Entrench+1"],"picked":"SKIP","floor":39.0},{"not_picked":["Pommel Strike+1","Headbutt+1","Clash"],"picked":"SKIP","floor":41},{"not_picked":["Heavy Blade","Wild Strike","Pummel"],"picked":"SKIP","floor":54}],"player_experience":254136,"relics_obtained":[{"floor":9.0,"key":"Oddly Smooth Stone"},{"floor":12.0,"key":"Odd Mushroom"},{"floor":26.0,"key":"Red Skull"},{"floor":31.0,"key":"Lantern"},{"floor":41,"key":"Shuriken"},{"floor":44,"key":"Unceasing Top"},{"floor":54,"key":"Ice Cream"}],"event_choices":[{"damage_healed":0.0,"max_hp_gain":0.0,"max_hp_loss":0.0,"gold_gain":75.0,"event_name":"World of Goop","player_choice":"Gather Gold","floor":2.0,"gold_loss":0.0,"damage_taken":11.0},{"damage_healed":0.0,"max_hp_gain":0.0,"max_hp_loss":0.0,"gold_gain":0.0,"event_name":"Shining Light","player_choice":"Ignored","floor":5.0,"gold_loss":0.0,"damage_taken":0.0},{"cards_removed":["Defend_R"],"damage_healed":0.0,"max_hp_gain":0.0,"max_hp_loss":0.0,"gold_gain":0.0,"event_name":"Living Wall","player_choice":"Forget","floor":7.0,"gold_loss":0.0,"damage_taken":0.0},{"damage_healed":0.0,"max_hp_gain":0.0,"max_hp_loss":0.0,"gold_gain":0.0,"event_name":"Mushrooms","player_choice":"Fought Mushrooms","floor":12.0,"gold_loss":0.0,"damage_taken":0.0},{"damage_healed":0.0,"max_hp_gain":0.0,"max_hp_loss":0.0,"gold_gain":100.0,"event_name":"Golden Shrine","player_choice":"Pray","floor":20.0,"gold_loss":0.0,"damage_taken":0.0},{"damage_healed":0.0,"max_hp_gain":0.0,"max_hp_loss":0.0,"gold_gain":0.0,"event_name":"SensoryStone","player_choice":"Memory 1","floor":38.0,"gold_loss":0.0,"damage_taken":0.0},{"damage_healed":0,"gold_gain":0,"player_choice":"Fight","damage_taken":0,"max_hp_gain":0,"max_hp_loss":0,"event_name":"MindBloom","floor":44,"gold_loss":0},{"damage_healed":0,"gold_gain":0,"player_choice":"Max HP","damage_taken":0,"max_hp_gain":0,"max_hp_loss":4,"event_name":"Winding Halls","floor":45,"gold_loss":0},{"damage_healed":0,"gold_gain":0,"player_choice":"Ignored","damage_taken":0,"max_hp_gain":0,"max_hp_loss":0,"event_name":"Tomb of Lord Red Mask","floor":46,"gold_loss":0}],"is_beta":false,"boss_relics":[{"not_picked":["Calling Bell","Astrolabe"],"picked":"SlaversCollar"},{"not_picked":["Cursed Key","Pandora\u0027s Box"],"picked":"SacredBark"}],"items_purged_floors":[3,19,22,27,29,48],"is_endless":false,"potions_floor_spawned":[1,12,13,18,31,33,36,54],"killed_by":"The Heart","ascension_level":0}}