{"host":"y76clbnovzmw9ubx","time":1610634167,"event":{"mods":["AchievementEnabler","BaseMod","Minty Spire (QoL Compilation)","Permanent Neow","Relic Stats"],"gold_per_floor":[111,186,13,28,40,75,75,75,150,170,170,204,204,204,204],"floor_reached":14,"language":"ENG","playtime":739,"items_purged":[],"score":196,"play_id":"a60ce0bb-a6e1-498d-be3e-91973e9db3f8","local_time":"20210114092247","is_ascension_mode":true,"campfire_choices":[{"floor":8,"key":"REST"},{"floor":11,"key":"REST"},{"floor":13,"key":"REST"}],"circlet_count":0,"master_deck":["AscendersBane","Strike_G","Strike_G","Strike_G","Strike_G","Strike_G","Defend_G","Defend_G","Defend_G","Defend_G","Defend_G","Survivor","Neutralize","Endless Agony","Dodge and Roll","Sucker Punch","Dagger Throw","Calculated Gamble","Footwork","Backflip"],"relics":["Ring of the Snake","Bag of Preparation","Art of War","Blue Candle","HornCleat"],"acts_visited":["Exordium"],"potions_floor_usage":[12,12],"damage_taken":[{"damage":0,"enemies":"2 Louse","floor":1,"turns":3},{"damage":0,"enemies":"Small Slimes","floor":4,"turns":3},{"damage":1,"enemies":"Jaw Worm","floor":5,"turns":4},{"damage":43,"enemies":"Gremlin Nob","floor":6,"turns":5},{"damage":20,"enemies":"Gremlin Gang","floor":10,"turns":8},{"damage":20,"enemies":"3 Sentries","floor":12,"turns":20},{"damage":18,"enemies":"Gremlin Nob","floor":14,"turns":4}],"seed_played":"2512955465078529194","potions_obtained":[{"floor":4,"key":"Dexterity Potion"},{"floor":10,"key":"SkillPotion"}],"is_trial":false,"path_per_floor":["M","?","$","M","M","E","?","R","T","M","R","E","R","E"],"character_chosen":"THE_SILENT","items_purchased":["Bag of Preparation"],"campfire_rested":3,"item_purchase_floors":[3],"current_hp_per_floor":[59,48,48,48,47,4,4,23,23,3,22,2,21,3,3],"gold":204,"neow_bonus":"THREE_CARDS","is_daily":false,"chose_seed":false,"campfire_upgraded":0,"win_rate":0.0,"timestamp":1610634167,"path_taken":["M","?","$","M","M","E","?","R","T","M","R","E","R","E"],"items_purchased_type":["Relic"],"build_version":"2020-12-22","purchased_purges":0,"victory":false,"max_hp_per_floor":[66,66,66,66,66,66,66,66,66,66,66,66,66,66,66],"relic_stats":{"counters":[7,47],"Blue Candle":[0],"Bag of Preparation":[12],"Art of War":[5],"obtain_stats":[{"HornCleat":12,"Blue Candle":9,"Bag of Preparation":3,"Art of War":6,"Ring of the Snake":0},{"HornCleat":6,"Blue Candle":4,"Bag of Preparation":1,"Art of War":4,"Ring of the Snake":0},{"HornCleat":43,"Blue Candle":15,"Bag of Preparation":3,"Art of War":15,"Ring of the Snake":0}],"Ring of the Snake":[15]},"card_choices":[{"not_picked":["Escape Plan","Backflip"],"picked":"Endless Agony","floor":0},{"not_picked":["PiercingWail","Bane"],"picked":"Dodge and Roll","floor":1},{"not_picked":["Distraction","Expertise"],"picked":"Sucker Punch","floor":4},{"not_picked":["Outmaneuver","Bane"],"picked":"Dagger Throw","floor":5},{"not_picked":["Accuracy","Tactician"],"picked":"Calculated Gamble","floor":6},{"not_picked":["A Thousand Cuts","Acrobatics"],"picked":"Footwork","floor":10},{"not_picked":["Blade Dance","Bane"],"picked":"Backflip","floor":12}],"player_experience":3053873,"relics_obtained":[{"floor":6,"key":"Art of War"},{"floor":9,"key":"Blue Candle"},{"floor":12,"key":"HornCleat"}],"event_choices":[{"damage_healed":0,"gold_gain":75,"player_choice":"Gather Gold","damage_taken":11,"max_hp_gain":0,"max_hp_loss":0,"event_name":"World of Goop","floor":2,"gold_loss":0},{"damage_healed":0,"gold_gain":0,"player_choice":"Ignored","damage_taken":0,"max_hp_gain":0,"max_hp_loss":0,"event_name":"Liars Game","floor":7,"gold_loss":0}],"is_beta":false,"boss_relics":[],"items_purged_floors":[],"is_endless":false,"potions_floor_spawned":[4,10],"killed_by":"Gremlin Nob","ascension_level":20}}