{"host":"qm4rv4rkpk76sbxu","time":1610640957,"event":{"mods":["BaseMod","Bestiary","Block Reminder","DeckTracker","Filter the Spire","Keyboard Shortcuts","Minty Spire (QoL Compilation)","MonsterHotkey","Quick Restart","Relic Stats","Slay-I","StSLib","ojb\u0027s Better Paths Mod","ojb\u0027s Info Mod"],"gold_per_floor":[109,128,128,128,141,172,172,186,186,186,199,199,227,2,2,99,99,110,110,121,121,121,121,148,160,160,188,188,215,130,161,161,263,263,278,291,309,321,337,337,362,362,362,362,394,394,404,434,434,434,434,434,17,52,52],"floor_reached":56,"language":"ENG","playtime":2738,"items_purged":["Defend_R","Strike_R"],"score":1582,"play_id":"4f133b10-29e3-493c-ad0b-9e386ed67dd7","local_time":"20210114171557","is_ascension_mode":true,"campfire_choices":[{"data":"Heavy Blade","floor":7.0,"key":"SMITH"},{"data":"Whirlwind","floor":12.0,"key":"SMITH"},{"data":"Cleave","floor":15.0,"key":"SMITH"},{"data":"Feed","floor":23.0,"key":"SMITH"},{"data":"Battle Trance","floor":28.0,"key":"SMITH"},{"data":"Rupture","floor":32.0,"key":"SMITH"},{"data":"Dual Wield","floor":40.0,"key":"SMITH"},{"data":"Burning Pact","floor":42.0,"key":"SMITH"},{"data":"Barricade","floor":46.0,"key":"SMITH"},{"floor":49.0,"key":"RECALL"},{"data":"True Grit","floor":52.0,"key":"SMITH"}],"circlet_count":0,"master_deck":["Strike_R","Strike_R+1","Strike_R","Strike_R","Defend_R+1","Defend_R","Defend_R","Bash+1","Cleave+1","Shrug It Off","Heavy Blade+1","Whirlwind+1","Hemokinesis","Feed+1","CurseOfTheBell","Ghostly Armor+1","Rupture+1","Bloodletting+1","Seeing Red+1","Necronomicurse","Inflame+1","Bloodletting+1","Battle Trance+1","Pommel Strike+1","Dual Wield+1","Feed+1","Seeing Red+1","True Grit+1","Barricade+1","Ghostly Armor+1","Burning Pact+1","Shrug It Off+1","True Grit+1","Headbutt+1","Impervious","Flame Barrier","Uppercut+1","Whirlwind+1","Entrench+1","Second Wind+1","Dark Embrace","Offering"],"relics":["Burning Blood","Red Skull","Bottled Flame","Incense Burner","Art of War","HandDrill","Calling Bell","Pen Nib","Sundial","Prayer Wheel","MutagenicStrength","Necronomicon","Vajra","Pear","Omamori","Molten Egg 2","Orichalcum","Boot","SlaversCollar","Bottled Lightning","Question Card","Mercury Hourglass","Toy Ornithopter","Happy Flower"],"acts_visited":["Exordium","TheCity","TheBeyond","TheEnding"],"potions_floor_usage":[55],"damage_taken":[{"damage":1.0,"enemies":"Cultist","floor":1.0,"turns":3.0},{"damage":4.0,"enemies":"Small Slimes","floor":2.0,"turns":4.0},{"damage":2.0,"enemies":"2 Louse","floor":5.0,"turns":2.0},{"damage":22.0,"enemies":"Gremlin Nob","floor":6.0,"turns":4.0},{"damage":13.0,"enemies":"Exordium Thugs","floor":8.0,"turns":4.0},{"damage":2.0,"enemies":"Blue Slaver","floor":11.0,"turns":2.0},{"damage":1.0,"enemies":"Lagavulin","floor":13.0,"turns":5.0},{"damage":2.0,"enemies":"Slime Boss","floor":16.0,"turns":5.0},{"damage":3.0,"enemies":"3 Byrds","floor":18.0,"turns":10.0},{"damage":25.0,"enemies":"Chosen","floor":20.0,"turns":6.0},{"damage":14.0,"enemies":"Slavers","floor":24.0,"turns":2.0},{"damage":15.0,"enemies":"Shelled Parasite and Fungi","floor":25.0,"turns":2.0},{"damage":5.0,"enemies":"Gremlin Leader","floor":27.0,"turns":2.0},{"damage":20.0,"enemies":"Slavers","floor":29.0,"turns":3.0},{"damage":3.0,"enemies":"Gremlin Leader","floor":31.0,"turns":1.0},{"damage":5.0,"enemies":"Collector","floor":33.0,"turns":2.0},{"damage":9.0,"enemies":"Orb Walker","floor":35.0,"turns":3.0},{"damage":22.0,"enemies":"3 Shapes","floor":36.0,"turns":10.0},{"damage":10.0,"enemies":"Spire Growth","floor":37.0,"turns":4.0},{"damage":90.0,"enemies":"Sphere and 2 Shapes","floor":38.0,"turns":13.0},{"damage":17.0,"enemies":"4 Shapes","floor":39.0,"turns":8.0},{"damage":5.0,"enemies":"Nemesis","floor":41.0,"turns":8.0},{"damage":0.0,"enemies":"Reptomancer","floor":45.0,"turns":2.0},{"damage":31.0,"enemies":"Writhing Mass","floor":47.0,"turns":6.0},{"damage":41.0,"enemies":"Nemesis","floor":48.0,"turns":7.0},{"damage":21.0,"enemies":"Awakened One","floor":50.0,"turns":7.0},{"damage":21.0,"enemies":"Shield and Spear","floor":54.0,"turns":3.0},{"damage":41,"enemies":"The Heart","floor":55,"turns":11}],"seed_played":"-4260700110825180732","potions_obtained":[{"floor":2.0,"key":"SpeedPotion"},{"floor":6.0,"key":"HeartOfIron"},{"floor":25.0,"key":"PowerPotion"},{"floor":27.0,"key":"PowerPotion"},{"floor":29.0,"key":"LiquidMemories"},{"floor":31.0,"key":"DuplicationPotion"},{"floor":36.0,"key":"BloodPotion"},{"floor":38.0,"key":"DuplicationPotion"},{"floor":41.0,"key":"FearPotion"},{"floor":54.0,"key":"FairyPotion"}],"is_trial":false,"path_per_floor":["M","M","?","?","M","E","R","M","T","?","M","R","E","$","R","B",null,"M","?","M","?","?","R","E","M","T","E","R","E","?","E","R","B",null,"M","M","M","M","M","R","E","R","T","?","E","R","M","E","R","B",null,"R","$","E","B",null],"character_chosen":"IRONCLAD","items_purchased":["HandDrill","Dark Embrace","Toy Ornithopter","PowerPotion","Strength Potion"],"campfire_rested":0,"item_purchase_floors":[14,53,53,53,53],"current_hp_per_floor":[80,80,64,64,68,52,52,45,45,27,31,31,36,36,36,40,80,83,83,67,51,51,51,43,38,48,53,53,43,43,46,46,47,108,109,101,101,25,30,30,35,35,35,35,45,45,24,25,25,10,164,164,164,154,124],"gold":52,"neow_bonus":"UPGRADE_CARD","is_daily":false,"chose_seed":false,"campfire_upgraded":10,"win_rate":0.0,"timestamp":1610640957,"path_taken":["M","?","?","?","?","E","R","M","T","?","M","R","E","$","R","BOSS","M","?","M","?","?","R","E","?","T","E","R","E","?","E","R","BOSS","M","M","M","M","M","R","E","R","T","?","E","R","M","E","R","BOSS","R","$","E","BOSS"],"items_purchased_type":["Relic","Card","Relic","Potion","Potion"],"build_version":"2020-12-22","purchased_purges":2,"victory":true,"max_hp_per_floor":[80,80,80,80,80,80,80,80,80,80,80,80,80,80,80,80,80,83,83,86,86,86,86,86,90,100,104,104,108,108,108,108,108,108,112,120,124,132,148,148,152,152,152,152,156,156,160,164,164,164,164,164,164,164,164],"relic_stats":{"Happy Flower":[3],"counters":[28,139],"Pen Nib":[16],"Orichalcum":[144],"Boot":[55],"Question Card":4,"Burning Blood":158,"Mercury Hourglass":[78],"Sundial":[10],"Prayer Wheel":9,"Art of War":[28],"HandDrill":[22],"Necronomicon":[26],"obtain_stats":[{"Pear":26,"Happy Flower":54,"Vajra":24,"Pen Nib":17,"Incense Burner":10,"Omamori":27,"Orichalcum":30,"Boot":31,"Question Card":45,"Burning Blood":0,"Mercury Hourglass":48,"Calling Bell":17,"SlaversCollar":34,"Bottled Flame":9,"Sundial":17,"MutagenicStrength":19,"Prayer Wheel":17,"Molten Egg 2":29,"Art of War":13,"HandDrill":14,"Necronomicon":21,"Bottled Lightning":41,"Red Skull":6,"Toy Ornithopter":53},{"Pear":12,"Happy Flower":27,"Vajra":11,"Pen Nib":8,"Incense Burner":5,"Omamori":13,"Orichalcum":14,"Boot":15,"Question Card":23,"Burning Blood":0,"Mercury Hourglass":25,"Calling Bell":8,"SlaversCollar":16,"Bottled Flame":5,"Sundial":8,"MutagenicStrength":9,"Prayer Wheel":8,"Molten Egg 2":14,"Art of War":7,"HandDrill":7,"Necronomicon":10,"Bottled Lightning":22,"Red Skull":4,"Toy Ornithopter":26},{"Pear":49,"Happy Flower":128,"Vajra":47,"Pen Nib":29,"Incense Burner":17,"Omamori":51,"Orichalcum":54,"Boot":55,"Question Card":105,"Burning Blood":0,"Mercury Hourglass":118,"Calling Bell":29,"SlaversCollar":57,"Bottled Flame":17,"Sundial":29,"MutagenicStrength":39,"Prayer Wheel":29,"Molten Egg 2":54,"Art of War":24,"HandDrill":24,"Necronomicon":45,"Bottled Lightning":103,"Red Skull":13,"Toy Ornithopter":125}],"Toy Ornithopter":10},"card_choices":[{"not_picked":["Body Slam","Combust","Havoc"],"picked":"SKIP","floor":1.0},{"not_picked":["Pommel Strike","Evolve"],"picked":"Cleave","floor":2.0},{"not_picked":["Thunderclap","Perfected Strike"],"picked":"Shrug It Off","floor":5.0},{"not_picked":["Double Tap","Clash"],"picked":"Heavy Blade","floor":6.0},{"not_picked":["Heavy Blade","Anger","Combust"],"picked":"SKIP","floor":8.0},{"not_picked":["Thunderclap","Cleave"],"picked":"Whirlwind","floor":11.0},{"not_picked":["Feel No Pain","Reckless Charge"],"picked":"Hemokinesis","floor":13.0},{"not_picked":["Demon Form","Bludgeon"],"picked":"Feed","floor":16.0},{"not_picked":["Flex+1","Hemokinesis"],"picked":"Ghostly Armor+1","floor":18.0},{"not_picked":["Pommel Strike","Sword Boomerang"],"picked":"Rupture","floor":18.0},{"not_picked":["Sword Boomerang","Dual Wield"],"picked":"Bloodletting+1","floor":20.0},{"not_picked":["Pommel Strike","Spot Weakness+1"],"picked":"Seeing Red+1","floor":20.0},{"not_picked":["Body Slam","Clash"],"picked":"Inflame+1","floor":24.0},{"not_picked":["Blood for Blood","Headbutt","Wild Strike"],"picked":"SKIP","floor":25.0},{"not_picked":["Flex","Bloodletting+1","Warcry"],"picked":"SKIP","floor":25.0},{"not_picked":["Flex","Warcry"],"picked":"Bloodletting+1","floor":25.0},{"not_picked":["Blood for Blood","Headbutt","Wild Strike"],"picked":"SKIP","floor":25.0},{"not_picked":["True Grit","Clash+1"],"picked":"Battle Trance","floor":27.0},{"not_picked":["Rage","Dark Embrace"],"picked":"Pommel Strike+1","floor":29.0},{"not_picked":["Barricade","True Grit"],"picked":"Dual Wield","floor":31.0},{"not_picked":["Fiend Fire+1","Immolate+1"],"picked":"Feed+1","floor":33.0},{"not_picked":["Armaments","Battle Trance+1"],"picked":"Seeing Red+1","floor":35.0},{"not_picked":["Clothesline+1","Clash+1"],"picked":"True Grit","floor":35.0},{"not_picked":["Wild Strike+1","Thunderclap+1"],"picked":"Barricade","floor":36.0},{"not_picked":["Power Through+1","Armaments+1"],"picked":"Ghostly Armor+1","floor":36.0},{"not_picked":["Perfected Strike+1","Warcry"],"picked":"Burning Pact","floor":37.0},{"not_picked":["Iron Wave+1","Sever Soul+1"],"picked":"Shrug It Off+1","floor":37.0},{"not_picked":["Twin Strike+1","Warcry+1"],"picked":"True Grit+1","floor":38.0},{"not_picked":["Heavy Blade+1","Rage+1"],"picked":"Headbutt+1","floor":38.0},{"not_picked":["Power Through","Uppercut+1"],"picked":"Impervious","floor":39.0},{"not_picked":["Anger+1","Twin Strike+1"],"picked":"Flame Barrier","floor":39.0},{"not_picked":["Intimidate","Blood for Blood+1","Cleave+1"],"picked":"SKIP","floor":41.0},{"not_picked":["Infernal Blade","Seeing Red+1"],"picked":"Uppercut+1","floor":45.0},{"not_picked":["Clothesline+1","Headbutt+1","Warcry+1"],"picked":"Whirlwind+1","floor":47.0},{"not_picked":["Havoc","Evolve","Armaments"],"picked":"Entrench+1","floor":47.0},{"not_picked":["Metallicize","Infernal Blade","True Grit"],"picked":"Second Wind+1","floor":48.0},{"not_picked":["Double Tap","Thunderclap+1","Reckless Charge+1"],"picked":"Offering","floor":54.0}],"player_experience":1293276,"relics_obtained":[{"floor":6.0,"key":"Red Skull"},{"floor":9.0,"key":"Bottled Flame"},{"floor":13.0,"key":"Art of War"},{"floor":17.0,"key":"Pen Nib"},{"floor":17.0,"key":"Sundial"},{"floor":17.0,"key":"Prayer Wheel"},{"floor":21.0,"key":"Necronomicon"},{"floor":24.0,"key":"Vajra"},{"floor":26.0,"key":"Pear"},{"floor":27.0,"key":"Omamori"},{"floor":29.0,"key":"Molten Egg 2"},{"floor":31.0,"key":"Boot"},{"floor":41.0,"key":"Bottled Lightning"},{"floor":45.0,"key":"Question Card"},{"floor":48.0,"key":"Mercury Hourglass"},{"floor":54.0,"key":"Happy Flower"}],"event_choices":[{"damage_healed":0.0,"max_hp_gain":0.0,"max_hp_loss":0.0,"gold_gain":0.0,"event_name":"Shining Light","player_choice":"Entered Light","floor":3.0,"gold_loss":0.0,"damage_taken":16.0,"cards_upgraded":["Defend_R","Strike_R"]},{"damage_healed":0.0,"max_hp_gain":0.0,"max_hp_loss":0.0,"gold_gain":0.0,"event_name":"Match and Keep!","player_choice":"0 cards matched","floor":4.0,"gold_loss":0.0,"damage_taken":0.0,"cards_obtained":[]},{"damage_healed":0.0,"max_hp_gain":0.0,"max_hp_loss":0.0,"gold_gain":0.0,"event_name":"Scrap Ooze","player_choice":"Success","floor":10.0,"gold_loss":0.0,"damage_taken":18.0,"relics_obtained":["Incense Burner"]},{"damage_healed":0.0,"max_hp_gain":0.0,"max_hp_loss":0.0,"gold_gain":0.0,"event_name":"Drug Dealer","player_choice":"Inject Mutagens","floor":19.0,"gold_loss":0.0,"damage_taken":0.0,"relics_obtained":["MutagenicStrength"]},{"damage_healed":0.0,"max_hp_gain":0.0,"max_hp_loss":0.0,"gold_gain":0.0,"event_name":"Cursed Tome","player_choice":"Obtained Book","floor":21.0,"gold_loss":0.0,"damage_taken":16.0},{"damage_healed":0.0,"max_hp_gain":0.0,"max_hp_loss":0.0,"gold_gain":0.0,"event_name":"Ghosts","player_choice":"Ignored","floor":22.0,"gold_loss":0.0,"damage_taken":0.0},{"damage_healed":0.0,"max_hp_gain":0.0,"max_hp_loss":0.0,"gold_gain":0.0,"event_name":"Addict","player_choice":"Obtained Relic","floor":30.0,"gold_loss":85.0,"damage_taken":0.0,"relics_obtained":["Orichalcum"]},{"damage_healed":0.0,"max_hp_gain":0.0,"max_hp_loss":0.0,"gold_gain":0.0,"event_name":"Tomb of Lord Red Mask","player_choice":"Ignored","floor":44.0,"gold_loss":0.0,"damage_taken":0.0}],"is_beta":false,"boss_relics":[{"not_picked":["Snecko Eye","SacredBark"],"picked":"Calling Bell"},{"not_picked":["Black Blood","Sozu"],"picked":"SlaversCollar"}],"items_purged_floors":[14,53],"is_endless":false,"potions_floor_spawned":[2,6,25,27,29,31,33,36,38,41,54],"ascension_level":1}}