{"host":"a5523bqxi3k68xf3","time":1610589447,"event":{"mods":["BaseMod","BetterRewards","Hermit","Koishi","Marisa????????","Minty Spire (QoL Compilation)","Quick Restart","Random Character Button","Relic Stats","Shop Mod","StSLib","The Animator","The Cursed","The Necromancer","The Servant 0.9.4"],"gold_per_floor":[111,127,24,199,199,228,241,272,272,272,305,317,317,334,334,432,432,449,449,464,476,438,438,438,472,526,526,553,279,279,216,216,321,321,341,341,355,355,370,397,174,174,174,204,229,262,99,22,22,22],"floor_reached":51,"language":"ENG","playtime":1808,"items_purged":["Koishi:BasicStrike","Writhe","Doubt","Koishi:BasicStrike","Koishi:BasicStrike"],"score":1359,"play_id":"0369d0b2-bc62-4905-afdb-e09a24330cd8","local_time":"20210114025727","is_ascension_mode":true,"campfire_choices":[{"data":"Koishi:ImGoingToCallYouNow","floor":10,"key":"SMITH"},{"data":"Koishi:Catatonia","floor":15,"key":"SMITH"},{"data":"Koishi:HauntingSlash","floor":23,"key":"SMITH"},{"data":"Koishi:JumpScare","floor":30,"key":"SMITH"},{"data":"Koishi:JumpScare","floor":32,"key":"SMITH"},{"data":"Koishi:ImGoingToCallYouNow","floor":42,"key":"SMITH"},{"data":"Koishi:Catatonia","floor":49,"key":"SMITH"}],"circlet_count":0,"master_deck":["Koishi:BasicStrike","Koishi:BasicDefend","Koishi:BasicDefend","Koishi:BasicDefend","Koishi:Provoke","Koishi:HauntingSlash+1","Koishi:DreadfulBlow","Koishi:StingingMind","Koishi:JumpScare+1","Koishi:Catatonia+1","Koishi:ImGoingToCallYouNow+1","Koishi:JumpScare+1","Koishi:StingingMind","Koishi:MindNumbingTerror","Koishi:TremblingHands","Koishi:YoukaiPolygraph","Koishi:Catatonia+1","Koishi:SubterraneanRose","Koishi:BloodcurdlingScream+1","Koishi:ImGoingToCallYouNow+1","Koishi:JumpScare+1","Koishi:PredatoryInstincts","Koishi:ParalyzingFear"],"relics":["Koishi:ImaginaryFriend","Membership Card","Koishi:TeethAndClaws","Meat on the Bone","Happy Flower","Toolbox","Orrery","Frozen Egg 2","Blood Vial","Girya","Pear","Mercury Hourglass","Pantograph","Koishi:ColorfulDays","Gremlin Horn","Bottled Flame","Koishi:AHoleWhereASisterShouldBe","Bag of Marbles","Oddly Smooth Stone","TheAbacus","Black Star","Shuriken","InkBottle","ClockworkSouvenir","Nunchaku","Mummified Hand","Bird Faced Urn","StrikeDummy","Art of War","Ornamental Fan","Regal Pillow","Orichalcum","Lee\u0027s Waffle"],"acts_visited":["Exordium","TheCity","TheBeyond"],"potions_floor_usage":[50,50],"damage_taken":[{"damage":1,"enemies":"2 Louse","floor":1,"turns":4},{"damage":0,"enemies":"Jaw Worm","floor":2,"turns":3},{"damage":9,"enemies":"3 Sentries","floor":6,"turns":10},{"damage":0,"enemies":"Small Slimes","floor":7,"turns":3},{"damage":10,"enemies":"Gremlin Nob","floor":8,"turns":4},{"damage":0,"enemies":"Lagavulin","floor":11,"turns":5},{"damage":0,"enemies":"Looter","floor":12,"turns":1},{"damage":8,"enemies":"Lots of Slimes","floor":14,"turns":3},{"damage":24,"enemies":"Slime Boss","floor":16,"turns":4},{"damage":4,"enemies":"Shell Parasite","floor":18,"turns":4},{"damage":19,"enemies":"2 Thieves","floor":20,"turns":4},{"damage":34,"enemies":"Shelled Parasite and Fungi","floor":21,"turns":4},{"damage":34,"enemies":"Gremlin Leader","floor":25,"turns":5},{"damage":18,"enemies":"Book of Stabbing","floor":28,"turns":4},{"damage":19,"enemies":"Automaton","floor":33,"turns":4},{"damage":0,"enemies":"Orb Walker","floor":35,"turns":2},{"damage":0,"enemies":"3 Shapes","floor":37,"turns":2},{"damage":18,"enemies":"Maw","floor":39,"turns":4},{"damage":4,"enemies":"Reptomancer","floor":40,"turns":2},{"damage":7,"enemies":"Giant Head","floor":44,"turns":5},{"damage":49,"enemies":"Nemesis","floor":46,"turns":7},{"damage":41,"enemies":"Donu and Deca","floor":50,"turns":4}],"seed_played":"3791161531974440000","potions_obtained":[{"floor":1,"key":"Strength Potion"},{"floor":7,"key":"SneckoOil"},{"floor":14,"key":"Fire Potion"},{"floor":16,"key":"PowerPotion"},{"floor":25,"key":"DuplicationPotion"}],"is_trial":false,"path_per_floor":["M","M","$","?","T","E","M","E","T","R","E","M","?","M","R","B",null,"M","?","M","M","$","R","?","E","T","?","E","$","R","$","R","B",null,"M","?","M","?","M","E","$","R","T","E","T","E","$","$","R","B",null],"character_chosen":"KOISHI","items_purchased":["Membership Card","Koishi:TeethAndClaws","Meat on the Bone","Koishi:DreadfulBlow","Happy Flower","Toolbox","Koishi:JumpScare","Orrery","Bag of Marbles","Oddly Smooth Stone","TheAbacus","ClockworkSouvenir","Nunchaku","Orichalcum","Lee\u0027s Waffle"],"campfire_rested":0,"item_purchase_floors":[0,0,0,0,0,0,3,3,29,29,29,41,41,47,48],"current_hp_per_floor":[38,43,43,43,43,51,60,60,70,70,70,70,67,64,64,70,70,70,70,70,63,63,63,63,69,69,69,70,70,70,70,70,70,70,70,70,70,70,70,70,70,70,70,70,70,70,70,77,77,77],"gold":22,"neow_bonus":"","is_daily":false,"chose_seed":false,"campfire_upgraded":7,"win_rate":0.0,"timestamp":1610589447,"path_taken":["M","M","$","?","?","E","M","E","T","R","E","M","?","M","R","BOSS","M","?","M","?","$","R","?","E","T","?","E","$","R","?","R","BOSS","M","?","M","?","?","E","$","R","T","E","?","E","?","$","R","BOSS"],"items_purchased_type":["Relic","Relic","Relic","Card","Relic","Relic","Card","Relic","Relic","Relic","Relic","Relic","Relic","Relic","Relic"],"build_version":"2020-12-22","purchased_purges":5,"victory":true,"max_hp_per_floor":[60,60,60,60,60,60,60,60,70,70,70,70,70,70,70,70,70,70,70,70,70,70,70,70,70,70,70,70,70,70,70,70,70,70,70,70,70,70,70,70,70,70,70,70,70,70,70,77,77,77],"relic_stats":{"Regal Pillow":0,"Lee\u0027s Waffle":7,"Happy Flower":[29],"Gremlin Horn":[6,6],"counters":[109,418],"Orichalcum":[6],"Mercury Hourglass":[216],"Blood Vial":7,"Nunchaku":[3],"TheAbacus":[66],"Shuriken":[11],"Mummified Hand":[89],"Ornamental Fan":[8],"Pantograph":6,"Bird Faced Urn":[0],"Black Star":3,"Art of War":[0],"obtain_stats":[{"Ice Cream":36,"Gremlin Horn":24,"CeramicFish":42,"Spirit Poop":20,"Vajra":24,"Sling":37,"Boot":7,"Koishi:ColorfulDays":17,"Blood Vial":41,"Sundial":44,"Strawberry":0,"Necronomicon":22,"Kunai":3,"Girya":8,"Pear":9,"Happy Flower":0,"Astrolabe":34,"Oddly Smooth Stone":29,"Pen Nib":22,"Koishi:TeethAndClaws":0,"War Paint":30,"Question Card":24,"Akabeko":6,"Du-Vu Doll":30,"Runic Dome":34,"SlaversCollar":34,"Bottled Flame":25,"Shuriken":44,"MutagenicStrength":28,"Bird Faced Urn":40,"Bronze Scales":23,"Black Star":34,"StrikeDummy":44,"Unceasing Top":41,"Meat on the Bone":0,"Regal Pillow":9,"Torii":10,"Singing Bowl":43,"Juzu Bracelet":21,"TeardropLocket":10,"Ancient Tea Set":26,"ClockworkSouvenir":19,"Nunchaku":47,"TheAbacus":19,"Mummified Hand":43,"Pantograph":13,"Toolbox":0,"Tiny Chest":7,"Koishi:AHoleWhereASisterShouldBe":9,"Red Mask":38,"Koishi:BloodstainedWhiteRose":29,"InkBottle":40,"Potion Belt":12,"Lee\u0027s Waffle":48,"NeowsBlessing":0,"The Courier":26,"Omamori":31,"Orichalcum":0,"Frozen Egg 2":5,"Mercury Hourglass":7,"Anchor":26,"Busted Crown":17,"Ornamental Fan":46,"Orrery":3,"Bag of Marbles":43,"Art of War":45,"Bottled Lightning":36,"Membership Card":38,"PureWater":0,"Toy Ornithopter":25},{"Ice Cream":59,"Gremlin Horn":99,"CeramicFish":62,"Spirit Poop":76,"Vajra":78,"Sling":16,"Boot":21,"Koishi:ColorfulDays":27,"Blood Vial":39,"Sundial":63,"Strawberry":66,"Necronomicon":51,"Kunai":42,"Girya":92,"Pear":92,"Happy Flower":87,"Astrolabe":15,"Oddly Smooth Stone":101,"Pen Nib":12,"Koishi:TeethAndClaws":87,"War Paint":80,"Question Card":53,"Akabeko":4,"Du-Vu Doll":34,"Runic Dome":57,"SlaversCollar":81,"Bottled Flame":100,"Shuriken":84,"MutagenicStrength":54,"Bird Faced Urn":60,"Bronze Scales":78,"Black Star":102,"StrikeDummy":107,"Unceasing Top":39,"Meat on the Bone":87,"Regal Pillow":4,"Torii":23,"Singing Bowl":62,"Juzu Bracelet":12,"TeardropLocket":5,"Ancient Tea Set":53,"ClockworkSouvenir":50,"Nunchaku":65,"TheAbacus":76,"Mummified Hand":106,"Pantograph":94,"Toolbox":87,"Tiny Chest":4,"Koishi:AHoleWhereASisterShouldBe":71,"Red Mask":16,"Koishi:BloodstainedWhiteRose":54,"InkBottle":106,"Potion Belt":7,"Lee\u0027s Waffle":108,"NeowsBlessing":0,"The Courier":13,"Omamori":14,"Orichalcum":40,"Frozen Egg 2":89,"Mercury Hourglass":45,"Anchor":33,"Busted Crown":10,"Ornamental Fan":108,"Orrery":89,"Bag of Marbles":84,"Art of War":107,"Bottled Lightning":16,"Membership Card":39,"PureWater":0,"Toy Ornithopter":33},{"Ice Cream":218,"Gremlin Horn":379,"CeramicFish":226,"Spirit Poop":284,"Vajra":291,"Sling":49,"Boot":66,"Koishi:ColorfulDays":90,"Blood Vial":146,"Sundial":229,"Strawberry":239,"Necronomicon":194,"Kunai":161,"Girya":354,"Pear":354,"Happy Flower":330,"Astrolabe":45,"Oddly Smooth Stone":388,"Pen Nib":32,"Koishi:TeethAndClaws":330,"War Paint":298,"Question Card":199,"Akabeko":7,"Du-Vu Doll":123,"Runic Dome":211,"SlaversCollar":305,"Bottled Flame":384,"Shuriken":315,"MutagenicStrength":201,"Bird Faced Urn":220,"Bronze Scales":291,"Black Star":392,"StrikeDummy":407,"Unceasing Top":146,"Meat on the Bone":330,"Regal Pillow":7,"Torii":73,"Singing Bowl":226,"Juzu Bracelet":32,"TeardropLocket":10,"Ancient Tea Set":199,"ClockworkSouvenir":190,"Nunchaku":234,"TheAbacus":284,"Mummified Hand":402,"Pantograph":360,"Toolbox":330,"Tiny Chest":7,"Koishi:AHoleWhereASisterShouldBe":259,"Red Mask":49,"Koishi:BloodstainedWhiteRose":201,"InkBottle":402,"Potion Belt":13,"Lee\u0027s Waffle":414,"NeowsBlessing":0,"The Courier":35,"Omamori":38,"Orichalcum":154,"Frozen Egg 2":337,"Mercury Hourglass":175,"Anchor":118,"Busted Crown":25,"Ornamental Fan":414,"Orrery":337,"Bag of Marbles":315,"Art of War":407,"Bottled Lightning":49,"Membership Card":146,"PureWater":0,"Toy Ornithopter":118}],"InkBottle":[5],"Meat on the Bone":0},"card_choices":[{"not_picked":["Koishi:EmbryosDream","Koishi:RacingHeart"],"picked":"Koishi:StingingMind","floor":1},{"not_picked":["Koishi:EmbryosDream","Koishi:LastRemote","Koishi:SpiritedAway"],"picked":"SKIP","floor":2},{"not_picked":["Koishi:MassHysteria","Koishi:ParalyzingFear"],"picked":"Koishi:Catatonia","floor":3},{"not_picked":["Koishi:FreudianInstinct","Koishi:BramblyRoseGarden"],"picked":"Koishi:ImGoingToCallYouNow","floor":3},{"not_picked":["Koishi:YoukaiPolygraph","Koishi:FreudianInstinct"],"picked":"Koishi:JumpScare","floor":3},{"not_picked":["Koishi:FleetingPhantom","Koishi:HeartfeltFancy"],"picked":"Koishi:StingingMind","floor":3},{"not_picked":["Koishi:SpiritedAway","Koishi:StrangeCloudFist","Koishi:ReflexRadar"],"picked":"SKIP","floor":6},{"not_picked":["Koishi:PhantomStrike","Koishi:SprinkleStarAndHeart"],"picked":"Koishi:MindNumbingTerror","floor":7},{"not_picked":["Koishi:FreudianInstinct+1","Koishi:RollingInRichesHeart"],"picked":"Koishi:TremblingHands","floor":8},{"not_picked":["Koishi:UnconsciousUrges+1","Koishi:SpiritedAway"],"picked":"Koishi:YoukaiPolygraph","floor":11},{"not_picked":["Koishi:SpiritedAway","Koishi:PhantomBarrier"],"picked":"Koishi:ParalyzingFear","floor":12},{"not_picked":["Koishi:StrangeCloudFist","Koishi:FleetingPhantom"],"picked":"Koishi:Catatonia","floor":14},{"not_picked":["Koishi:HeartfeltFancy","Koishi:CatchAndRose+1","Koishi:UnconsciousUprising"],"picked":"SKIP","floor":18},{"not_picked":["Koishi:SpiritedAway","Koishi:FreudianInstinct+1","Koishi:ReflexRadar+1"],"picked":"SKIP","floor":20},{"not_picked":["Koishi:PhantomBarrier","Koishi:DreadfulBlow","Koishi:UnconsciousUprising"],"picked":"SKIP","floor":21},{"not_picked":["Koishi:FidgetySnatcher+1","Koishi:UnconsciousUprising+1"],"picked":"Koishi:BloodcurdlingScream+1","floor":25},{"not_picked":["Koishi:Prune","Koishi:PhantomStrike+1","Koishi:SubconsciousSweep"],"picked":"SKIP","floor":28},{"not_picked":["Koishi:SuperEgo","Koishi:MentalBreakdown"],"picked":"Koishi:ImGoingToCallYouNow","floor":33},{"not_picked":["Koishi:SpiritedAway+1","Koishi:UnansweredLove+1","Koishi:DreadfulBlow"],"picked":"SKIP","floor":35},{"not_picked":["Koishi:Untouchable+1","Koishi:PhantomBarrier+1"],"picked":"Koishi:JumpScare+1","floor":37},{"not_picked":["Koishi:DreadfulBlow+1","Koishi:HeartfeltFancy","Koishi:BloodcurdlingScream+1"],"picked":"SKIP","floor":39},{"not_picked":["Koishi:JumpScare+1","Koishi:Whimsy"],"picked":"Koishi:PredatoryInstincts","floor":40},{"not_picked":["Koishi:SubconsciousSweep","Koishi:HeartfeltFancy+1"],"picked":"Koishi:ParalyzingFear","floor":44},{"not_picked":["Koishi:ReleaseOfTheId+1","Koishi:MassHysteria+1","Koishi:FadingMemory"],"picked":"SKIP","floor":46}],"player_experience":1691885,"relics_obtained":[{"floor":5,"key":"Frozen Egg 2"},{"floor":6,"key":"Blood Vial"},{"floor":8,"key":"Girya"},{"floor":9,"key":"Pear"},{"floor":11,"key":"Mercury Hourglass"},{"floor":25,"key":"Bottled Flame"},{"floor":28,"key":"Koishi:AHoleWhereASisterShouldBe"},{"floor":40,"key":"Shuriken"},{"floor":40,"key":"InkBottle"},{"floor":43,"key":"Mummified Hand"},{"floor":44,"key":"Bird Faced Urn"},{"floor":44,"key":"StrikeDummy"},{"floor":45,"key":"Art of War"},{"floor":46,"key":"Ornamental Fan"},{"floor":46,"key":"Regal Pillow"}],"event_choices":[{"damage_healed":0,"gold_gain":175,"player_choice":"AGREE","damage_taken":0,"max_hp_gain":0,"max_hp_loss":0,"event_name":"Liars Game","floor":4,"gold_loss":0,"cards_obtained":["Doubt"]},{"damage_healed":0,"gold_gain":0,"player_choice":"Success","damage_taken":3,"relics_obtained":["Pantograph"],"max_hp_gain":0,"max_hp_loss":0,"event_name":"Scrap Ooze","floor":13,"gold_loss":0},{"damage_healed":0,"gold_gain":0,"cards_transformed":["Koishi:BasicDefend"],"player_choice":"Transformed","damage_taken":0,"max_hp_gain":0,"max_hp_loss":0,"event_name":"Transmorgrifier","floor":19,"gold_loss":0,"cards_obtained":["Koishi:SubterraneanRose"]},{"damage_healed":0,"gold_gain":0,"player_choice":"Opened","damage_taken":0,"relics_obtained":["Gremlin Horn"],"max_hp_gain":0,"max_hp_loss":0,"event_name":"The Mausoleum","floor":24,"gold_loss":0,"cards_obtained":["Writhe"]},{"damage_healed":0,"gold_gain":0,"player_choice":"Ignored","damage_taken":0,"max_hp_gain":0,"max_hp_loss":0,"event_name":"Vampires","floor":27,"gold_loss":0},{"cards_removed":["Koishi:ParalyzingFear"],"damage_healed":0,"gold_gain":0,"player_choice":"Removed Attack","damage_taken":0,"max_hp_gain":0,"max_hp_loss":0,"event_name":"Falling","floor":36,"gold_loss":0},{"damage_healed":0,"gold_gain":0,"player_choice":"Bought 0 Potions","damage_taken":0,"max_hp_gain":0,"max_hp_loss":0,"event_name":"The Woman in Blue","floor":38,"gold_loss":0}],"is_beta":false,"boss_relics":[{"not_picked":["Coffee Dripper","SlaversCollar"],"picked":"Koishi:ColorfulDays"},{"not_picked":["Snecko Eye","Runic Pyramid"],"picked":"Black Star"}],"items_purged_floors":[22,29,31,41,47],"is_endless":false,"potions_floor_spawned":[1,7,14,16,18,25,37,44],"ascension_level":5}}