{"host":"1fn5ivlym87f4xjq","time":1610637605,"event":{"mods":["BaseMod","BetterRewards","Colored Powertips","Downfall","Minty Spire (QoL Compilation)","Shop Mod","StSLib","The Alterego","The Animator","The Exalted","The Forsaken","The Hierophant"],"gold_per_floor":[100,114,50114,45276,45394,45414,45414,45414,45514,45539,45582,45611,45720,45770,45796,45898,45898,45898,45914,45933,45950,43158,43158,43181,43231,43247,43184,43234,43252,43271,43321,43336,43438,43438,43288,43310,43360,43410,43427,43451,43474,43494,43435,43435,43476,43493,43588,43617,43649,43654],"floor_reached":51,"language":"ENG","playtime":5378,"items_purged":[],"score":1208,"play_id":"3099f9ec-c44c-47d5-99bc-ceb4765b148d","local_time":"20210114162005","is_ascension_mode":false,"campfire_choices":[{"floor":1.0,"key":"RECALL"},{"data":"1","floor":8,"key":"LIFT"},{"data":"2","floor":18,"key":"LIFT"},{"data":"3","floor":23,"key":"LIFT"},{"floor":35,"key":"DIG"}],"circlet_count":2,"master_deck":["alterego_mod:Bounce+1","alterego_mod:Bounce+1","alterego_mod:Bounce+1","alterego_mod:Bounce+1","alterego_mod:Bounce+1","alterego_mod:Bounce+1","alterego_mod:Bounce+1","alterego_mod:Bounce+1","alterego_mod:Bounce+1","alterego_mod:BiFurious+1","alterego_mod:BiFurious+1","alterego_mod:BiFurious+1","alterego_mod:BiFurious+1","alterego_mod:Belts+1","alterego_mod:Punishment+1","alterego_mod:Punishment+1","alterego_mod:PainIsPleasure+1","alterego_mod:AlterEgo+1","alterego_mod:AlterEgo+1","alterego_mod:AlterEgo+1","alterego_mod:Clones+1","alterego_mod:GIGAMILK+1","alterego_mod:Weigh+1","alterego_mod:RidiculouslyBig+1","alterego_mod:Rip+1","alterego_mod:Clones+1","alterego_mod:Rip+1","alterego_mod:Clones+1","alterego_mod:Santa+1","alterego_mod:Table+1","alterego_mod:MaintainEyeContact+1","alterego_mod:BusterCard+1","alterego_mod:Rip+1","alterego_mod:PainIsPleasure+1","alterego_mod:Rip+1","alterego_mod:Belle+1","alterego_mod:Bounce+1"],"relics":["alterego_mod:MasochisticConstitution","Ancient Tea Set","Bromod:ArcaneEnergize","The Courier","Smiling Mask","Membership Card","Bottled Tornado","Bottled Tornado","Bottled Tornado","Bottled Tornado","Bottled Tornado","Bottled Tornado","Bottled Flame","Molten Egg 2","Toxic Egg 2","Frozen Egg 2","Bromod:ArcaneDeflection","Juzu Bracelet","OrangePellets","Bottled Lightning","Bottled Lightning","Bromod:ArcaneTempo","Pocketwatch","Dream Catcher","PreservedInsect","Bottled Flame","Happy Flower","theForsaken:Lifeblossom","InkBottle","theForsaken:ScaryMask","HornCleat","Blood Vial","Bromod:ArcaneAwakening","Whetstone","Oddly Smooth Stone","Orichalcum","Mercury Hourglass","Anchor","Mummified Hand","MealTicket","Potion Belt","Shuriken","Kunai","Toy Ornithopter","Sundial","Bag of Marbles","Bag of Preparation","MerchantsRug","Pen Nib","Regal Pillow","Omamori","Bromod:ArcaneAegis","Bromod:ArcaneConsequence","theForsaken:Gavel","Ginger","Bromod:ArcaneNullifier","Meat on the Bone","Strawberry","Prayer Wheel","Matryoshka","War Paint","Eternal Feather","Ornamental Fan","Boot","Bromod:ArcaneTrickery","Pantograph","Akabeko","Thread and Needle","White Beast Statue","Letter Opener","theForsaken:Kindling","Bromod:ArcaneUltimatum","Nunchaku","Blue Candle","Bronze Scales","CeramicFish","Girya","Bromod:ArcaneMomentum","Bromod:ArcaneVictory","Bottled Lightning","StrikeDummy","Bromod:ArcaneGuardian","WingedGreaves","Ice Cream","Fusion Hammer","Fusion Hammer","Fusion Hammer","Fusion Hammer","Fusion Hammer","Fusion Hammer","Fusion Hammer","Fusion Hammer","Fusion Hammer","Fusion Hammer","Question Card","Odd Mushroom","downfall:CloakOfManyFaces","CultistMask","FaceOfCleric","NlothsMask","GremlinMask","SsserpentHead","SlaversCollar","Pear","theForsaken:HumbleEgg","Gremlin Horn","Toxic Egg 2","FossilizedHelix","Shuriken","TungstenRod","Bromod:ArcanePulse","Bromod:ArcaneFury","Bromod:ArcanePistoleer","Mango","Lizard Tail","Ice Cream","CaptainsWheel","Calipers","Bromod:ArcaneAvenger","Darkstone Periapt","Dead Branch","Torii","Incense Burner","StoneCalendar","Shovel","Bird Faced Urn","DollysMirror","WingedGreaves","Circlet","Lee\u0027s Waffle","Fusion Hammer","downfall:HeartBlessingRed","downfall:HeartBlessingGreen","Frozen Eye"],"acts_visited":["Exordium","TheCity","TheBeyond"],"potions_floor_usage":[],"damage_taken":[{"damage":0,"enemies":"Jaw Worm","floor":2,"turns":1},{"damage":0,"enemies":"downfall:FleeingMerchant","floor":4,"turns":4},{"damage":0,"enemies":"downfall:Heads","floor":5,"turns":1},{"damage":0,"enemies":"Cultist","floor":6,"turns":1},{"damage":1,"enemies":"Exordium Wildlife","floor":10,"turns":3},{"damage":0,"enemies":"Gremlin Nob","floor":11,"turns":1},{"damage":0,"enemies":"The Mushroom Lair","floor":12,"turns":3},{"damage":0,"enemies":"downfall:FaceTrader","floor":13,"turns":1},{"damage":0,"enemies":"Large Slime","floor":15,"turns":1},{"damage":0,"enemies":"downfall:Ironclad","floor":16,"turns":4},{"damage":0,"enemies":"Shell Parasite","floor":19,"turns":2},{"damage":0,"enemies":"3 Cultists","floor":20,"turns":1},{"damage":0,"enemies":"Cultist and Chosen","floor":21,"turns":3},{"damage":0,"enemies":"Sentry and Sphere","floor":26,"turns":1},{"damage":0,"enemies":"Centurion and Healer","floor":29,"turns":1},{"damage":0,"enemies":"Chosen and Byrds","floor":30,"turns":1},{"damage":0,"enemies":"3 Cultists","floor":32,"turns":1},{"damage":0,"enemies":"downfall:Watcher","floor":33,"turns":1},{"damage":0,"enemies":"3 Darklings","floor":36,"turns":1},{"damage":0,"enemies":"Orb Walker","floor":39,"turns":1},{"damage":0,"enemies":"Sphere and 2 Shapes","floor":40,"turns":1},{"damage":0,"enemies":"Writhing Mass","floor":42,"turns":1},{"damage":0,"enemies":"Maw","floor":44,"turns":1},{"damage":0,"enemies":"Nemesis","floor":45,"turns":1},{"damage":0,"enemies":"Sphere and 2 Shapes","floor":46,"turns":1},{"damage":0,"enemies":"2 Orb Walkers","floor":47,"turns":1},{"damage":0,"enemies":"Spire Growth","floor":48,"turns":1},{"damage":0,"enemies":"Writhing Mass","floor":49,"turns":1},{"damage":0,"enemies":"downfall:Defect","floor":50,"turns":1}],"seed_played":"5177637739928823987","potions_obtained":[{"floor":5,"key":"sneckomod:MuddlingPotion"},{"floor":6,"key":"SpeedPotion"},{"floor":10,"key":"LiquidBronze"},{"floor":11,"key":"Strength Potion"},{"floor":12,"key":"LiquidBronze"}],"is_trial":false,"path_per_floor":["R","M","M","$","?","M","T","R","?","M","E","?","?","?","M","B",null,"R","M","M","M","$","R","T","?","M","$","?","M","M","?","M","B",null,"R","M","?","?","M","M","T","M","$","M","E","M","?","M","M","B",null],"character_chosen":"The_Alterego","items_purchased":["Bromod:ArcaneDeflection","Juzu Bracelet","OrangePellets","Bromod:ArcaneTempo","Pocketwatch","Dream Catcher","PreservedInsect","Bottled Flame","Happy Flower","theForsaken:Lifeblossom","InkBottle","theForsaken:ScaryMask","HornCleat","Blood Vial","Bromod:ArcaneAwakening","Whetstone","Oddly Smooth Stone","Orichalcum","Mercury Hourglass","Anchor","Mummified Hand","MealTicket","Potion Belt","Kunai","Toy Ornithopter","Sundial","Bag of Marbles","Bag of Preparation","MerchantsRug","Pen Nib","Regal Pillow","Omamori","Bromod:ArcaneAegis","Bromod:ArcaneConsequence","theForsaken:Gavel","Ginger","Bromod:ArcaneNullifier","Meat on the Bone","Strawberry","Prayer Wheel","Matryoshka","War Paint","Eternal Feather","Ornamental Fan","Boot","Bromod:ArcaneTrickery","Pantograph","Akabeko","Thread and Needle","White Beast Statue","Letter Opener","theForsaken:Kindling","Bromod:ArcaneUltimatum","Nunchaku","Blue Candle","Lantern","Bronze Scales","CeramicFish","Girya","Bromod:ArcaneMomentum","Bromod:ArcaneVictory","Bottled Lightning","StrikeDummy","Pear","theForsaken:HumbleEgg","Gremlin Horn","Toxic Egg 2","FossilizedHelix","Shuriken","TungstenRod","Bromod:ArcanePulse","Bromod:ArcaneFury","Bromod:ArcanePistoleer","Mango","Lizard Tail","Ice Cream","CaptainsWheel","Calipers","Bromod:ArcaneAvenger","Darkstone Periapt","Dead Branch","Torii","Incense Burner","StoneCalendar","Shovel","Bird Faced Urn","DollysMirror","WingedGreaves","Lee\u0027s Waffle","Frozen Eye"],"campfire_rested":0,"item_purchase_floors":[4,4,4,4,4,4,4,4,4,4,4,4,4,4,4,4,4,4,4,4,4,4,4,4,4,4,4,4,4,4,4,4,4,4,4,4,4,4,4,4,4,4,4,4,4,4,4,4,4,4,4,4,4,4,4,4,4,4,4,4,4,4,4,22,22,22,22,22,22,22,22,22,22,22,22,22,22,22,22,22,22,22,22,22,22,22,22,22,27,43],"current_hp_per_floor":[70,70,70,77,77,77,77,77,77,78,78,78,78,78,79,80,80,80,81,82,83,107,107,107,107,108,115,115,116,117,117,118,119,119,119,120,113,113,121,122,122,123,123,124,125,126,127,128,129,130],"gold":43654,"neow_bonus":"RANDOM_COMMON_RELIC","is_daily":false,"chose_seed":false,"campfire_upgraded":0,"win_rate":0.0,"timestamp":1610637605,"path_taken":["R","M","M","$","?","M","T","R","?","M","E","?","?","?","M","BOSS","R","M","M","M","$","R","T","?","M","$","?","M","M","?","M","BOSS","R","M","?","?","M","M","T","M","$","M","E","M","?","M","M","BOSS"],"items_purchased_type":["Relic","Relic","Relic","Relic","Relic","Relic","Relic","Relic","Relic","Relic","Relic","Relic","Relic","Relic","Relic","Relic","Relic","Relic","Relic","Relic","Relic","Relic","Relic","Relic","Relic","Relic","Relic","Relic","Relic","Relic","Relic","Relic","Relic","Relic","Relic","Relic","Relic","Relic","Relic","Relic","Relic","Relic","Relic","Relic","Relic","Relic","Relic","Relic","Relic","Relic","Relic","Relic","Relic","Relic","Relic","Relic","Relic","Relic","Relic","Relic","Relic","Relic","Relic","Relic","Relic","Relic","Relic","Relic","Relic","Relic","Relic","Relic","Relic","Relic","Relic","Relic","Relic","Relic","Relic","Relic","Relic","Relic","Relic","Relic","Relic","Relic","Relic","Relic","Relic","Relic"],"build_version":"2020-12-22","purchased_purges":0,"victory":true,"max_hp_per_floor":[70,70,70,77,77,77,77,77,77,78,78,78,78,78,79,80,80,80,81,82,83,107,107,107,107,108,115,115,116,117,117,118,119,119,119,120,120,120,121,122,122,123,123,124,125,126,127,128,129,130],"card_choices":[{"not_picked":["alterego_mod:TrashNCrash","alterego_mod:1TonWallop","alterego_mod:RidiculouslyBig"],"picked":"SKIP","floor":2},{"not_picked":["alterego_mod:Clap+1","alterego_mod:Complex+1"],"picked":"alterego_mod:SakuraFive+1","floor":4},{"not_picked":["alterego_mod:Complex+1","alterego_mod:Cooking+1"],"picked":"alterego_mod:MagicResistance+1","floor":5},{"not_picked":["alterego_mod:Undulate+1","alterego_mod:GoddessCore+1","alterego_mod:Complex+1"],"picked":"SKIP","floor":6},{"not_picked":["alterego_mod:Stockings+1","alterego_mod:BoobPocket+1","alterego_mod:Belle+1"],"picked":"SKIP","floor":6},{"not_picked":["alterego_mod:Jiggle+1","alterego_mod:BustOut+1"],"picked":"alterego_mod:Weigh+1","floor":10},{"not_picked":["alterego_mod:BusterCard+1","alterego_mod:MagicResistance+1","alterego_mod:BiFurious+1"],"picked":"SKIP","floor":10},{"not_picked":["alterego_mod:DeftHands+1","alterego_mod:TrashNCrash+1"],"picked":"alterego_mod:RidiculouslyBig+1","floor":11},{"not_picked":["alterego_mod:Cycle+1","alterego_mod:Exercise+1","alterego_mod:DiscoLights+1"],"picked":"alterego_mod:Rip","floor":13},{"not_picked":["alterego_mod:Birthday+1","alterego_mod:Collar+1","alterego_mod:Valentines+1"],"picked":"alterego_mod:Clones+1","floor":15},{"not_picked":["alterego_mod:Collar+1","alterego_mod:BoobPocket+1","alterego_mod:Valentines+1","alterego_mod:Stockings+1"],"picked":"SKIP","floor":15},{"not_picked":["alterego_mod:BusterCard+1","alterego_mod:Maid+1","alterego_mod:Cooking+1","alterego_mod:Bloomers+1"],"picked":"SKIP","floor":19},{"not_picked":["alterego_mod:RocketPunch+1","alterego_mod:PurpleHair+1","alterego_mod:GoddessCore+1","alterego_mod:Bloomers+1"],"picked":"SKIP","floor":19},{"not_picked":["alterego_mod:Table+1","alterego_mod:Bounce+1","alterego_mod:Jiggle+1"],"picked":"alterego_mod:Rip+1","floor":20},{"not_picked":["alterego_mod:DiscoLights+1","alterego_mod:Jiggle+1","alterego_mod:Bounce+1","alterego_mod:ChallengeComplete+1"],"picked":"SKIP","floor":20},{"not_picked":["alterego_mod:BiFurious+1","alterego_mod:BustOut+1","alterego_mod:TrashNCrash+1","alterego_mod:Pet+1"],"picked":"SKIP","floor":21},{"not_picked":["alterego_mod:VirginLaserPalladion+1","alterego_mod:1TonWallop+1","alterego_mod:Cycle+1","alterego_mod:Pet+1"],"picked":"SKIP","floor":21},{"not_picked":["alterego_mod:Complex+1","alterego_mod:DeftHands+1","alterego_mod:Undulate+1","alterego_mod:Cycle+1"],"picked":"SKIP","floor":26},{"not_picked":["alterego_mod:RidiculouslyBig+1","alterego_mod:SakuraFive+1","alterego_mod:DeftHands+1","alterego_mod:Nekomimi+1"],"picked":"SKIP","floor":26},{"not_picked":["alterego_mod:Maid+1","alterego_mod:Cycle+1","alterego_mod:Exercise+1","alterego_mod:BustOut+1"],"picked":"SKIP","floor":29},{"not_picked":["alterego_mod:Palingenesis+1","alterego_mod:ChallengeComplete+1","alterego_mod:GoddessCore+1","alterego_mod:Belts+1"],"picked":"SKIP","floor":29},{"not_picked":["alterego_mod:Maid+1","alterego_mod:Skirt+1","alterego_mod:Cycle+1"],"picked":"alterego_mod:Santa+1","floor":30},{"not_picked":["alterego_mod:BrynhildrRomantia+1","alterego_mod:GoddessCore+1","alterego_mod:Skirt+1","alterego_mod:Bounce+1"],"picked":"SKIP","floor":30},{"not_picked":["alterego_mod:IndependentAction+1","alterego_mod:Belts+1","alterego_mod:Cushion+1","alterego_mod:1TonWallop+1"],"picked":"SKIP","floor":32},{"not_picked":["alterego_mod:DustData+1","alterego_mod:DiscoLights+1","alterego_mod:MaintainEyeContact+1","alterego_mod:Rip+1"],"picked":"SKIP","floor":32},{"not_picked":["alterego_mod:TrashNCrash+1","alterego_mod:Bounce+1","alterego_mod:Nekomimi+1"],"picked":"alterego_mod:Table+1","floor":36},{"not_picked":["alterego_mod:Jiggle+1","alterego_mod:SakuraFive+1","alterego_mod:DiscoLights+1","alterego_mod:Nekomimi+1"],"picked":"SKIP","floor":36},{"not_picked":["alterego_mod:SuperDuperMasochism+1","alterego_mod:GoddessCore+1","alterego_mod:SakuraPetals+1","alterego_mod:DeftHands+1"],"picked":"SKIP","floor":39},{"not_picked":["alterego_mod:Cushion+1","alterego_mod:GoddessCore+1","alterego_mod:RocketPunch+1","alterego_mod:SakuraPetals+1"],"picked":"SKIP","floor":39},{"not_picked":["alterego_mod:Clones+1","alterego_mod:Belle+1","alterego_mod:DustData+1"],"picked":"alterego_mod:MaintainEyeContact+1","floor":40},{"not_picked":["alterego_mod:Swimsuit+1","alterego_mod:Belle+1","alterego_mod:Schoolgirl+1","alterego_mod:IndependentAction+1"],"picked":"SKIP","floor":40},{"not_picked":["alterego_mod:Birthday+1","alterego_mod:BreastValley+1","alterego_mod:InsideBaseball+1"],"picked":"alterego_mod:BusterCard+1","floor":42},{"not_picked":["alterego_mod:DestructionOfProperty+1","alterego_mod:Pet+1","alterego_mod:Swimsuit+1","alterego_mod:PurpleHair+1"],"picked":"SKIP","floor":42},{"not_picked":["alterego_mod:Exercise+1","alterego_mod:BiFurious+1","alterego_mod:DeftHands+1","alterego_mod:1TonWallop+1"],"picked":"SKIP","floor":44},{"not_picked":["alterego_mod:Birthday+1","alterego_mod:Bunnysuit+1","alterego_mod:RidiculouslyBig+1","alterego_mod:MagicResistance+1"],"picked":"SKIP","floor":44},{"not_picked":["alterego_mod:Mirror+1","alterego_mod:InsideBaseball+1","alterego_mod:BreastValley+1"],"picked":"alterego_mod:Rip+1","floor":45},{"not_picked":["alterego_mod:Nekomimi+1","alterego_mod:SuperDuperMasochism+1","alterego_mod:Belts+1","alterego_mod:Complex+1"],"picked":"SKIP","floor":46},{"not_picked":["alterego_mod:Bounce+1","alterego_mod:Cooking+1","alterego_mod:BiFurious+1","alterego_mod:TrashNCrash+1"],"picked":"SKIP","floor":46},{"not_picked":["alterego_mod:GoddessCore+1","alterego_mod:HighServant+1","alterego_mod:Skirt+1"],"picked":"alterego_mod:PainIsPleasure+1","floor":48},{"not_picked":["alterego_mod:DeftHands+1","alterego_mod:Complex+1","alterego_mod:BreastValley+1"],"picked":"alterego_mod:Rip+1","floor":48},{"not_picked":["alterego_mod:Maid+1","alterego_mod:RidiculouslyBig+1","alterego_mod:Bounce+1"],"picked":"alterego_mod:Belle+1","floor":49},{"not_picked":["alterego_mod:SakuraFive+1","alterego_mod:DiscoLights+1","alterego_mod:Clap+1"],"picked":"alterego_mod:Bounce+1","floor":49}],"player_experience":137060,"relics_obtained":[{"floor":7,"key":"Bromod:ArcaneGuardian"},{"floor":11,"key":"Question Card"},{"floor":12,"key":"Odd Mushroom"},{"floor":13,"key":"downfall:CloakOfManyFaces"},{"floor":24,"key":"Circlet"},{"floor":35,"key":"Circlet"}],"event_choices":[{"damage_healed":0,"gold_gain":0,"player_choice":"Fought Mushrooms","damage_taken":0,"max_hp_gain":0,"max_hp_loss":0,"event_name":"Mushrooms","floor":12,"gold_loss":0},{"damage_healed":0,"gold_gain":0,"player_choice":"Upgraded","damage_taken":0,"max_hp_gain":0,"max_hp_loss":0,"event_name":"Upgrade Shrine","floor":28,"gold_loss":0,"cards_upgraded":["alterego_mod:Rip"]},{"cards_removed":["alterego_mod:BiFurious"],"damage_healed":0,"gold_gain":0,"player_choice":"Elegance","damage_taken":0,"max_hp_gain":0,"max_hp_loss":0,"event_name":"Back to Basics","floor":31,"gold_loss":0},{"damage_healed":0,"gold_gain":0,"player_choice":"Punched","damage_taken":8,"max_hp_gain":0,"max_hp_loss":0,"event_name":"Designer","floor":37,"gold_loss":0},{"cards_removed":["alterego_mod:Bounce"],"damage_healed":0,"gold_gain":0,"player_choice":"Removed Attack","damage_taken":0,"max_hp_gain":0,"max_hp_loss":0,"event_name":"Falling","floor":38,"gold_loss":0},{"damage_healed":0,"gold_gain":0,"player_choice":"Fight","damage_taken":0,"max_hp_gain":0,"max_hp_loss":0,"event_name":"Mysterious Sphere","floor":47,"gold_loss":0}],"is_beta":false,"boss_relics":[{"not_picked":["Cursed Key","Calling Bell"],"picked":"SlaversCollar"},{"not_picked":["Velvet Choker","Bromod:ArcaneBarrier"],"picked":"Fusion Hammer"}],"items_purged_floors":[],"is_endless":false,"potions_floor_spawned":[5,6,10,11,12,13,15,16,19,20,21,26,29,30,32,33,36,39,40,42,44,45,46,47,48,49],"ascension_level":0}}