{"host":"a0d98l75j0h1o085","time":1610646371,"event":{"mods":["AlwaysNeverKeys","BaseMod","Downfall","Highlight Path","Minty Spire (QoL Compilation)","StSLib"],"gold_per_floor":[99,118,118,134,153,187,211,241,166,4,18,36,71,90,142,237,237,237,254,272,272,291,317,365,365,290,309,234,234,219,231,241,241,241],"floor_reached":33,"language":"ENG","playtime":5938,"items_purged":[],"score":320,"play_id":"a395702b-73db-481f-8b93-d80d8d4430e4","local_time":"20210114174611","is_ascension_mode":true,"campfire_choices":[{"data":"sneckomod:Unknown","floor":1,"key":"SMITH"},{"data":"sneckomod:SerpentIdol","floor":9,"key":"SMITH"},{"data":"sneckomod:Unknown3Cost","floor":18,"key":"SMITH"},{"floor":26,"key":"RECALL"},{"data":"sneckomod:MasterEye","floor":28,"key":"SMITH"}],"circlet_count":0,"master_deck":["sneckomod:Defend","sneckomod:Defend","sneckomod:TailWhip","sneckomod:SnekBite","sneckomod:Unknown+1","sneckomod:Unknown+1","sneckomod:ImprovisedGuard","sneckomod:SerpentIdol+1","sneckomod:CheapStock","sneckomod:UnknownExhaust","sneckomod:UnknownUncommonPower","sneckomod:Unknown3Cost+1","sneckomod:MasterEye+1","sneckomod:SerpentIdol+1","sneckomod:SoulDraw","sneckomod:UnknownRarePower","sneckomod:UnknownRareSkill+1","sneckomod:Unknown3Cost+1","sneckomod:IronFang+1","sneckomod:Unknown3Cost","sneckomod:Restock","sneckomod:Unknown2Cost+1"],"relics":["sneckomod:SneckoSoul","Lantern","Question Card","downfall:HeartBlessingBlue","Calipers","Astrolabe","Happy Flower","War Paint","Nunchaku","downfall:HeartBlessingGreen","downfall:HeartBlessingRed"],"acts_visited":["Exordium","TheCity"],"potions_floor_usage":[13,13,20,23,23,23,33],"damage_taken":[{"damage":1,"enemies":"Jaw Worm","floor":2,"turns":3},{"damage":5,"enemies":"Cultist","floor":4,"turns":4},{"damage":0,"enemies":"2 Louse","floor":5,"turns":2},{"damage":12,"enemies":"3 Sentries","floor":6,"turns":5},{"damage":6,"enemies":"downfall:FleeingMerchant","floor":10,"turns":4},{"damage":7,"enemies":"Blue Slaver","floor":11,"turns":4},{"damage":0,"enemies":"Exordium Wildlife","floor":12,"turns":3},{"damage":16,"enemies":"Lagavulin","floor":13,"turns":7},{"damage":4,"enemies":"Large Slime","floor":14,"turns":5},{"damage":5,"enemies":"Gremlin Gang","floor":15,"turns":5},{"damage":42,"enemies":"downfall:Ironclad","floor":16,"turns":9},{"damage":18,"enemies":"Shell Parasite","floor":19,"turns":7},{"damage":5,"enemies":"Spheric Guardian","floor":20,"turns":5},{"damage":12,"enemies":"Snecko","floor":22,"turns":5},{"damage":14,"enemies":"Book of Stabbing","floor":23,"turns":7},{"damage":20,"enemies":"Snake Plant","floor":27,"turns":8},{"damage":6,"enemies":"downfall:FleeingMerchant","floor":30,"turns":4},{"damage":31,"enemies":"Cultist and Chosen","floor":31,"turns":6},{"damage":14,"enemies":"Centurion and Healer","floor":32,"turns":6},{"damage":4,"enemies":"downfall:Watcher","floor":33,"turns":10}],"seed_played":"-713321396064200467","potions_obtained":[{"floor":2,"key":"Block Potion"},{"floor":4,"key":"Strength Potion"},{"floor":12,"key":"Swift Potion"},{"floor":15,"key":"sneckomod:CheatPotion"},{"floor":16,"key":"ColorlessPotion"},{"floor":22,"key":"Energy Potion"},{"floor":31,"key":"BlessingOfTheForge"}],"is_trial":false,"path_per_floor":["R","M","?","M","M","E","T","?","R","$","M","M","E","M","M","B",null,"R","M","M","?","M","E","T","T","R","M","R","?","$","M","M","B"],"character_chosen":"THE_SNECKO","items_purchased":["sneckomod:Unknown3Cost","sneckomod:MasterEye"],"campfire_rested":0,"item_purchase_floors":[10,10],"current_hp_per_floor":[99,98,98,93,94,83,83,83,93,88,83,91,79,79,74,33,115,115,101,96,96,86,72,72,72,72,53,53,53,47,16,3,0,0],"gold":241,"neow_bonus":"TEN_PERCENT_HP_BONUS","is_daily":false,"chose_seed":false,"campfire_upgraded":4,"win_rate":0.0,"timestamp":1610646371,"path_taken":["R","M","?","M","?","E","T","?","R","?","?","M","E","M","M","BOSS","R","M","M","?","M","E","T","?","R","M","R","?","?","M","M","BOSS"],"items_purchased_type":["Card","Card"],"build_version":"2020-12-22","purchased_purges":0,"victory":false,"max_hp_per_floor":[99,99,99,99,100,101,101,101,111,112,112,112,112,112,112,113,115,115,115,115,115,115,115,115,115,115,116,116,116,116,116,117,117,117],"card_choices":[{"not_picked":["sneckomod:IronFang","sneckomod:Unknown1Cost"],"picked":"sneckomod:ImprovisedGuard","floor":2},{"not_picked":["sneckomod:UnknownCommonSkill","sneckomod:UnknownUncommonPower"],"picked":"sneckomod:CheapStock","floor":4},{"not_picked":["sneckomod:QuickMove","sneckomod:UnknownBlock"],"picked":"sneckomod:UnknownExhaust","floor":5},{"not_picked":["sneckomod:UnknownEthereal","sneckomod:SoulDraw"],"picked":"sneckomod:UnknownUncommonPower","floor":6},{"not_picked":["sneckomod:UnknownClassRED","sneckomod:UnknownClassHEXA_GHOST_PURPLE","sneckomod:TrashToTreasure","sneckomod:SoulDraw"],"picked":"SKIP","floor":10},{"not_picked":["sneckomod:UnknownEthereal","sneckomod:ImprovisedAttack","sneckomod:QuickMove"],"picked":"sneckomod:SerpentIdol","floor":11},{"not_picked":["sneckomod:RainOfDice","sneckomod:DiceBlock","sneckomod:IronFang","sneckomod:SoulRoll"],"picked":"SKIP","floor":12},{"not_picked":["sneckomod:DiceBlock","sneckomod:QuickMove","sneckomod:UnknownCommonSkill"],"picked":"sneckomod:SoulDraw","floor":13},{"not_picked":["sneckomod:DangerNoodle","sneckomod:UnknownClassHEXA_GHOST_PURPLE","sneckomod:UnknownBlock","sneckomod:SoulRoll"],"picked":"SKIP","floor":13},{"not_picked":["sneckomod:WideSting","sneckomod:UnknownClassSLIMEBOUND","sneckomod:UnknownUncommonSkill","sneckomod:UnknownCommonSkill"],"picked":"SKIP","floor":14},{"not_picked":["sneckomod:DefensiveFlair","sneckomod:DiceCrush","sneckomod:UnknownClassHEXA_GHOST_PURPLE","sneckomod:WideSting"],"picked":"SKIP","floor":15},{"not_picked":["sneckomod:Mudshield","sneckomod:Restock","sneckomod:DangerNoodle"],"picked":"sneckomod:UnknownRarePower","floor":16},{"not_picked":["sneckomod:UnknownUncommonAttack+1","sneckomod:TrashToTreasure","sneckomod:RainOfDice","sneckomod:QuickMove"],"picked":"SKIP","floor":19},{"not_picked":["sneckomod:UnknownWeak+1","sneckomod:UnknownCommonAttack","sneckomod:QuickMove","sneckomod:UnknownStrike"],"picked":"SKIP","floor":20},{"not_picked":["sneckomod:WideSting+1","sneckomod:QuickMove","sneckomod:RainOfDice","sneckomod:QuickBite"],"picked":"SKIP","floor":22},{"not_picked":["sneckomod:Unknown0Cost+1","sneckomod:RainOfDice","sneckomod:QuickBite","sneckomod:UnknownUncommonAttack+1"],"picked":"SKIP","floor":23},{"not_picked":["sneckomod:QuickMove+1","sneckomod:UnknownCommonAttack","sneckomod:Rotation"],"picked":"sneckomod:Unknown3Cost","floor":27},{"not_picked":["sneckomod:UnknownWeak","sneckomod:UnknownUncommonSkill","sneckomod:QuickBite"],"picked":"sneckomod:Restock","floor":30},{"not_picked":["sneckomod:UnknownEthereal+1","sneckomod:IronFang","sneckomod:QuickBite","sneckomod:UnknownVulnerable"],"picked":"SKIP","floor":31},{"not_picked":["sneckomod:UnknownUncommonPower","sneckomod:UnknownBlock","sneckomod:MasterEye"],"picked":"sneckomod:Unknown2Cost+1","floor":32}],"player_experience":916651,"relics_obtained":[{"floor":6,"key":"Lantern"},{"floor":13,"key":"Calipers"},{"floor":23,"key":"Happy Flower"},{"floor":24,"key":"War Paint"},{"floor":25,"key":"Nunchaku"}],"event_choices":[{"damage_healed":0,"gold_gain":0,"cards_transformed":["sneckomod:Strike"],"player_choice":"Transformed","damage_taken":0,"max_hp_gain":0,"max_hp_loss":0,"event_name":"Transmorgrifier","floor":3,"gold_loss":0,"cards_obtained":["sneckomod:SerpentIdol"]},{"damage_healed":0,"gold_gain":0,"player_choice":"Ignored","damage_taken":0,"max_hp_gain":0,"max_hp_loss":0,"event_name":"Vampires","floor":21,"gold_loss":0}],"is_beta":false,"boss_relics":[{"not_picked":["Coffee Dripper","Velvet Choker"],"picked":"Astrolabe"}],"items_purged_floors":[],"is_endless":false,"potions_floor_spawned":[2,4,12,15,16,22,31],"killed_by":"downfall:Watcher","ascension_level":1}}