{"host":"56ghxnzsglgdq727","time":1610591324,"event":{"mods":["AchievementEnabler","BaseMod","Downfall","Duelist Mod","Minty Spire (QoL Compilation)","Rare Cards Sparkle","StSLib","The Bug Knight","The Exalted","The Senshi","The Wild Card"],"gold_per_floor":[142,142,142,142,142,172,185,185,185,39,50,50,85,101,101,198,198,214,214,290,190,190,221,221,253,253,263,278,313,12,12,12,116,116,136,154,29,29,229,229,254,104,104,117,117,52,62,78,78,78],"floor_reached":51,"language":"ENG","playtime":1777,"items_purged":["theDuelist:CastleWalls","theDuelist:CastleWalls","theDuelist:WhiteHowling","theDuelist:SummoningCurse"],"score":1054,"play_id":"30240f98-627d-45f5-b04a-a26890b56aa2","local_time":"20210113212844","is_ascension_mode":true,"campfire_choices":[{"data":"theDuelist:ShardGreed","floor":8,"key":"SMITH"},{"data":"theDuelist:CyberDragonSieger","floor":15,"key":"SMITH"},{"data":"theDuelist:Nameless:Power:ForbiddenLance","floor":24,"key":"SMITH"},{"floor":32,"key":"REST"},{"data":"theDuelist:BlueEyesUltimate","floor":40,"key":"SMITH"},{"floor":49,"key":"REST"}],"circlet_count":0,"master_deck":["theDuelist:CaveDragon","theDuelist:CaveDragon","theDuelist:LesserDragon","theDuelist:LesserDragon","theDuelist:Sparks","theDuelist:YamataDragon","theDuelist:CastleDragonSouls","theWildCard:PaleRider","theDuelist:ShardGreed+1","theDuelist:CyberDragonSieger+1","theDuelist:DragonMastery","theDuelist:Nameless:Power:ForbiddenLance+1","theDuelist:ChimeratechOverdragon","theDuelist:FluteSummoning","theDuelist:AncientDragon","theDuelist:DragonMastery+1","theDuelist:BlueEyesUltimate+1","theDuelist:BlueEyes","theDuelist:StardustDragon+1","theDuelist:WingedDragonRa","theDuelist:DragonMirror+1","theDuelist:SliferSky+1","theDuelist:Mountain+1"],"relics":["theDuelist:MillenniumPuzzle","theDuelist:CardPoolRelic","theDuelist:CardPoolBasicRelic","theDuelist:BoosterPackPoolRelic","theDuelist:CardPoolAddRelic","theDuelist:CardPoolMinusRelic","theDuelist:CardPoolSaveRelic","theDuelist:CardPoolOptionsRelic","NeowsBlessing","Bronze Scales","theDuelist:DuelistTeaSet","Matryoshka","HornCleat","Vajra","Orichalcum","Sozu","Regal Pillow","theSenshi:SailorFukuRelic","Bromod:ArcaneNullifier","Gremlin Horn","theDuelist:GoldenScale","theDuelist:Monsterbox","Bag of Preparation","Nunchaku","Mark of Pain","theDuelist:MillenniumPrayerbook","theDuelist:MillenniumCoin","Blue Candle","Bromod:ArcaneAwakening","Dream Catcher"],"acts_visited":["Exordium","TheCity","TheBeyond"],"potions_floor_usage":[13,16,29],"damage_taken":[{"damage":0,"enemies":"Cultist","floor":1,"turns":1},{"damage":0,"enemies":"3 Sentries","floor":6,"turns":1},{"damage":0,"enemies":"Jaw Worm","floor":7,"turns":1},{"damage":0,"enemies":"2 Louse","floor":11,"turns":2},{"damage":24,"enemies":"Lagavulin","floor":13,"turns":4},{"damage":4,"enemies":"Looter","floor":14,"turns":2},{"damage":27,"enemies":"Slime Boss","floor":16,"turns":5},{"damage":0,"enemies":"3 Byrds","floor":18,"turns":3},{"damage":47,"enemies":"Slavers","floor":23,"turns":4},{"damage":0,"enemies":"HollowMod:Nosk","floor":25,"turns":3},{"damage":5,"enemies":"Shell Parasite","floor":27,"turns":3},{"damage":8,"enemies":"3 Cultists","floor":28,"turns":4},{"damage":21,"enemies":"Slavers","floor":29,"turns":4},{"damage":14,"enemies":"Collector","floor":33,"turns":5},{"damage":2,"enemies":"3 Shapes","floor":35,"turns":3},{"damage":16,"enemies":"3 Darklings","floor":36,"turns":5},{"damage":3,"enemies":"HollowMod:StalkingDevout","floor":41,"turns":5},{"damage":10,"enemies":"Jaw Worm Horde","floor":44,"turns":2},{"damage":10,"enemies":"Writhing Mass","floor":47,"turns":2},{"damage":17,"enemies":"Jaw Worm Horde","floor":48,"turns":3},{"damage":36,"enemies":"Donu and Deca","floor":50,"turns":4}],"seed_played":"-8902104218070542029","potions_obtained":[{"floor":1,"key":"Explosive Potion"},{"floor":14,"key":"BlessingOfTheForge"},{"floor":16,"key":"EssenceOfSteel"}],"is_trial":false,"path_per_floor":["M","?","?","?","T","E","M","R","T","$","M","?","E","M","R","B",null,"M","?","?","$","?","E","R","E","T","M","M","E","$","?","R","B",null,"M","M","$","?","?","R","E","$","T","M","?","?","M","M","R","B",null],"character_chosen":"THE_DUELIST","items_purchased":["theDuelist:CyberDragonSieger","theDuelist:Monsterbox","Bag of Preparation","Nunchaku"],"campfire_rested":2,"item_purchase_floors":[10,30,30,30],"current_hp_per_floor":[80,80,77,77,77,77,77,77,77,77,77,94,70,66,66,39,97,97,97,97,97,97,50,50,50,50,45,37,16,16,31,79,65,112,110,94,94,88,88,88,85,85,85,75,70,70,60,43,91,55],"gold":78,"neow_bonus":"THREE_ENEMY_KILL","is_daily":false,"chose_seed":false,"campfire_upgraded":4,"win_rate":0.0,"timestamp":1610591324,"path_taken":["M","?","?","?","?","E","?","R","T","$","M","?","E","M","R","BOSS","M","?","?","$","?","E","R","E","T","M","M","E","$","?","R","BOSS","M","?","$","?","?","R","E","$","T","M","?","?","?","M","R","BOSS"],"items_purchased_type":["Card","Relic","Relic","Relic"],"build_version":"2020-12-22","purchased_purges":4,"victory":true,"max_hp_per_floor":[80,80,80,80,80,80,80,80,80,80,80,97,97,97,97,97,97,97,97,97,97,97,97,97,97,97,97,97,97,97,112,112,112,112,112,112,112,112,112,112,112,112,112,112,112,112,112,112,112,112],"card_choices":[{"not_picked":["theDuelist:WhiteHowling","theDuelist:TyrantWing","theDuelist:JurassicImpact"],"picked":"theDuelist:CastleDragonSouls","floor":1},{"not_picked":["theDuelist:YamataDragon","theDuelist:TwinHeadedFire","theDuelist:MadSwordBeast","theDuelist:Earthquake","theDuelist:TrihornedDragon"],"picked":"SKIP","floor":6},{"not_picked":["theDuelist:LightningDarts","theDuelist:GreenGraveOni","theDuelist:HaneHane","theDuelist:RainbowBridge"],"picked":"theDuelist:ShardGreed","floor":7},{"not_picked":["theDuelist:SeismicShockwave","theDuelist:QueenDragunDjinn","theDuelist:CyberDragonInfinity","theDuelist:BSkullDragon"],"picked":"theDuelist:DragonMastery","floor":11},{"not_picked":["theDuelist:YamataDragon","theDuelist:DefenseZone","theDuelist:Pyrorex","theDuelist:Earthquake","theDuelist:CyberDinosaur"],"picked":"SKIP","floor":13},{"not_picked":["theDuelist:TwinHeadedFire","theDuelist:SafeZone","theDuelist:TwinBarrelDragon","theDuelist:Earthquake","theDuelist:Freezadon"],"picked":"SKIP","floor":14},{"not_picked":["theDuelist:SurvivalFittest","theDuelist:SeismicShockwave","theDuelist:BlasterDragonInfernos","theDuelist:ArmageddonDragonEmp"],"picked":"theDuelist:ChimeratechOverdragon","floor":16},{"not_picked":["theDuelist:StampingDestruction","theDuelist:EvolutionBurst+1","theDuelist:CyberRevsystem","theDuelist:LostWorld"],"picked":"theDuelist:GravityLash","floor":18},{"not_picked":["theDuelist:RainbowOverdragon","theDuelist:BlackPendant+1","theDuelist:BlueBloodedOni","theDuelist:DarkFactory","theDuelist:ImperialOrder"],"picked":"SKIP","floor":23},{"not_picked":["theDuelist:ShardGreed","theDuelist:Nameless:Power:ForbiddenLance","theDuelist:CastleDragonSouls","theDuelist:FluteSummoning"],"picked":"theDuelist:DragonMastery+1","floor":25},{"not_picked":["theDuelist:CyberValley","theDuelist:AquaDolphin","theDuelist:BusterDrake","theDuelist:MirageDragon","theDuelist:MiraculousDescent"],"picked":"SKIP","floor":27},{"not_picked":["theDuelist:FrozenFitzgerald","theDuelist:WaterDragonCluster","theDuelist:GiantRex","theDuelist:GenesisDragon"],"picked":"theDuelist:BlueEyesUltimate","floor":28},{"not_picked":["theDuelist:InfernityDoomDragon","theDuelist:VeilDarkness+1","theDuelist:MythicWaterDragon","theDuelist:FluteSummoning"],"picked":"theDuelist:BlueEyes","floor":29},{"not_picked":["theDuelist:SeismicShockwave","theDuelist:LostWorld","theDuelist:FiveHeaded","theDuelist:BusterBladerDDS"],"picked":"theDuelist:StardustDragon+1","floor":33},{"not_picked":["theDuelist:DragonMastery","theDuelist:ArmedProtectorDragon"],"picked":"theDuelist:WingedDragonRa","floor":35},{"not_picked":["theDuelist:Earthquake+1","theDuelist:AncientRules","theDuelist:DragonTreasure+1","theDuelist:Dracocension+1"],"picked":"theDuelist:DragonMirror+1","floor":36},{"not_picked":["theDuelist:MirageDragon+1","theDuelist:Hydrogeddon+1","theDuelist:DarkHorus+1","theDuelist:CyberDinosaur+1","theDuelist:ViceDragon"],"picked":"SKIP","floor":41},{"not_picked":["Bandage Up","Enlightenment","Transmutation","Violence"],"picked":"SKIP","floor":44},{"not_picked":["theDuelist:QueenDragunDjinn+1","theDuelist:LostWorld","theDuelist:BlasterDragonInfernos","theDuelist:BerserkScales"],"picked":"theDuelist:SliferSky+1","floor":47},{"not_picked":["Blind","Flash of Steel","Panacea","PanicButton"],"picked":"SKIP","floor":48},{"not_picked":["theDuelist:BarrelDragon","theDuelist:BabyDragon"],"picked":"theDuelist:Mountain+1","floor":49}],"player_experience":242289,"relics_obtained":[{"floor":5,"key":"theDuelist:DuelistTeaSet"},{"floor":6,"key":"Matryoshka"},{"floor":9,"key":"HornCleat"},{"floor":9,"key":"Vajra"},{"floor":13,"key":"Orichalcum"},{"floor":23,"key":"Regal Pillow"},{"floor":25,"key":"theSenshi:SailorFukuRelic"},{"floor":26,"key":"Bromod:ArcaneNullifier"},{"floor":26,"key":"Gremlin Horn"},{"floor":29,"key":"theDuelist:GoldenScale"},{"floor":41,"key":"Blue Candle"},{"floor":43,"key":"Bromod:ArcaneAwakening"}],"event_choices":[{"damage_healed":0,"gold_gain":0,"player_choice":"Success","damage_taken":3,"relics_obtained":["Bronze Scales"],"max_hp_gain":0,"max_hp_loss":0,"event_name":"Scrap Ooze","floor":3,"gold_loss":0},{"damage_healed":0,"gold_gain":0,"player_choice":"Leave","duelist":true,"damage_taken":0,"max_hp_gain":0,"max_hp_loss":0,"event_name":"Egyptian Village","floor":4,"gold_loss":0},{"power_reward":4,"total_magic_score":30,"gold_gain":0,"duelist":true,"damage_taken":0,"relics_obtained":[],"points":8,"max_hp_gain":17,"max_hp_loss":0,"spent_points":{"magic":0,"greed":0,"war":0,"power":4,"hunger":4},"event_name":"Nameless Tomb","hunger_reward":4,"floor":12,"gold_loss":0,"cards_obtained":["theDuelist:Nameless:Power:ForbiddenLance"]},{"damage_healed":0,"gold_gain":0,"player_choice":"Read","damage_taken":0,"max_hp_gain":0,"max_hp_loss":0,"event_name":"The Library","floor":19,"gold_loss":0,"cards_obtained":["theDuelist:FluteSummoning"]},{"damage_healed":0,"gold_gain":0,"player_choice":"Sold Gravity Lash for 76 Gold.","duelist":true,"damage_taken":0,"max_hp_gain":0,"max_hp_loss":0,"event_name":"Card Trader","floor":20,"gold_loss":0},{"damage_healed":0,"gold_gain":0,"cards_transformed":["theDuelist:Sparks","theDuelist:BabyDragon"],"player_choice":"Became Test Subject","damage_taken":0,"max_hp_gain":0,"max_hp_loss":0,"event_name":"Drug Dealer","floor":22,"gold_loss":0,"cards_obtained":["theDuelist:AncientDragon","theDuelist:WhiteHowling"]},{"total_magic_score":52,"gold_gain":0,"duelist":true,"damage_taken":0,"relics_obtained":[],"points":4,"max_hp_gain":15,"max_hp_loss":0,"spent_points":{"magic":0,"greed":0,"war":0,"power":0,"hunger":4},"event_name":"Nameless Tomb","hunger_reward":4,"floor":31,"gold_loss":0,"cards_obtained":[]},{"damage_healed":0,"gold_gain":0,"player_choice":"Dig - random Duelist relic","duelist":true,"damage_taken":0,"max_hp_gain":0,"max_hp_loss":0,"event_name":"Aknamkanon\u0027s Tomb","floor":38,"gold_loss":0},{"damage_healed":0,"gold_gain":0,"player_choice":"Took item - Received: Millennium Coin","duelist":true,"damage_taken":0,"max_hp_gain":0,"max_hp_loss":0,"event_name":"Millennium Items","floor":39,"gold_loss":0},{"damage_healed":0,"gold_gain":0,"player_choice":"Memory 2","damage_taken":5,"max_hp_gain":0,"max_hp_loss":0,"event_name":"SensoryStone","floor":45,"gold_loss":0},{"damage_healed":0,"gold_gain":0,"player_choice":"Paid Gold","damage_taken":0,"relics_obtained":["Dream Catcher"],"max_hp_gain":0,"max_hp_loss":0,"event_name":"WeMeetAgain","floor":46,"gold_loss":65}],"is_beta":false,"boss_relics":[{"not_picked":["Runic Pyramid","HoveringKite"],"picked":"Sozu"},{"not_picked":["theDuelist:HauntedRelic","Coffee Dripper"],"picked":"Mark of Pain"}],"items_purged_floors":[10,21,37,42],"is_endless":false,"potions_floor_spawned":[1,14,16,18,28,29,33,36,41,44],"ascension_level":3}}