{"host":"s5olpoz35hr9wai9","time":1610629907,"event":{"mods":["Act Like it!","BaseMod","Colored Powertips","Friendly Minions","Gensokyo","Kiyohime£®«Âºß£©","Koishi","KomeijiMod","Marisa£®ÏF”Í°°ƒß¿Ì…≥£©","Minty Spire (QoL Compilation)","Quick Restart","Reimu£®≤©¿ˆ¡È√Œ£©","Remilia£®¿Ÿ√◊¿Ú—«£©","Replay The Spire","Shop Mod","StSLib","The Administrix","The Animator","The Servant 0.9.4","Youmu£®ªÍ∆«—˝√Œ£©","Yuyuko"],"gold_per_floor":[109,120,130,130,142,142,142,176,226,226,226,226,401,420,420,540,540,564,489,619,637,239,239,239],"floor_reached":23,"language":"ZHS","playtime":932,"items_purged":["Doubt"],"score":189,"play_id":"f5b5fec2-80ca-4118-b1b5-6e406ec2e8ac","local_time":"20210114211147","is_ascension_mode":false,"campfire_choices":[{"data":"Dash_Komeiji","floor":6,"key":"SMITH"},{"data":"Mishyaguji+1","floor":15,"key":"SWEEP"}],"circlet_count":0,"master_deck":["Strike_Komeiji","Strike_Komeiji","Strike_Komeiji","Strike_Komeiji","Defend_Komeiji","Defend_Komeiji","Defend_Komeiji","Defend_Komeiji","Dash_Komeiji+1","NingyouKisou+1","SeekerDolls","TenguhouSokujitsuken","NingyouSP+1","SemiAutomaton","Mishyaguji+1","ShanghaiNingyou","KeiseiJin+1","NingyouSousou+1","Sabishigari+1","NingyouShinki+1","Mishyaguji+1","LunaticRedEyes"],"relics":["KomeijisEye","SpellCardsRule","MusicBox","NeowsBlessing","Divine Protection","CrystalOfMemory","Pen Nib","Golden Idol","Replay:Bronze Core","Blue Doll","MerchantsRug"],"acts_visited":["Exordium","TheCity"],"potions_floor_usage":[],"damage_taken":[{"damage":0,"enemies":"2 Louse","floor":1,"turns":1},{"damage":0,"enemies":"Jaw Worm","floor":2,"turns":1},{"damage":0,"enemies":"Small Slimes","floor":3,"turns":1},{"damage":14,"enemies":"3 Louse","floor":5,"turns":4},{"damage":5,"enemies":"Lagavulin","floor":8,"turns":9},{"damage":0,"enemies":"Blue Slaver","floor":14,"turns":3},{"damage":16,"enemies":"The Guardian","floor":16,"turns":10},{"damage":24,"enemies":"3 Byrds","floor":18,"turns":4},{"damage":3,"enemies":"2 Thieves","floor":21,"turns":4},{"damage":23,"enemies":"Book of Stabbing","floor":23,"turns":3}],"seed_played":"737719559816526359","potions_obtained":[{"floor":5,"key":"Reflective Coating"},{"floor":8,"key":"SneckoOil"},{"floor":14,"key":"CalmPotion"}],"is_trial":false,"path_per_floor":["M","M","M","$","M","R","?","E","T","?","?","?","?","M","R","B",null,"M","?","?","M","$","E"],"character_chosen":"KomeijiSatori","items_purchased":["Mishyaguji+1","LunaticRedEyes","MerchantsRug"],"campfire_rested":0,"item_purchase_floors":[22,22,22],"current_hp_per_floor":[50,50,50,50,36,36,11,6,6,50,50,50,50,50,50,34,50,26,26,26,23,23,0,0],"gold":239,"neow_bonus":"THREE_ENEMY_KILL","is_daily":false,"chose_seed":false,"campfire_upgraded":1,"win_rate":0.0,"timestamp":1610629907,"path_taken":["M","M","M","$","M","R","?","E","T","?","?","?","?","?","R","BOSS","M","?","?","M","$","E"],"items_purchased_type":["Card","Card","Relic"],"build_version":"2020-12-22","purchased_purges":1,"victory":false,"max_hp_per_floor":[50,50,50,50,50,50,50,50,50,50,50,50,50,50,50,50,50,50,50,50,50,50,50,50],"card_choices":[{"not_picked":["HagoromoMizu","Sabishigari+1"],"picked":"NingyouKisou+1","floor":1},{"not_picked":["RikonNoKama+1","NingyouKisou+1"],"picked":"SeekerDolls","floor":2},{"not_picked":["NingyouShinki+1","Agarareta+1"],"picked":"TenguhouSokujitsuken","floor":3},{"not_picked":["NingyouFukuhei+1","NingyouSousou+1"],"picked":"NingyouSP+1","floor":5},{"not_picked":["NingyouSP+1","DemonLordCradle"],"picked":"SemiAutomaton","floor":8},{"not_picked":["EnMu+1","Mishyaguji+1"],"picked":"DochyakuKami+1","floor":14},{"not_picked":["AbyssNova","MunenMusou"],"picked":"ShanghaiNingyou","floor":16},{"not_picked":["DemonLordCradle","Melting"],"picked":"KeiseiJin+1","floor":18},{"not_picked":["Melting","LittleLegion"],"picked":"NingyouSousou+1","floor":20},{"not_picked":["DochyakuKami+1","NingyouKisou+1"],"picked":"Sabishigari+1","floor":20},{"not_picked":["NingyouSP+1","RikonNoKama+1"],"picked":"NingyouShinki+1","floor":21}],"player_experience":230404,"relics_obtained":[{"floor":8,"key":"CrystalOfMemory"},{"floor":9,"key":"Pen Nib"},{"floor":20,"key":"Blue Doll"}],"event_choices":[{"damage_healed":0,"gold_gain":0,"player_choice":"Success","damage_taken":25,"relics_obtained":["Divine Protection"],"max_hp_gain":0,"max_hp_loss":0,"event_name":"Scrap Ooze","floor":7,"gold_loss":0},{"damage_healed":0,"gold_gain":0,"player_choice":"Take Wound","damage_taken":0,"relics_obtained":["Golden Idol"],"max_hp_gain":0,"max_hp_loss":0,"event_name":"Golden Idol","floor":12,"gold_loss":0,"cards_obtained":["Injury"]},{"damage_healed":0,"gold_gain":175,"player_choice":"AGREE","damage_taken":0,"max_hp_gain":0,"max_hp_loss":0,"event_name":"Liars Game","floor":13,"gold_loss":0,"cards_obtained":["Doubt"]},{"cards_removed":["Injury"],"damage_healed":0,"gold_gain":0,"player_choice":"Gave Gold","damage_taken":0,"max_hp_gain":0,"max_hp_loss":0,"event_name":"Beggar","floor":19,"gold_loss":75}],"is_beta":false,"boss_relics":[{"not_picked":["Memoirist","ReplayTheSpireMod:DimensionalGlitch"],"picked":"Replay:Bronze Core"}],"items_purged_floors":[22],"is_endless":false,"potions_floor_spawned":[5,8,14,18],"killed_by":"Book of Stabbing","ascension_level":0}}