{"host":"yplokfwlx8kpnt0a","time":1610613620,"event":{"mods":["100% Spire Juice","2.2 Compatiblity","AchievementEnabler","Act Like it!","Aspiration","Astrologer","BaseMod","Beaked The Cultist","Better Altar","Better Match","Better Note","Better Sensory Stone","Better Skull","Better Synergies","Better Third Choice","BetterRewards","CCEM","ChefMod","Colored Powertips","Curses Come First","Downfall","Elementarium","Emptier Cage","Evolution","Friendly Minions","Gensokyo","Googly Eyes","Hallownest","Hermit","Highlight Path","Hubris","Infinite Spire","JesterMod","Menagerie","Mimic Mod","Minty Spire (QoL Compilation)","Poor People Problems","Potionbrewer","RNG Fix","Random Character Button","Rare Cards Sparkle","Relic Sorter","Replay The Spire","Retaliation","Robot Space Explorer","Shop Mod","Spicy Shops","Spikes Relics","StSLib","The Blue Laboratory","The Bug Knight","The Construct","The Cursed","The Disciple","The Forsaken","The Marked","The Mystic","The Runesmith","TheVacant","Transform Curses","Treasure Hunter"],"gold_per_floor":[22,117,133,145,162,187,187,187,205,216,66,86,156,156,211,308,308,308,395,458,477,477],"floor_reached":21,"language":"ENG","playtime":5305,"items_purged":[],"score":334,"play_id":"2a0c7a52-0029-47d4-8c08-5217f6fce109","local_time":"20210114014020","is_ascension_mode":true,"campfire_choices":[{"floor":1.0,"key":"RECALL"},{"floor":11.0,"key":"REST"},{"data":"sneckomod:GlitteringGambit","floor":18,"key":"SMITH"}],"circlet_count":0,"master_deck":["sneckomod:Strike","sneckomod:Strike","sneckomod:Strike","sneckomod:Defend","sneckomod:Defend","sneckomod:Defend","sneckomod:TailWhip","sneckomod:SnekBite","sneckomod:Unknown","sneckomod:Unknown","Bandage Up","sneckomod:Rotation","sneckomod:QuickBite","sneckomod:UnknownClassVACANT_COLOR","sneckomod:UnknownClassROBOT_ORANGE_COLOR","TH:CursedSword","TH:EnergyPotion","sneckomod:RainOfDice","sneckomod:QuickBite","sneckomod:WideSting","TH:CopperCoins","sneckomod:DiceCrush+1","sneckomod:Nope","hubris:DuctTapeCard","TH:Mimic","sneckomod:GlitteringGambit+1","sneckomod:UnknownClassBEAKED_YELLOW+1","sneckomod:UnknownClassCHEF_COLOR+1"],"relics":["sneckomod:SneckoSoul","EVO:Axolotl","Runesmith:AutoHammer","Ring of Searing","ReplayTheSpireMod:Ring of Challenge","downfall:HeartBlessingRed","downfall:HeartBlessingBlue","hubris:DuctTape","Coffee Dripper"],"acts_visited":["Hallownest:Greenpath","TheCity"],"potions_floor_usage":[16,19,21],"damage_taken":[{"damage":22.0,"enemies":"Hallownest:monsterHuskGuard","floor":2.0,"turns":6.0},{"damage":5.0,"enemies":"Hallownest:2_Tiktiks_and_1_Crawlid","floor":3.0,"turns":3.0},{"damage":4.0,"enemies":"Hallownest:2_Baldur","floor":4.0,"turns":2.0},{"damage":46.0,"enemies":"Hallownest:1_Ooma_and_2_Uuma","floor":5.0,"turns":6.0},{"damage":13.0,"enemies":"Hallownest:eliteVengeflyKing","floor":6.0,"turns":4.0},{"damage":0.0,"enemies":"Hallownest:monsterFoolEater","floor":9.0,"turns":3.0},{"damage":28.0,"enemies":"Hallownest:Guard_and_Warrior","floor":10.0,"turns":5.0},{"damage":0.0,"enemies":"Hallownest:Wandering_and_Horned","floor":12.0,"turns":2.0},{"damage":19.0,"enemies":"Hallownest:eliteCrystalGuardian","floor":13.0,"turns":3.0},{"damage":0.0,"enemies":"Hallownest:monsterAspidMother","floor":14.0,"turns":3.0},{"damage":16.0,"enemies":"Hallownest:1_Baldur_1_Crawlid_1_Warrior","floor":15.0,"turns":2.0},{"damage":25,"enemies":"downfall:Watcher","floor":16,"turns":6},{"damage":31,"enemies":"Shell Parasite","floor":19,"turns":4},{"damage":46,"enemies":"Centurion and Healer","floor":20,"turns":5},{"damage":36,"enemies":"Snake Plant","floor":21,"turns":3}],"seed_played":"4739164558068386551","potions_obtained":[{"floor":3.0,"key":"potionbrewer:AcidPotion"},{"floor":5.0,"key":"blueLaboratory:BubblePotion"},{"floor":9.0,"key":"blueLaboratory:NullPotion"},{"floor":13.0,"key":"Milkshake"},{"floor":15.0,"key":"blueLaboratory:BottledHope"},{"floor":16,"key":"blueLaboratory:FrostheartPotion"}],"is_trial":false,"path_per_floor":["R","M","M","M","M","E","T","?","M","M","R","M","E","M","M","B",null,"R","M","M","M"],"character_chosen":"THE_SNECKO","items_purchased":["Bandage Up"],"campfire_rested":1,"item_purchase_floors":[0],"current_hp_per_floor":[90,71,70,73,32,24,24,24,32,8,48,48,34,38,22,1,104,104,74,35,0,0],"gold":477,"neow_bonus":"","is_daily":false,"chose_seed":false,"campfire_upgraded":1,"win_rate":0.0,"timestamp":1610613620,"path_taken":["R","M","M","M","M","E","T","?","?","M","R","M","E","?","M","BOSS","R","M","M","M"],"items_purchased_type":["Card"],"build_version":"2020-12-22","purchased_purges":0,"victory":false,"max_hp_per_floor":[90,91,91,91,92,93,93,93,93,93,103,103,104,104,104,104,104,104,105,106,106,106],"card_choices":[{"not_picked":["sneckomod:UnknownBlock","sneckomod:DiceBlock"],"picked":"sneckomod:UnknownClassShop Special","floor":2.0},{"not_picked":["sneckomod:UnknownStrike","sneckomod:IronFang"],"picked":"sneckomod:Rotation","floor":3.0},{"not_picked":["sneckomod:Nope","sneckomod:UnknownStrike"],"picked":"sneckomod:QuickBite","floor":4.0},{"not_picked":["sneckomod:SoulDraw","sneckomod:Unknown1Cost"],"picked":"sneckomod:UnknownClassVACANT_COLOR","floor":5.0},{"not_picked":["sneckomod:UnknownClassFORSAKEN_GOLD_COLOR","sneckomod:UnknownClassRED"],"picked":"sneckomod:UnknownClassROBOT_ORANGE_COLOR","floor":6.0},{"not_picked":["TH:BikiniMail"],"picked":"TH:CursedSword","floor":6.0},{"not_picked":["TH:PixieDust"],"picked":"TH:EnergyPotion","floor":7.0},{"not_picked":["sneckomod:QuickBite","sneckomod:QuickMove"],"picked":"sneckomod:RainOfDice","floor":9.0},{"not_picked":["sneckomod:SoulRoll","sneckomod:UnknownWeak"],"picked":"sneckomod:QuickBite","floor":10.0},{"not_picked":["sneckomod:UnknownClassPURPLE","sneckomod:QuickBite"],"picked":"sneckomod:WideSting","floor":12.0},{"not_picked":["TH:ElvenBoots"],"picked":"TH:CopperCoins","floor":13.0},{"not_picked":["sneckomod:UnknownCommonAttack","sneckomod:UnknownWeak"],"picked":"sneckomod:UnknownRarePower","floor":13.0},{"not_picked":["sneckomod:UnknownCommonSkill","sneckomod:SoulDraw"],"picked":"sneckomod:DiceCrush","floor":14.0},{"not_picked":["sneckomod:UnknownStrike","sneckomod:RainOfDice"],"picked":"sneckomod:Nope","floor":15.0},{"not_picked":["TH:DeckOfManyThings"],"picked":"TH:Mimic","floor":16},{"not_picked":["sneckomod:Restock","sneckomod:MorePower"],"picked":"sneckomod:GlitteringGambit","floor":16},{"not_picked":["sneckomod:UnknownCommonSkill+1","sneckomod:Unknown1Cost"],"picked":"sneckomod:UnknownClassBEAKED_YELLOW+1","floor":19},{"not_picked":["sneckomod:Unknown1Cost","sneckomod:IronFang"],"picked":"sneckomod:UnknownClassCHEF_COLOR+1","floor":20}],"player_experience":691302,"relics_obtained":[{"floor":6.0,"key":"Runesmith:AutoHammer"},{"floor":8.0,"key":"Ring of Searing"},{"floor":8.0,"key":"ReplayTheSpireMod:Ring of Challenge"},{"floor":13.0,"key":"hubris:DuctTape"}],"event_choices":[],"is_beta":false,"boss_relics":[{"not_picked":["Snecko Eye","construct:ClawGrip"],"picked":"Coffee Dripper"}],"items_purged_floors":[],"is_endless":false,"potions_floor_spawned":[3,5,9,13,15,16],"killed_by":"Snake Plant","ascension_level":1}}