{"host":"2i0myh7fqij2ti1z","time":1610636984,"event":{"mods":["Aspiration","BaseMod","Better Third Choice","Colored Powertips","FoggyMod","GifTheSpireLib","Highlight Path","Minty Spire (QoL Compilation)","Permanent Neow","Quick Restart","Random Character Button","Random Character Mod","Relic Sorter","Replay The Spire","Shop Mod","Spicy Shops","StSLib","Stuff the Spire","Transform Curses","Wandering Minibosses","vexMod","óô»ðÖ¸ÄÏ"],"gold_per_floor":[113,113,113,38,58,92,140,140,140,82,82,7,7,67,67,216,216,252,152,152,181,181,225,267,303,303,96,160,10,10,44,44,171,171,203,226,256,256,256,276,276],"floor_reached":40,"language":"ENG","playtime":2014,"items_purged":["Defend_R","Strike_R","Strike_R","Strike_R"],"score":860,"play_id":"6a5f5293-5685-474e-ac2c-e9db997ef858","local_time":"20210114230944","is_ascension_mode":true,"campfire_choices":[{"floor":8,"key":"RECALL"},{"data":"Disarm","floor":15,"key":"SMITH"},{"data":"Replay:Bag of Tricks","floor":32,"key":"SMITH"}],"circlet_count":0,"master_deck":["Strike_R","Defend_R","Defend_R","Defend_R","Bash","Disarm+1","Replay:Bag of Tricks+1","Corruption","Barricade","Entrench","Cleave+1","Pommel Strike","Reaper","StuffTheSpire:Incineration","Sword Boomerang+1"],"relics":["Burning Blood","aspiration:DSix","Ring of Misfortune","Ring of Panic","Dead Branch","Replay:Bandana","StuffTheSpire:Kangaroo","StuffTheSpire:DarkSteelAnvil","Vajra","Pet Ghost","Ring of Chaos","Anchor","Charon\u0027s Ashes","ReplayTheSpireMod:TigerMarble","Red Mask","ReplayTheSpireMod:Lightbulb","Replay:Wax Seal","Toy Ornithopter","Spirit Poop","aspiration:FrozenJewel","Ooze Armor"],"acts_visited":["Exordium","TheCity","TheBeyond"],"potions_floor_usage":[],"damage_taken":[{"damage":12,"enemies":"Small Slimes","floor":1,"turns":4},{"damage":0,"enemies":"2 Louse","floor":5,"turns":3},{"damage":27,"enemies":"Gremlin Nob","floor":6,"turns":4},{"damage":3,"enemies":"3 Sentries","floor":14,"turns":3},{"damage":5,"enemies":"The Guardian","floor":16,"turns":3},{"damage":0,"enemies":"3 Byrds","floor":18,"turns":5},{"damage":3,"enemies":"Chosen","floor":21,"turns":1},{"damage":0,"enemies":"Slavers","floor":24,"turns":1},{"damage":0,"enemies":"Masked Bandits","floor":25,"turns":1},{"damage":0,"enemies":"Gremlin Leader","floor":28,"turns":2},{"damage":0,"enemies":"Slavers","floor":31,"turns":1},{"damage":0,"enemies":"Collector","floor":33,"turns":4},{"damage":0,"enemies":"Orb Walker","floor":35,"turns":1},{"damage":7,"enemies":"3 Shapes","floor":36,"turns":3},{"damage":4,"enemies":"Sphere and 2 Shapes","floor":37,"turns":2},{"damage":0,"enemies":"R_Hoarder","floor":40,"turns":4}],"seed_played":"-8026859602376856336","potions_obtained":[{"floor":6,"key":"BlessingOfTheForge"},{"floor":14,"key":"Milkshake"},{"floor":16,"key":"EntropicBrew"},{"floor":21,"key":"AttackPotion"}],"is_trial":false,"path_per_floor":["M","?","?","$","M","E","T","R","T","$","?","R","?","E","R","B",null,"M","$","?","M","?","?","E","?","T","$","E","R","?","E","R","B",null,"M","M","M","?","?","E"],"character_chosen":"IRONCLAD","items_purchased":["Corruption","StuffTheSpire:Resist","Replay:Wax Seal"],"campfire_rested":0,"item_purchase_floors":[10,12,27],"current_hp_per_floor":[74,74,65,65,71,50,50,50,50,50,43,43,43,46,46,47,72,78,78,78,80,80,60,66,72,72,72,78,78,78,80,80,83,83,83,82,83,79,79,79,79],"gold":276,"neow_bonus":"DSIX","is_daily":false,"chose_seed":false,"campfire_upgraded":2,"win_rate":0.0,"timestamp":1610636984,"path_taken":["M","?","?","?","?","E","?","R","T","?","?","R","?","E","R","BOSS","M","$","?","?","?","?","E","?","T","?","E","R","?","E","R","BOSS","M","?","?","?","?","E"],"items_purchased_type":["Card","Card","Relic"],"build_version":"2020-12-22","purchased_purges":4,"victory":false,"max_hp_per_floor":[80,80,80,80,80,80,80,80,80,80,80,80,80,80,80,80,80,80,80,80,80,80,80,80,80,80,80,80,80,80,80,80,83,83,83,83,83,79,79,79,79],"card_choices":[{"not_picked":["Shrug It Off","Pommel Strike"],"picked":"Disarm","floor":1},{"not_picked":["Replay:Undeath\u0027s Touch","True Grit","Run Through"],"picked":"SKIP","floor":5},{"not_picked":["Inflame","Battle Trance","Perfected Strike"],"picked":"SKIP","floor":6},{"not_picked":["Impervious","Blood for Blood","Iron Wave"],"picked":"SKIP","floor":14},{"not_picked":["Corruption","Double Tap"],"picked":"Barricade","floor":16},{"not_picked":["Replay:Undeath\u0027s Touch","True Grit+1","Iron Wave"],"picked":"SKIP","floor":18},{"not_picked":["Body Slam","Warcry","Wild Strike"],"picked":"SKIP","floor":21},{"not_picked":["Armaments","Iron Wave"],"picked":"Entrench","floor":24},{"not_picked":["Body Slam","Run Through"],"picked":"Cleave+1","floor":25},{"not_picked":["Inflame","Havoc"],"picked":"Pommel Strike","floor":28},{"not_picked":["Fiend Fire","Armaments","Berserk"],"picked":"SKIP","floor":31},{"not_picked":["Brutality","Offering"],"picked":"Reaper","floor":33},{"not_picked":["Sword Boomerang+1","Clash"],"picked":"StuffTheSpire:Incineration","floor":35},{"not_picked":["Headbutt+1","ReplayTheSpireMod:Muscle Training"],"picked":"Sword Boomerang+1","floor":36},{"not_picked":["Perfected Strike+1","Rampage","Cleave"],"picked":"SKIP","floor":37}],"player_experience":250154,"relics_obtained":[{"floor":2,"key":"Ring of Misfortune"},{"floor":2,"key":"Ring of Panic"},{"floor":6,"key":"Replay:Bandana"},{"floor":9,"key":"Vajra"},{"floor":14,"key":"Pet Ghost"},{"floor":23,"key":"Charon\u0027s Ashes"},{"floor":24,"key":"ReplayTheSpireMod:TigerMarble"},{"floor":25,"key":"Red Mask"},{"floor":26,"key":"ReplayTheSpireMod:Lightbulb"},{"floor":28,"key":"Toy Ornithopter"},{"floor":31,"key":"aspiration:FrozenJewel"}],"event_choices":[{"cards_removed":["Strike_R"],"damage_healed":0,"gold_gain":0,"player_choice":"Card Removal","damage_taken":7,"max_hp_gain":0,"max_hp_loss":0,"event_name":"Golden Wing","floor":11,"gold_loss":0},{"damage_healed":0,"gold_gain":0,"player_choice":"Gave Potion","damage_taken":0,"relics_obtained":["Anchor"],"max_hp_gain":0,"max_hp_loss":0,"event_name":"WeMeetAgain","floor":20,"gold_loss":0},{"damage_healed":0,"gold_gain":0,"player_choice":"Ignored","damage_taken":0,"max_hp_gain":0,"max_hp_loss":0,"event_name":"Vampires","floor":22,"gold_loss":0},{"damage_healed":0,"gold_gain":0,"player_choice":"Fought Bandits","damage_taken":0,"max_hp_gain":0,"max_hp_loss":0,"event_name":"Masked Bandits","floor":25,"gold_loss":0},{"cards_removed":["Languid"],"damage_healed":0,"gold_gain":0,"player_choice":"Offered Curse","damage_taken":0,"relics_obtained":["Spirit Poop"],"max_hp_gain":0,"max_hp_loss":0,"event_name":"Bonfire Elementals","floor":30,"gold_loss":0},{"damage_healed":0,"gold_gain":0,"player_choice":"Max HP","damage_taken":0,"max_hp_gain":0,"max_hp_loss":4,"event_name":"Winding Halls","floor":38,"gold_loss":0},{"damage_healed":0,"gold_gain":0,"player_choice":"0 cards matched","damage_taken":0,"max_hp_gain":0,"max_hp_loss":0,"event_name":"Match and Keep!","floor":39,"gold_loss":0,"cards_obtained":[]}],"is_beta":false,"boss_relics":[{"not_picked":["Coffee Dripper","StuffTheSpire:RunicHypercube"],"picked":"Ring of Chaos"},{"not_picked":["aspiration:SecretTechniqueScroll","Abe\u0027s Treasure"],"picked":"Ooze Armor"}],"items_purged_floors":[4,19,27,29],"is_endless":false,"potions_floor_spawned":[6,14,16,18,21,28],"killed_by":"R_Hoarder","ascension_level":5}}