{"host":"Angela","time":1610615132,"event":{"mods":["2.2 Compatiblity","Act Like it!","Aspiration","BaseMod","Better Third Choice","Colored Map","Conspire","DeckTracker","Downfall","Friendly Minions","Halation","Hubris","Infinite Spire","Mimic Mod","Minty Spire (QoL Compilation)","Relic Stats","Replay The Spire","Shop Mod","Spikes Relics","StSLib","vexMod"],"gold_per_floor":[175,175,175,175,175,175,210,210,241,241,32,17,32,47,66,165,165,165,179,179,179,198,198,198,198],"floor_reached":23,"language":"ENG","playtime":1885,"items_purged":[],"score":185,"play_id":"cdb94ae6-619f-493b-8415-2cd8d6dc062f","local_time":"20210114060532","is_ascension_mode":false,"campfire_choices":[{"data":"Slimebound:RollThrough","floor":8,"key":"SMITH"},{"data":"Slimebound:GoopTackle","floor":10,"key":"SMITH"},{"data":"Slimebound:Chomp","floor":18,"key":"SMITH"}],"circlet_count":0,"master_deck":["Slimebound:Strike_Slimebound","Slimebound:Strike_Slimebound","Slimebound:Strike_Slimebound","Slimebound:Tackle","Slimebound:Defend_Slimebound","Slimebound:Defend_Slimebound","Slimebound:Defend_Slimebound","Slimebound:Defend_Slimebound","Slimebound:Split","Slimebound:CorrosiveSpit","Slimebound:SlimeSpikes","Slimebound:RollThrough+1","Slimebound:FinishingTackle","Slimebound:GoopTackle+1","Slimebound:AcidTongue","Slimebound:ViciousTackle","Slimebound:RejuvenatingLick","Slimebound:Schlurp","Slimebound:AcidTongue","Slimebound:SamplingLick","Slimebound:Chomp+1","Slimebound:RallyTheTroops","Slimebound:RollThrough","infinitespire:Fortify","Slimebound:SplitBruiser+1"],"relics":["Slimebound:AbsorbEndCombat","downfall:HeartsMalice","downfall:ShatteredFragment","SpikesRelics:DaevaFist","vexMod:MemoryStick","Membership Card","aspiration:FutureDiary","hubris:FunFungus","hubris:EvacipatedBox","Smiling Mask"],"acts_visited":["Exordium","TheCity"],"potions_floor_usage":[16,22,22],"damage_taken":[{"damage":0,"enemies":"Small Slimes","floor":2,"turns":1},{"damage":0,"enemies":"2 Louse","floor":3,"turns":1},{"damage":0,"enemies":"Jaw Worm","floor":5,"turns":1},{"damage":9,"enemies":"Exordium Wildlife","floor":7,"turns":6},{"damage":24,"enemies":"Gremlin Nob","floor":9,"turns":4},{"damage":14,"enemies":"downfall:FleeingMerchant","floor":11,"turns":4},{"damage":23,"enemies":"downfall:FleeingMerchant","floor":12,"turns":4},{"damage":9,"enemies":"Exordium Wildlife","floor":13,"turns":3},{"damage":14,"enemies":"Red Slaver","floor":14,"turns":3},{"damage":4,"enemies":"Lots of Slimes","floor":15,"turns":3},{"damage":38,"enemies":"downfall:Ironclad","floor":16,"turns":6},{"damage":22,"enemies":"Spheric Guardian","floor":19,"turns":5},{"damage":12,"enemies":"Snecko","floor":22,"turns":4},{"damage":25,"enemies":"Snake Plant","floor":23,"turns":2}],"seed_played":"1300454522643058483","potions_obtained":[{"floor":9,"key":"Ancient Potion"},{"floor":13,"key":"SteroidPotion"},{"floor":14,"key":"DuplicationPotion"},{"floor":15,"key":"Energy Potion"},{"floor":16,"key":"Swift Potion"},{"floor":22,"key":"Dexterity Potion"}],"is_trial":false,"path_per_floor":["R_BF","M","M","?","M","?","MIM","R","E","R","$","$","M","M","M","B",null,"R","M","$","AVR","M","M"],"character_chosen":"SLIMEBOUND","items_purchased":["Membership Card","Slimebound:RejuvenatingLick","hubris:FunFungus","hubris:EvacipatedBox"],"campfire_rested":0,"item_purchase_floors":[11,11,20,20],"current_hp_per_floor":[60,60,60,60,60,42,57,57,41,41,47,46,45,41,49,37,60,60,52,14,14,10,0,0,0],"gold":198,"neow_bonus":"THREE_ENEMY_KILL","is_daily":false,"chose_seed":false,"campfire_upgraded":3,"win_rate":0.0,"timestamp":1610615132,"path_taken":["R_BF","M","M","?","M","?","MIM","R","E","R","?","$","M","M","M","BOSS","R","M","?","AVR","M","M"],"items_purchased_type":["Relic","Card","Relic","Relic"],"build_version":"2020-12-18","purchased_purges":0,"victory":false,"max_hp_per_floor":[60,60,60,60,60,60,60,60,60,60,60,60,60,60,60,60,60,60,60,60,60,60,60,60,60],"relic_stats":{"counters":[14,43],"Smiling Mask":0,"obtain_stats":[{"vexMod:MemoryStick":9,"downfall:ShatteredFragment":6,"downfall:HeartsMalice":0,"hubris:FunFungus":20,"Slimebound:AbsorbEndCombat":0,"SpikesRelics:DaevaFist":7,"Membership Card":11,"aspiration:FutureDiary":17,"Smiling Mask":21,"hubris:EvacipatedBox":20},{"vexMod:MemoryStick":5,"downfall:ShatteredFragment":3,"downfall:HeartsMalice":0,"hubris:FunFungus":12,"Slimebound:AbsorbEndCombat":0,"SpikesRelics:DaevaFist":4,"Membership Card":6,"aspiration:FutureDiary":11,"Smiling Mask":12,"hubris:EvacipatedBox":12},{"vexMod:MemoryStick":10,"downfall:ShatteredFragment":0,"downfall:HeartsMalice":0,"hubris:FunFungus":37,"Slimebound:AbsorbEndCombat":0,"SpikesRelics:DaevaFist":6,"Membership Card":14,"aspiration:FutureDiary":32,"Smiling Mask":37,"hubris:EvacipatedBox":37}]},"card_choices":[{"not_picked":["Slimebound:LivingWall","Slimebound:Dissolve"],"picked":"Slimebound:SlimeSpikes","floor":2},{"not_picked":["Slimebound:SplitMire","Slimebound:Schlurp"],"picked":"Slimebound:RollThrough","floor":3},{"not_picked":["Slimebound:GoopSpray","Slimebound:SplitLeeching"],"picked":"Slimebound:FinishingTackle","floor":5},{"not_picked":["Slimebound:SplitBruiser","Slimebound:WasteNot"],"picked":"Slimebound:GoopTackle","floor":7},{"not_picked":["Slimebound:PressTheAttack","Slimebound:LevelUp"],"picked":"Slimebound:AcidTongue","floor":9},{"not_picked":["Slimebound:SplitBruiser","Slimebound:SplitAcid"],"picked":"Slimebound:ViciousTackle","floor":11},{"not_picked":["Slimebound:SplitAcid","Slimebound:ViciousTackle"],"picked":"Slimebound:Schlurp","floor":12},{"not_picked":["Slimebound:SlimeTap","Slimebound:FinishingTackle"],"picked":"Slimebound:AcidTongue","floor":13},{"not_picked":["Slimebound:SplitMire","Slimebound:ViciousTackle"],"picked":"Slimebound:SamplingLick","floor":14},{"not_picked":["Slimebound:GrowthPunch","Slimebound:PressTheAttack"],"picked":"Slimebound:Chomp","floor":15},{"not_picked":["Slimebound:DuplicatedForm","Slimebound:MinionMaster"],"picked":"Slimebound:RallyTheTroops","floor":16},{"not_picked":["Slimebound:FinishingTackle","Slimebound:ForwardTackle"],"picked":"Slimebound:RollThrough","floor":19},{"not_picked":["Slimebound:Grow","Slimebound:SpikyOuterGoop"],"picked":"Slimebound:SplitBruiser+1","floor":22}],"player_experience":60114,"relics_obtained":[{"floor":7,"key":"SpikesRelics:DaevaFist"},{"floor":9,"key":"vexMod:MemoryStick"}],"event_choices":[{"damage_healed":0,"gold_gain":0,"player_choice":"Leave","damage_taken":0,"max_hp_gain":0,"max_hp_loss":0,"event_name":"conspire:Investor","floor":4,"gold_loss":0}],"is_beta":true,"boss_relics":[{"not_picked":["aspiration:RunicSpoon","Ring of Chaos"],"picked":"aspiration:FutureDiary"}],"items_purged_floors":[],"is_endless":false,"potions_floor_spawned":[9,13,14,15,16,22],"killed_by":"Snake Plant","ascension_level":0}}