{"host":"h2977v3ax51ohsow","time":1610636094,"event":{"mods":["Act Like it!","BaseMod","Colored Powertips","Hallownest","Minty Spire (QoL Compilation)","StSLib","The Bug Knight","The Servant 0.9.4"],"gold_per_floor":[99,99,115,141,160,191,191,191,237,237,268,0,18,37,37,37,37],"floor_reached":16,"language":"ZHS","playtime":1333,"items_purged":[],"score":120,"play_id":"98a05ebf-5dbf-446e-b988-ab3f487a8073","local_time":"20210114225454","is_ascension_mode":false,"campfire_choices":[{"data":"HollowMod:InfectedCysts","floor":7,"key":"SMITH"},{"data":"HollowMod:VengefulSpirit","floor":10,"key":"SMITH"},{"data":"HollowMod:NewGlowingWomb","floor":15,"key":"SMITH"}],"circlet_count":0,"master_deck":["HollowMod:NailStrikeStart","HollowMod:NailStrikeStart","HollowMod:NailStrikeStart","HollowMod:NailStrikeStart","HollowMod:QuickDashStart","HollowMod:QuickDashStart","HollowMod:QuickDashStart","HollowMod:QuickDashStart","HollowMod:FocusHealStart+1","HollowMod:PogoStrike","HollowMod:Grubsong","HollowMod:VengefulSpirit+1","HollowMod:SoulSplash","HollowMod:DescendingDark","HollowMod:InfectedCysts+1","HollowMod:DesolateDive","HollowMod:NewLastStag","HollowMod:InfectedCysts","HollowMod:NewGlowingWomb+1"],"relics":["HollowMod:VesselMask","Bottled Flame","MealTicket","Hallownest:DreamNailRelic","Bronze Scales","Lantern"],"acts_visited":["Hallownest:Greenpath"],"potions_floor_usage":[4,6,16],"damage_taken":[{"damage":0,"enemies":"Hallownest:2_MossCreeps","floor":1,"turns":5},{"damage":3,"enemies":"Hallownest:monsterHuskWarrior","floor":3,"turns":6},{"damage":28,"enemies":"Hallownest:eliteCrystalGuardian","floor":4,"turns":8},{"damage":0,"enemies":"Hallownest:monsterHuskGuard","floor":5,"turns":4},{"damage":11,"enemies":"Hallownest:eliteCrystalGuardian","floor":6,"turns":5},{"damage":24,"enemies":"Hallownest:eliteMossKnight","floor":11,"turns":7},{"damage":7,"enemies":"Hallownest:1_Baldur_1_Crawlid_1_Warrior","floor":13,"turns":3},{"damage":4,"enemies":"Hallownest:monsterMossCharger","floor":14,"turns":2},{"damage":70,"enemies":"Hallownest:BossHornet","floor":16,"turns":6}],"seed_played":"-496184092935426138","potions_obtained":[{"floor":3,"key":"Block Potion"},{"floor":4,"key":"SteroidPotion"},{"floor":6,"key":"Weak Potion"}],"is_trial":false,"path_per_floor":["M","?","M","?","M","E","R","?","T","R","E","?","M","M","R","B"],"character_chosen":"THE_BUGKNIGHT","items_purchased":[],"campfire_rested":0,"item_purchase_floors":[],"current_hp_per_floor":[82,82,82,66,72,73,73,73,73,73,61,61,60,56,56,0,0],"gold":37,"neow_bonus":"TEN_PERCENT_HP_BONUS","is_daily":false,"chose_seed":false,"campfire_upgraded":3,"win_rate":0.0,"timestamp":1610636094,"path_taken":["M","?","M","?","M","E","R","?","T","R","E","?","?","M","R","BOSS"],"items_purchased_type":[],"build_version":"2020-12-22","purchased_purges":0,"victory":false,"max_hp_per_floor":[82,82,82,82,82,82,82,82,82,82,82,82,82,82,82,82,82],"card_choices":[{"not_picked":["HollowMod:LifebloodCocoon","HollowMod:DoubleDash"],"picked":"HollowMod:Grubsong","floor":1},{"not_picked":["HollowMod:SoulStrike","HollowMod:GrimmsGift"],"picked":"HollowMod:VengefulSpirit","floor":3},{"not_picked":["HollowMod:MantisMark","HollowMod:MawleksShell"],"picked":"HollowMod:SoulSplash","floor":4},{"not_picked":["HollowMod:TaintedHusks","HollowMod:RecoilStrike"],"picked":"HollowMod:DescendingDark","floor":5},{"not_picked":["HollowMod:NewJinnsSoul","HollowMod:SoulStrike"],"picked":"HollowMod:InfectedCysts","floor":6},{"not_picked":["HollowMod:DashSlash","HollowMod:WraithStrike"],"picked":"HollowMod:DesolateDive","floor":11},{"not_picked":["HollowMod:ShadowDash","HollowMod:DreamGate"],"picked":"HollowMod:InfectedCysts","floor":13},{"not_picked":["HollowMod:InfectedAttack","HollowMod:SoulSplash"],"picked":"HollowMod:NewGlowingWomb","floor":14}],"player_experience":56506,"relics_obtained":[{"floor":4,"key":"Bottled Flame"},{"floor":6,"key":"MealTicket"},{"floor":9,"key":"Bronze Scales"},{"floor":11,"key":"Lantern"}],"event_choices":[],"is_beta":false,"boss_relics":[],"items_purged_floors":[],"is_endless":false,"potions_floor_spawned":[3,4,6],"killed_by":"Hallownest:BossHornet","ascension_level":0}}