{"host":"zxkjcgzis4pm3za5","time":1610644974,"event":{"mods":["AchievementEnabler","Act Like it!","BaseMod","Colored Map","Colored Powertips","Friendly Minions","GifTheSpireLib","Minty Spire (QoL Compilation)","Quick Restart","RNG Fix","Random Character Button","Relic Sorter","Relic Stats","StSLib"],"gold_per_floor":[17,35,45,56,70,101,112,112,112,187,187,207,246,104,104,187,187,204,101,115,136,136,136,166,166,166,66,101,101,131,149,149,230,230,248,273,296,4,14,49,58,90,90,121,136,174,174,194,194,194,194,194,44,44,44],"floor_reached":54,"language":"ENG","playtime":2269,"items_purged":["Strike_B","Strike_B","Strike_B","Capacitor"],"score":1503,"play_id":"4d5bee22-c811-498e-88d1-f20ddefedc9c","local_time":"20210114225254","is_ascension_mode":true,"campfire_choices":[{"floor":8.0,"key":"REST"},{"floor":15,"key":"REST"},{"data":"Biased Cognition","floor":23,"key":"SMITH"},{"data":"Capacitor","floor":25,"key":"SMITH"},{"floor":29,"key":"REST"},{"data":"Defragment","floor":32,"key":"SMITH"},{"floor":47,"key":"REST"},{"floor":49,"key":"RECALL"},{"data":"Machine Learning","floor":52,"key":"SMITH"}],"circlet_count":0,"master_deck":["AscendersBane","Defend_B","Defend_B","Defend_B","Defend_B","Zap","Dualcast","Apotheosis+1","Leap","Rip and Tear","Coolheaded","Reboot","Genetic Algorithm","Echo Form","Sweeping Beam","Self Repair","Glacier","Melter","Tempest","Core Surge","Conserve Battery","BootSequence","Stack","Biased Cognition+1","Capacitor+1","Reinforced Body","Defragment+1","Thunder Strike","Coolheaded","Static Discharge","Ball Lightning","Barrage+1","Chill","Machine Learning+1"],"relics":["Cracked Core","StoneCalendar","CeramicFish","Mercury Hourglass","Orrery","Sozu","Red Mask","MealTicket","PreservedInsect","Cursed Key","Chemical X","Potion Belt","DataDisk","Boot","Ginger"],"acts_visited":["Exordium","TheCity","TheBeyond","TheEnding"],"potions_floor_usage":[13],"damage_taken":[{"damage":1.0,"enemies":"Jaw Worm","floor":1.0,"turns":4.0},{"damage":0.0,"enemies":"2 Louse","floor":2.0,"turns":2.0},{"damage":1.0,"enemies":"Small Slimes","floor":3.0,"turns":3.0},{"damage":12.0,"enemies":"2 Fungi Beasts","floor":4.0,"turns":3.0},{"damage":14.0,"enemies":"3 Louse","floor":5.0,"turns":4.0},{"damage":9.0,"enemies":"Lagavulin","floor":6.0,"turns":5.0},{"damage":17.0,"enemies":"Exordium Wildlife","floor":7.0,"turns":4.0},{"damage":1,"enemies":"Blue Slaver","floor":12,"turns":3},{"damage":17,"enemies":"Gremlin Nob","floor":13,"turns":4},{"damage":0,"enemies":"Hexaghost","floor":16,"turns":9},{"damage":0,"enemies":"Chosen","floor":18,"turns":3},{"damage":8,"enemies":"Shell Parasite","floor":20,"turns":6},{"damage":22,"enemies":"Snecko","floor":21,"turns":6},{"damage":22,"enemies":"Masked Bandits","floor":24,"turns":4},{"damage":20,"enemies":"Book of Stabbing","floor":28,"turns":7},{"damage":14,"enemies":"Gremlin Leader","floor":30,"turns":6},{"damage":3,"enemies":"Centurion and Healer","floor":31,"turns":7},{"damage":0,"enemies":"Champ","floor":33,"turns":11},{"damage":0,"enemies":"Orb Walker","floor":35,"turns":3},{"damage":4,"enemies":"3 Shapes","floor":36,"turns":5},{"damage":18,"enemies":"Jaw Worm Horde","floor":37,"turns":7},{"damage":0,"enemies":"3 Darklings","floor":39,"turns":7},{"damage":12,"enemies":"Reptomancer","floor":40,"turns":5},{"damage":8,"enemies":"Nemesis","floor":42,"turns":7},{"damage":26,"enemies":"Reptomancer","floor":44,"turns":4},{"damage":11,"enemies":"Writhing Mass","floor":45,"turns":6},{"damage":19,"enemies":"Nemesis","floor":46,"turns":5},{"damage":0,"enemies":"Spire Growth","floor":48,"turns":4},{"damage":25,"enemies":"Donu and Deca","floor":50,"turns":8},{"damage":84,"enemies":"Shield and Spear","floor":54,"turns":3}],"seed_played":"2737728850665640514","potions_obtained":[{"floor":2.0,"key":"Strength Potion"},{"floor":4.0,"key":"PowerPotion"},{"floor":7.0,"key":"SmokeBomb"},{"floor":12,"key":"GamblersBrew"}],"is_trial":false,"path_per_floor":["M","M","M","M","M","E","M","R","T","?","?","M","E","$","R","B",null,"M","$","M","M","?","R","?","R","T","$","E","R","E","M","R","B",null,"M","M","M","$","M","E","?","E","T","E","M","E","R","M","R","B",null,"R","$","E"],"character_chosen":"DEFECT","items_purchased":["Melter","Orrery","Capacitor","Chemical X","Ball Lightning"],"campfire_rested":4,"item_purchase_floors":[14,14,19,38,38],"current_hp_per_floor":[63,63,62,50,36,27,10,31,31,24,24,23,13,13,34,44,64,64,64,63,51,51,51,36,36,36,36,23,44,40,44,44,64,69,69,71,60,71,71,71,71,71,71,45,34,25,46,60,60,45,65,65,71,0,0],"gold":44,"neow_bonus":"RANDOM_COLORLESS_2","is_daily":false,"chose_seed":false,"campfire_upgraded":4,"win_rate":0.0,"timestamp":1610644974,"path_taken":["M","M","M","M","M","E","M","R","T","?","?","M","E","$","R","BOSS","M","?","M","M","?","R","?","R","T","$","E","R","E","M","R","BOSS","M","M","M","$","M","E","?","E","T","E","M","E","R","M","R","BOSS","R","$","E"],"items_purchased_type":["Card","Relic","Card","Relic","Card"],"build_version":"2020-12-22","purchased_purges":4,"victory":false,"max_hp_per_floor":[71,71,71,71,71,71,71,71,71,71,71,71,71,71,71,71,71,71,71,71,71,71,71,71,71,71,71,71,71,71,71,71,71,71,71,71,71,71,71,71,71,71,71,71,71,71,71,71,71,71,71,71,71,71,71],"relic_stats":{"Sozu":10,"counters":[30,155],"CeramicFish":180,"StoneCalendar":[275],"MealTicket":17,"PreservedInsect":298,"Chemical X":[16],"Ginger":[0],"Cursed Key":0,"Boot":[13],"obtain_stats":[{"Potion Belt":40,"CeramicFish":9,"StoneCalendar":6,"PreservedInsect":30,"Ginger":46,"Cursed Key":34,"Boot":44,"Mercury Hourglass":13,"Sozu":17,"DataDisk":42,"Orrery":14,"MealTicket":28,"Red Mask":24,"Chemical X":38,"Cracked Core":0},{"Potion Belt":23,"CeramicFish":7,"StoneCalendar":6,"PreservedInsect":16,"Ginger":27,"Cursed Key":18,"Boot":25,"Mercury Hourglass":9,"Sozu":10,"DataDisk":24,"Orrery":9,"MealTicket":15,"Red Mask":14,"Chemical X":21,"Cracked Core":0},{"Potion Belt":118,"CeramicFish":25,"StoneCalendar":21,"PreservedInsect":73,"Ginger":140,"Cursed Key":91,"Boot":129,"Mercury Hourglass":32,"Sozu":41,"DataDisk":125,"Orrery":32,"MealTicket":67,"Red Mask":60,"Chemical X":106,"Cracked Core":0}],"Mercury Hourglass":[431]},"card_choices":[{"not_picked":["Secret Technique","Chrysalis"],"picked":"Apotheosis","floor":0.0},{"not_picked":["Stack","Darkness"],"picked":"Leap","floor":1.0},{"not_picked":["Hologram","Compile Driver"],"picked":"Rip and Tear","floor":2.0},{"not_picked":["Hologram","Capacitor"],"picked":"Coolheaded","floor":3.0},{"not_picked":["Sweeping Beam","Rebound"],"picked":"Reboot","floor":4.0},{"not_picked":["Rebound","Coolheaded"],"picked":"Genetic Algorithm","floor":5.0},{"not_picked":["Leap","Turbo"],"picked":"Echo Form","floor":6.0},{"not_picked":["Steam","White Noise"],"picked":"Sweeping Beam","floor":7.0},{"not_picked":["Aggregate","Gash"],"picked":"Self Repair","floor":12},{"not_picked":["Steam","Chill"],"picked":"Glacier","floor":13},{"not_picked":["Chaos","Coolheaded"],"picked":"Tempest","floor":14},{"not_picked":["Hologram","Chill"],"picked":"Core Surge","floor":14},{"not_picked":["Turbo","Ball Lightning"],"picked":"Conserve Battery","floor":14},{"not_picked":["Gash","Ball Lightning"],"picked":"BootSequence","floor":14},{"not_picked":["Go for the Eyes","Steam Power"],"picked":"Stack","floor":14},{"not_picked":["Creative AI","All For One"],"picked":"Biased Cognition","floor":16},{"not_picked":["Turbo","Cold Snap","Genetic Algorithm"],"picked":"SKIP","floor":18},{"not_picked":["Rebound+1","Cold Snap+1","Redo+1"],"picked":"SKIP","floor":20},{"not_picked":["Ball Lightning","Redo"],"picked":"Reinforced Body","floor":21},{"not_picked":["Hologram","Scrape"],"picked":"Defragment","floor":28},{"not_picked":["Redo","Amplify","Conserve Battery+1"],"picked":"SKIP","floor":30},{"not_picked":["Genetic Algorithm+1","Coolheaded","Rebound"],"picked":"SKIP","floor":31},{"not_picked":["All For One","Echo Form"],"picked":"Thunder Strike","floor":33},{"not_picked":["Beam Cell","Redo","Rebound"],"picked":"SKIP","floor":35},{"not_picked":["Leap","Rebound"],"picked":"Coolheaded","floor":36},{"not_picked":["Capacitor","Sweeping Beam+1"],"picked":"Static Discharge","floor":37},{"not_picked":["Beam Cell","Go for the Eyes","Capacitor"],"picked":"SKIP","floor":39},{"not_picked":["Stack+1","Echo Form"],"picked":"Barrage+1","floor":40},{"not_picked":["Compile Driver","Go for the Eyes","Beam Cell"],"picked":"SKIP","floor":42},{"not_picked":["Steam","Stack","Fusion"],"picked":"SKIP","floor":44},{"not_picked":["Beam Cell","BootSequence","Stack"],"picked":"SKIP","floor":45},{"not_picked":["Go for the Eyes","Barrage"],"picked":"Chill","floor":46},{"not_picked":["Gash","Ball Lightning"],"picked":"Machine Learning","floor":48}],"player_experience":218685,"relics_obtained":[{"floor":6.0,"key":"StoneCalendar"},{"floor":9.0,"key":"CeramicFish"},{"floor":13,"key":"Mercury Hourglass"},{"floor":24,"key":"Red Mask"},{"floor":28,"key":"MealTicket"},{"floor":30,"key":"PreservedInsect"},{"floor":40,"key":"Potion Belt"},{"floor":42,"key":"DataDisk"},{"floor":44,"key":"Boot"},{"floor":46,"key":"Ginger"}],"event_choices":[{"damage_healed":0,"gold_gain":75,"player_choice":"Touch","damage_taken":7,"max_hp_gain":0,"max_hp_loss":0,"event_name":"FaceTrader","floor":10,"gold_loss":0},{"damage_healed":0,"gold_gain":0,"player_choice":"Grow","damage_taken":0,"max_hp_gain":0,"max_hp_loss":0,"event_name":"Living Wall","floor":11,"gold_loss":0,"cards_upgraded":["Apotheosis"]},{"damage_healed":0,"gold_gain":0,"player_choice":"Bought 0 Potions","damage_taken":0,"max_hp_gain":0,"max_hp_loss":0,"event_name":"The Woman in Blue","floor":22,"gold_loss":0},{"damage_healed":0,"gold_gain":0,"player_choice":"Fought Bandits","damage_taken":0,"max_hp_gain":0,"max_hp_loss":0,"event_name":"Masked Bandits","floor":24,"gold_loss":0},{"damage_healed":0,"gold_gain":0,"cards_transformed":["Strike_B"],"player_choice":"Transformed","damage_taken":0,"max_hp_gain":0,"max_hp_loss":0,"event_name":"Transmorgrifier","floor":41,"gold_loss":0,"cards_obtained":["Capacitor"]}],"is_beta":false,"boss_relics":[{"not_picked":["Ectoplasm","Busted Crown"],"picked":"Sozu"},{"not_picked":["Calling Bell","Inserter"],"picked":"Cursed Key"}],"items_purged_floors":[19,27,38,53],"is_endless":false,"potions_floor_spawned":[2,4,7,12,20,21,28,30,33,36,40,45,46,48],"killed_by":"Shield and Spear","ascension_level":14}}