{"host":"mai03x2ekbjy4059","time":1610605898,"event":{"mods":["2.2 Compatiblity","BaseMod","DeckTracker","Highlight Path","Keyboard Shortcuts","Minty Spire (QoL Compilation)","Permanent Neow","Quick Restart","SuperFastMode","everything is the same but u backflip on backflip"],"gold_per_floor":[11,23,43,43,62,62,62,62,116,41,72,72,97,97,97,171,171,181,181,192,25,44,44,319,319,342,358,370,383,161,174,174,174,174],"floor_reached":33,"language":"KOR","playtime":888,"items_purged":["Defend_P","Strike_P"],"score":475,"play_id":"904922f7-bb1f-4f09-b6b2-3e1c6d00b860","local_time":"20210114153138","is_ascension_mode":true,"campfire_choices":[{"data":"Eruption","floor":6.0,"key":"SMITH"},{"data":"MentalFortress","floor":8.0,"key":"SMITH"},{"floor":12.0,"key":"REST"},{"data":"1","floor":15.0,"key":"LIFT"},{"floor":23.0,"key":"REST"},{"floor":25.0,"key":"REST"},{"floor":32.0,"key":"REST"}],"circlet_count":0,"master_deck":["AscendersBane","Strike_P","Strike_P","Strike_P","Defend_P","Defend_P","Defend_P","Eruption+1","Vigilance","MentalFortress+1","Adaptation","Adaptation","FearNoEvil+1"],"relics":["PureWater","Calipers","Omamori","Art of War","Girya","WarpedTongs","Fusion Hammer","Membership Card","Strawberry","Molten Egg 2"],"acts_visited":["Exordium","TheCity"],"potions_floor_usage":[],"damage_taken":[{"damage":9.0,"enemies":"Jaw Worm","floor":1.0,"turns":5.0},{"damage":0.0,"enemies":"2 Louse","floor":2.0,"turns":4.0},{"damage":0.0,"enemies":"Small Slimes","floor":3.0,"turns":4.0},{"damage":36.0,"enemies":"Exordium Thugs","floor":5.0,"turns":3.0},{"damage":7.0,"enemies":"Gremlin Nob","floor":11.0,"turns":5.0},{"damage":20.0,"enemies":"3 Sentries","floor":13.0,"turns":9.0},{"damage":8.0,"enemies":"The Guardian","floor":16.0,"turns":11.0},{"damage":14.0,"enemies":"Shell Parasite","floor":18.0,"turns":6.0},{"damage":13.0,"enemies":"Spheric Guardian","floor":20.0,"turns":5.0},{"damage":9.0,"enemies":"Snake Plant","floor":22.0,"turns":3.0},{"damage":25.0,"enemies":"Centurion and Healer","floor":27.0,"turns":6.0},{"damage":21.0,"enemies":"3 Cultists","floor":28.0,"turns":6.0},{"damage":14.0,"enemies":"Sentry and Sphere","floor":29.0,"turns":6.0},{"damage":13.0,"enemies":"Centurion and Healer","floor":31.0,"turns":5.0},{"damage":35,"enemies":"Collector","floor":33,"turns":3}],"seed_played":"-116262741463807033","potions_obtained":[{"floor":2.0,"key":"Ancient Potion"},{"floor":5.0,"key":"Fruit Juice"},{"floor":11.0,"key":"BottledMiracle"},{"floor":13.0,"key":"Weak Potion"},{"floor":18.0,"key":"SteroidPotion"},{"floor":31.0,"key":"EssenceOfSteel"}],"is_trial":false,"path_per_floor":["M","M","M","?","M","R","?","R","T","$","E","R","E","?","R","B",null,"M","?","M","$","M","R","?","R","T","M","M","M","$","M","R","B"],"character_chosen":"WATCHER","items_purchased":["Membership Card","Molten Egg 2","FearNoEvil+1"],"campfire_rested":4,"item_purchase_floors":[21,30,30],"current_hp_per_floor":[52,52,52,52,21,21,45,45,45,45,38,59,39,39,39,31,63,49,49,36,36,27,48,48,69,76,51,30,16,16,3,27,0,0],"gold":174,"neow_bonus":"ONE_RARE_RELIC","is_daily":false,"chose_seed":false,"campfire_upgraded":2,"win_rate":0.0,"timestamp":1610605898,"path_taken":["M","M","M","?","M","R","?","R","T","$","E","R","E","?","R","BOSS","M","?","M","$","M","R","?","R","T","M","M","?","$","M","R","BOSS"],"items_purchased_type":["Relic","Relic","Card"],"build_version":"2020-12-22","purchased_purges":2,"victory":false,"max_hp_per_floor":[68,68,68,68,73,73,73,73,73,73,73,73,73,73,73,73,73,73,73,73,73,73,73,73,73,80,80,80,80,80,80,80,80,80],"card_choices":[{"not_picked":["BowlingBash","SashWhip","Vengeance"],"picked":"SKIP","floor":1.0},{"not_picked":["FlurryOfBlows","Evaluate"],"picked":"MentalFortress","floor":2.0},{"not_picked":["DeceiveReality","Crescendo","BattleHymn"],"picked":"SKIP","floor":3.0},{"not_picked":["EmptyBody","EmptyFist","Evaluate"],"picked":"SKIP","floor":5.0},{"not_picked":["Wallop","Protect","ThirdEye"],"picked":"SKIP","floor":11.0},{"not_picked":["Weave","SashWhip"],"picked":"Adaptation","floor":13.0},{"not_picked":["Swivel","BattleHymn","EmptyFist"],"picked":"SKIP","floor":18.0},{"not_picked":["FlyingSleeves","Indignation","Consecrate"],"picked":"SKIP","floor":20.0},{"not_picked":["Crescendo","BowlingBash","SashWhip"],"picked":"SKIP","floor":22.0},{"not_picked":["WheelKick","ThirdEye","Protect+1"],"picked":"SKIP","floor":27.0},{"not_picked":["WheelKick","EmptyFist","EmptyBody+1"],"picked":"SKIP","floor":28.0},{"not_picked":["Consecrate","Halt"],"picked":"Adaptation","floor":29.0},{"not_picked":["FlyingSleeves+1","PathToVictory+1","WreathOfFlame"],"picked":"SKIP","floor":31.0}],"player_experience":986882,"relics_obtained":[{"floor":9.0,"key":"Omamori"},{"floor":11.0,"key":"Art of War"},{"floor":13.0,"key":"Girya"},{"floor":26.0,"key":"Strawberry"}],"event_choices":[{"damage_healed":0.0,"max_hp_gain":0.0,"max_hp_loss":0.0,"gold_gain":0.0,"event_name":"The Cleric","player_choice":"Leave","floor":4.0,"gold_loss":0.0,"damage_taken":0.0},{"damage_healed":24.0,"max_hp_gain":0.0,"max_hp_loss":0.0,"gold_gain":0.0,"event_name":"Big Fish","player_choice":"Banana","floor":7.0,"gold_loss":0.0,"damage_taken":0.0},{"damage_healed":0.0,"max_hp_gain":0.0,"max_hp_loss":0.0,"gold_gain":0.0,"event_name":"Accursed Blacksmith","player_choice":"Rummage","floor":14.0,"gold_loss":0.0,"damage_taken":0.0,"relics_obtained":["WarpedTongs"],"cards_obtained":["Pain"]},{"damage_healed":0.0,"max_hp_gain":0.0,"max_hp_loss":0.0,"gold_gain":0.0,"event_name":"Vampires","player_choice":"Ignored","floor":19.0,"gold_loss":0.0,"damage_taken":0.0},{"damage_healed":0.0,"max_hp_gain":0.0,"max_hp_loss":0.0,"gold_gain":275.0,"event_name":"Golden Shrine","player_choice":"Desecrate","floor":24.0,"gold_loss":0.0,"damage_taken":0.0,"cards_obtained":["Regret"]}],"is_beta":false,"boss_relics":[{"not_picked":["SacredBark","Philosopher\u0027s Stone"],"picked":"Fusion Hammer"}],"items_purged_floors":[10,30],"is_endless":false,"potions_floor_spawned":[2,5,11,13,18,31],"killed_by":"Collector","ascension_level":17}}