{"host":"2hea6pl5vmah38iy","time":1610622174,"event":{"mods":["AchievementEnabler","BaseMod","Colored Map","DeckTracker","Keyboard Shortcuts","Minty Spire (QoL Compilation)","Rare Cards Sparkle","StSLib","SuperFastMode","everything is the same but u backflip on backflip"],"gold_per_floor":[211,361,376,243,243,243,278,278,301,301,335,70,70,83,83,157,157,175,175,175,193,193,193,203,203,273,273,106,106,116,47,47,119,119,130,130,142,142,155,155,155,155,179,190,215,215,11,28,28,28],"floor_reached":51,"language":"KOR","playtime":2272,"items_purged":["Doubt","Strike_R","Decay","Writhe"],"score":1362,"play_id":"46a0a560-e6ee-49b5-a338-d1cbb431d5ac","local_time":"20210114200254","is_ascension_mode":true,"campfire_choices":[{"data":"Searing Blow+1","floor":6.0,"key":"SMITH"},{"data":"Searing Blow+2","floor":8.0,"key":"SMITH"},{"data":"Searing Blow+3","floor":10.0,"key":"SMITH"},{"floor":15.0,"key":"REST"},{"data":"Searing Blow+4","floor":23.0,"key":"SMITH"},{"data":"Searing Blow+5","floor":25.0,"key":"SMITH"},{"data":"Searing Blow+6","floor":29.0,"key":"SMITH"},{"floor":32.0,"key":"REST"},{"floor":40,"key":"REST"},{"data":"Searing Blow+8","floor":42,"key":"SMITH"},{"floor":49,"key":"REST"}],"circlet_count":0,"master_deck":["AscendersBane","Bash","Searing Blow+9","Armaments","Entrench","Flame Barrier","Ghostly Armor","Barricade","Reckless Charge","Bloodletting","Corruption","Dual Wield","Clothesline","Power Through","Headbutt","Sentinel","Dark Embrace","Entrench","Offering","Entrench+1","Pommel Strike+1","Power Through","Shockwave","Power Through","Body Slam","Seeing Red"],"relics":["Burning Blood","Singing Bowl","Regal Pillow","Matryoshka","Medical Kit","Potion Belt","Paper Frog","Pandora\u0027s Box","Sundial","Ornamental Fan","InkBottle","Charon\u0027s Ashes","Mark of Pain","Juzu Bracelet","Anchor"],"acts_visited":["Exordium","TheCity","TheBeyond"],"potions_floor_usage":[39,48,50],"damage_taken":[{"damage":11.0,"enemies":"Jaw Worm","floor":1.0,"turns":4.0},{"damage":10.0,"enemies":"Small Slimes","floor":3.0,"turns":3.0},{"damage":20.0,"enemies":"Gremlin Nob","floor":7.0,"turns":4.0},{"damage":36.0,"enemies":"Lagavulin","floor":11.0,"turns":6.0},{"damage":6.0,"enemies":"Cultist","floor":14.0,"turns":3.0},{"damage":30.0,"enemies":"Hexaghost","floor":16.0,"turns":8.0},{"damage":37.0,"enemies":"Shell Parasite","floor":18.0,"turns":6.0},{"damage":24.0,"enemies":"3 Byrds","floor":21.0,"turns":5.0},{"damage":11.0,"enemies":"Centurion and Healer","floor":24.0,"turns":4.0},{"damage":5.0,"enemies":"Cultist and Chosen","floor":30.0,"turns":3.0},{"damage":6.0,"enemies":"Automaton","floor":33.0,"turns":7.0},{"damage":52.0,"enemies":"3 Darklings","floor":35.0,"turns":9.0},{"damage":17.0,"enemies":"3 Shapes","floor":37.0,"turns":4.0},{"damage":14,"enemies":"Transient","floor":39,"turns":5},{"damage":39,"enemies":"Jaw Worm Horde","floor":44,"turns":5},{"damage":9,"enemies":"Giant Head","floor":45,"turns":5},{"damage":9,"enemies":"Spire Growth","floor":48,"turns":4},{"damage":22,"enemies":"Awakened One","floor":50,"turns":4}],"seed_played":"-7572579163414085751","potions_obtained":[{"floor":1.0,"key":"BlessingOfTheForge"},{"floor":14.0,"key":"LiquidBronze"},{"floor":16.0,"key":"AttackPotion"},{"floor":18.0,"key":"SneckoOil"},{"floor":33.0,"key":"Swift Potion"},{"floor":35.0,"key":"FearPotion"},{"floor":44,"key":"Fruit Juice"},{"floor":45,"key":"BlessingOfTheForge"}],"is_trial":false,"path_per_floor":["M","?","M","$","?","R","E","R","T","R","E","$","T","M","R","B",null,"M","?","?","M","?","R","M","R","T","?","$","R","M","?","R","B",null,"M","?","M","$","M","R","?","R","T","M","E","?","$","M","R","B",null],"character_chosen":"IRONCLAD","items_purchased":["Armaments","Medical Kit","Entrench","Body Slam"],"campfire_rested":4,"item_purchase_floors":[4,12,28,47],"current_hp_per_floor":[63,63,59,59,59,59,45,45,45,45,15,15,15,15,52,28,63,34,34,34,16,16,16,13,13,13,13,13,13,16,16,55,55,75,29,29,18,18,10,49,49,49,49,16,13,15,15,12,51,40],"gold":28,"neow_bonus":"HUNDRED_GOLD","is_daily":false,"chose_seed":false,"campfire_upgraded":7,"win_rate":0.0,"timestamp":1610622174,"path_taken":["M","?","M","$","?","R","E","R","T","R","E","$","?","M","R","BOSS","M","?","?","?","?","R","M","R","T","?","$","R","?","?","R","BOSS","M","?","M","$","M","R","?","R","T","M","E","?","$","M","R","BOSS"],"items_purchased_type":["Card","Relic","Card","Card"],"build_version":"2020-12-22","purchased_purges":4,"victory":true,"max_hp_per_floor":[75,75,75,75,75,75,75,75,75,75,75,75,75,75,75,75,75,77,77,77,77,77,77,79,79,79,79,79,79,81,81,81,81,81,81,81,81,81,81,81,81,81,81,81,81,83,83,83,83,88],"card_choices":[{"not_picked":["Thunderclap","True Grit"],"picked":"Heavy Blade","floor":1.0},{"not_picked":["Feel No Pain","Flex"],"picked":"Searing Blow","floor":3.0},{"not_picked":["Inflame","Perfected Strike"],"picked":"Entrench","floor":7.0},{"not_picked":["Feel No Pain","Anger"],"picked":"Flame Barrier","floor":11.0},{"not_picked":["Armaments","Anger"],"picked":"Ghostly Armor","floor":14.0},{"not_picked":["Brutality","Immolate"],"picked":"Barricade","floor":16.0},{"not_picked":["Iron Wave","Havoc","Metallicize"],"picked":"Singing Bowl","floor":18.0},{"not_picked":["Heavy Blade","Thunderclap"],"picked":"Dark Embrace","floor":21.0},{"not_picked":["Sword Boomerang","Reckless Charge","Anger+1"],"picked":"Singing Bowl","floor":24.0},{"not_picked":["Headbutt","Infernal Blade","Havoc"],"picked":"Singing Bowl","floor":30.0},{"not_picked":["Barricade","Fiend Fire"],"picked":"Offering","floor":33.0},{"not_picked":["Dark Embrace","Clash"],"picked":"Entrench+1","floor":35.0},{"not_picked":["Clash+1","Iron Wave"],"picked":"Pommel Strike+1","floor":37.0},{"not_picked":["Twin Strike","Warcry"],"picked":"Power Through","floor":39},{"not_picked":["Bludgeon","Perfected Strike"],"picked":"Shockwave","floor":44},{"not_picked":["True Grit+1","Flame Barrier"],"picked":"Power Through","floor":45},{"not_picked":["Thinking Ahead","Dramatic Entrance","Deep Breath"],"picked":"Singing Bowl","floor":46},{"not_picked":["Flex","Havoc"],"picked":"Seeing Red","floor":48}],"player_experience":482369,"relics_obtained":[{"floor":7.0,"key":"Singing Bowl"},{"floor":9.0,"key":"Regal Pillow"},{"floor":11.0,"key":"Matryoshka"},{"floor":13.0,"key":"Potion Belt"},{"floor":13.0,"key":"Paper Frog"},{"floor":26.0,"key":"Ornamental Fan"},{"floor":26.0,"key":"InkBottle"},{"floor":43,"key":"Juzu Bracelet"},{"floor":45,"key":"Anchor"}],"event_choices":[{"damage_healed":0.0,"max_hp_gain":0.0,"max_hp_loss":0.0,"gold_gain":150.0,"event_name":"Liars Game","player_choice":"AGREE","floor":2.0,"gold_loss":0.0,"damage_taken":0.0,"cards_obtained":["Doubt"]},{"damage_healed":0.0,"max_hp_gain":0.0,"max_hp_loss":0.0,"gold_gain":0.0,"event_name":"Living Wall","player_choice":"Grow","floor":5.0,"gold_loss":0.0,"damage_taken":0.0,"cards_upgraded":["Searing Blow"]},{"damage_healed":0.0,"max_hp_gain":0.0,"max_hp_loss":0.0,"gold_gain":0.0,"event_name":"The Mausoleum","player_choice":"Opened","floor":19.0,"gold_loss":0.0,"damage_taken":0.0,"relics_obtained":["Sundial"],"cards_obtained":["Writhe"]},{"damage_healed":0.0,"max_hp_gain":0.0,"max_hp_loss":0.0,"gold_gain":0.0,"cards_transformed":["Spot Weakness"],"event_name":"Transmorgrifier","player_choice":"Transformed","floor":20.0,"gold_loss":0.0,"damage_taken":0.0,"cards_obtained":["Sentinel"]},{"damage_healed":0.0,"max_hp_gain":0.0,"max_hp_loss":0.0,"gold_gain":0.0,"event_name":"Vampires","player_choice":"Ignored","floor":22.0,"gold_loss":0.0,"damage_taken":0.0},{"damage_healed":0.0,"max_hp_gain":0.0,"max_hp_loss":0.0,"gold_gain":0.0,"event_name":"Wheel of Change","player_choice":"Cursed","floor":27.0,"gold_loss":0.0,"damage_taken":0.0,"cards_obtained":["Decay"]},{"damage_healed":0.0,"max_hp_gain":0.0,"max_hp_loss":0.0,"gold_gain":0.0,"event_name":"WeMeetAgain","player_choice":"Paid Gold","floor":31.0,"gold_loss":69.0,"damage_taken":0.0,"relics_obtained":["Charon\u0027s Ashes"]},{"cards_removed":["Heavy Blade"],"damage_healed":0.0,"max_hp_gain":0.0,"max_hp_loss":0.0,"gold_gain":0.0,"event_name":"Falling","player_choice":"Removed Attack","floor":36.0,"gold_loss":0.0,"damage_taken":0.0},{"damage_healed":0,"gold_gain":0,"player_choice":"Forge","damage_taken":0,"max_hp_gain":0,"max_hp_loss":0,"event_name":"Accursed Blacksmith","floor":41,"gold_loss":0,"cards_upgraded":["Searing Blow"]},{"damage_healed":0,"gold_gain":0,"player_choice":"Memory 1","damage_taken":0,"max_hp_gain":0,"max_hp_loss":0,"event_name":"SensoryStone","floor":46,"gold_loss":0}],"is_beta":false,"boss_relics":[{"not_picked":["SlaversCollar","Runic Dome"],"picked":"Pandora\u0027s Box"},{"not_picked":["Black Blood","Black Star"],"picked":"Mark of Pain"}],"items_purged_floors":[4,12,28,47],"is_endless":false,"potions_floor_spawned":[1,14,16,18,33,35,44,45],"ascension_level":16}}