{"host":"y1gy3vaohdji07z5","time":1610663769,"event":{"mods":["AchievementEnabler","BaseMod","Colored Map","Colored Powertips","Hermit","Minty Spire (QoL Compilation)","Random Character Button","Rare Cards Sparkle","StSLib","The Jungle"],"gold_per_floor":[12,23,38,113,133,133,163,163,163,173,173,188,188,188,188,314,314,328,346,346,346,57,57,57,57,84,34,57,82,82,113,113,232,232,255,270,284,307,331,331,356,356,427,471,471,471],"floor_reached":45,"language":"ENG","playtime":4188,"items_purged":["Shame","hermit:Defend_Hermit"],"score":595,"play_id":"eb852c74-6e64-4640-bc3e-b3a7e9df2791","local_time":"20210114233609","is_ascension_mode":true,"campfire_choices":[{"data":"hermit:TakeCover","floor":6,"key":"SMITH"},{"data":"hermit:LuckOfTheDraw","floor":11,"key":"SMITH"},{"data":"hermit:PistolWhip","floor":13,"key":"SMITH"},{"floor":15,"key":"REST"},{"data":"hermit:HighNoon","floor":23,"key":"SMITH"},{"data":"hermit:Horror","floor":25,"key":"SMITH"},{"data":"hermit:Enervate","floor":32,"key":"SMITH"},{"data":"hermit:Maintenance","floor":40,"key":"SMITH"},{"data":"hermit:FullyLoaded","floor":42,"key":"SMITH"}],"circlet_count":0,"master_deck":["hermit:Strike_Hermit","hermit:Strike_Hermit","hermit:Strike_Hermit","hermit:Defend_Hermit","hermit:Snapshot","hermit:Covet","hermit:TakeCover+1","hermit:LuckOfTheDraw+1","hermit:PistolWhip+1","hermit:Enervate+1","hermit:Enervate","hermit:Horror+1","hermit:HighNoon+1","hermit:Horror+1","hermit:Shortfuse+1","hermit:Maintenance+1","hermit:FullyLoaded+1"],"relics":["hermit:Momento","Prayer Wheel","Smiling Mask","Bottled Lightning","Golden Idol","Runic Dome","theJungle:SneckoAutograph","Eternal Feather","Pear","hermit:RyeStalk","StoneCalendar","Empty Cage","Ornamental Fan","Blue Candle"],"acts_visited":["Exordium","Exordium","TheBeyond"],"potions_floor_usage":[7,10,33,33,33],"damage_taken":[{"damage":0,"enemies":"2 Louse","floor":1,"turns":2},{"damage":2,"enemies":"Jaw Worm","floor":2,"turns":4},{"damage":1,"enemies":"Small Slimes","floor":3,"turns":5},{"damage":0,"enemies":"3 Louse","floor":5,"turns":4},{"damage":11,"enemies":"Lagavulin","floor":7,"turns":6},{"damage":0,"enemies":"Lots of Slimes","floor":10,"turns":3},{"damage":2,"enemies":"2 Fungi Beasts","floor":12,"turns":5},{"damage":1,"enemies":"The Guardian","floor":16,"turns":9},{"damage":23,"enemies":"theJungle:Flameango_and_Byrd","floor":18,"turns":7},{"damage":11,"enemies":"theJungle:MUSHROOMGANG","floor":19,"turns":4},{"damage":30,"enemies":"theJungle:2_Snecko_Cultists","floor":28,"turns":5},{"damage":5,"enemies":"theJungle:SlimyTreeVines","floor":29,"turns":4},{"damage":22,"enemies":"theJungle:Cassacara","floor":31,"turns":4},{"damage":21,"enemies":"theJungle:TotemBoss","floor":33,"turns":11},{"damage":0,"enemies":"3 Shapes","floor":35,"turns":4},{"damage":19,"enemies":"Orb Walker","floor":36,"turns":3},{"damage":0,"enemies":"Spire Growth","floor":37,"turns":2},{"damage":0,"enemies":"Jaw Worm Horde","floor":38,"turns":4},{"damage":10,"enemies":"4 Shapes","floor":39,"turns":7},{"damage":50,"enemies":"Transient","floor":41,"turns":5},{"damage":0,"enemies":"Giant Head","floor":44,"turns":6},{"damage":29,"enemies":"Sphere and 2 Shapes","floor":45,"turns":2}],"seed_played":"-2832302526402025305","potions_obtained":[{"floor":3,"key":"Explosive Potion"},{"floor":5,"key":"DuplicationPotion"},{"floor":12,"key":"Swift Potion"},{"floor":16,"key":"FearPotion"},{"floor":29,"key":"AttackPotion"},{"floor":31,"key":"hermit:Tonic"},{"floor":33,"key":"CultistPotion"},{"floor":37,"key":"Ancient Potion"},{"floor":39,"key":"Dexterity Potion"}],"is_trial":false,"path_per_floor":["M","M","M","?","M","R","E","?","T","M","R","M","R","?","R","B",null,"M","M","?","?","$","R","?","R","T","$","M","M","?","E","R","B",null,"M","M","M","M","M","R","M","R","T","E","M"],"character_chosen":"HERMIT","items_purchased":["Pear"],"campfire_rested":1,"item_purchase_floors":[22],"current_hp_per_floor":[75,73,72,61,61,61,50,50,50,50,50,48,48,30,52,51,75,52,41,41,43,53,62,73,82,82,82,52,52,52,30,39,18,85,85,66,66,66,56,65,15,24,24,24,0,0],"gold":471,"neow_bonus":"ONE_RARE_RELIC","is_daily":false,"chose_seed":false,"campfire_upgraded":8,"win_rate":0.0,"timestamp":1610663769,"path_taken":["M","M","M","?","M","R","E","?","T","M","R","M","R","?","R","BOSS","M","M","?","?","$","R","?","R","T","$","M","M","?","E","R","BOSS","M","M","M","M","M","R","M","R","T","E","?"],"items_purchased_type":["Relic"],"build_version":"2020-12-22","purchased_purges":2,"victory":false,"max_hp_per_floor":[75,75,75,75,75,75,75,75,75,75,75,75,75,75,75,75,75,75,75,75,75,85,85,85,85,85,85,85,85,85,85,85,85,85,85,85,85,85,85,85,85,85,85,85,85,85],"card_choices":[{"not_picked":["hermit:Misfire","hermit:LoneWolf"],"picked":"hermit:TakeCover","floor":1},{"not_picked":["hermit:Roulette","hermit:TakeAim"],"picked":"hermit:LuckOfTheDraw","floor":1},{"not_picked":["hermit:Roulette","hermit:Grudge","hermit:TakeAim"],"picked":"SKIP","floor":2},{"not_picked":["hermit:Snipe","hermit:Spite","hermit:LoneWolf"],"picked":"SKIP","floor":2},{"not_picked":["hermit:EyeOfTheStorm","hermit:Feint","hermit:ShadowCloak"],"picked":"SKIP","floor":3},{"not_picked":["hermit:Coalescence","hermit:CalledShot","hermit:HeroicBravado"],"picked":"SKIP","floor":3},{"not_picked":["hermit:LowProfile","hermit:LoneWolf"],"picked":"hermit:PistolWhip","floor":5},{"not_picked":["hermit:Grudge","hermit:WideOpen","hermit:Ricochet"],"picked":"SKIP","floor":5},{"not_picked":["hermit:Roulette","hermit:TrackingShot","hermit:TakeAim"],"picked":"SKIP","floor":7},{"not_picked":["hermit:Feint","hermit:Headshot","hermit:HighCaliber"],"picked":"SKIP","floor":10},{"not_picked":["hermit:Desperado","hermit:Misfire","hermit:Feint"],"picked":"SKIP","floor":10},{"not_picked":["hermit:Gestalt","hermit:SprayPray"],"picked":"hermit:Enervate","floor":12},{"not_picked":["hermit:Manifest","hermit:CalledShot"],"picked":"hermit:Enervate","floor":12},{"not_picked":["hermit:Misfire","hermit:Glare"],"picked":"hermit:Horror","floor":18},{"not_picked":["hermit:WideOpen","hermit:LowProfile","hermit:Roulette+1"],"picked":"SKIP","floor":18},{"not_picked":["hermit:LuckOfTheDraw+1","hermit:Desperado+1"],"picked":"hermit:HighNoon","floor":19},{"not_picked":["hermit:TrackingShot","hermit:Misfire"],"picked":"hermit:Horror","floor":19},{"not_picked":["hermit:EyeOfTheStorm","hermit:Coalescence","hermit:Dive+1"],"picked":"SKIP","floor":28},{"not_picked":["hermit:Feint+1","hermit:BodyArmor+1","hermit:Scavenge+1"],"picked":"SKIP","floor":28},{"not_picked":["hermit:TakeAim","hermit:LowProfile","hermit:Dive"],"picked":"SKIP","floor":29},{"not_picked":["hermit:Desperado","hermit:SprayPray","hermit:ItchyTrigger+1"],"picked":"SKIP","floor":29},{"not_picked":["hermit:NoHoldsBarred+1","hermit:TakeAim","hermit:DeadMansHand"],"picked":"SKIP","floor":31},{"not_picked":["hermit:ShadowCloak","hermit:EyeOfTheStorm"],"picked":"hermit:Shortfuse+1","floor":35},{"not_picked":["hermit:LoneWolf","hermit:Glare","hermit:Quickdraw+1"],"picked":"SKIP","floor":35},{"not_picked":["hermit:HoleUp+1","hermit:CalledShot","hermit:LowProfile"],"picked":"SKIP","floor":36},{"not_picked":["hermit:TrackingShot+1","hermit:LowProfile+1","hermit:GoldenBullet+1"],"picked":"SKIP","floor":36},{"not_picked":["hermit:BodyArmor","hermit:Purgatory"],"picked":"hermit:Maintenance","floor":37},{"not_picked":["hermit:PistolWhip+1","hermit:Determination+1","hermit:Deadeye"],"picked":"SKIP","floor":37},{"not_picked":["hermit:LowProfile","hermit:Misfire+1"],"picked":"hermit:FullyLoaded","floor":38},{"not_picked":["hermit:Dive+1","hermit:Determination+1","hermit:Ricochet"],"picked":"SKIP","floor":38},{"not_picked":["hermit:Snipe","hermit:HighCaliber+1","hermit:TrackingShot"],"picked":"SKIP","floor":39},{"not_picked":["hermit:Vantage+1","hermit:Feint+1","hermit:LuckOfTheDraw+1"],"picked":"SKIP","floor":39},{"not_picked":["hermit:GhostlyPresence+1","hermit:Ricochet+1","hermit:Snipe+1"],"picked":"SKIP","floor":41},{"not_picked":["hermit:HighCaliber","hermit:HighNoon","hermit:Glare"],"picked":"SKIP","floor":41},{"not_picked":["hermit:CalledShot+1","hermit:Malice+1","hermit:SprayPray"],"picked":"SKIP","floor":44}],"player_experience":412849,"relics_obtained":[{"floor":7,"key":"Smiling Mask"},{"floor":9,"key":"Bottled Lightning"},{"floor":26,"key":"hermit:RyeStalk"},{"floor":31,"key":"StoneCalendar"},{"floor":43,"key":"Ornamental Fan"},{"floor":44,"key":"Blue Candle"}],"event_choices":[{"damage_healed":0,"gold_gain":75,"player_choice":"Gather Gold","damage_taken":11,"max_hp_gain":0,"max_hp_loss":0,"event_name":"World of Goop","floor":4,"gold_loss":0},{"cards_removed":["hermit:Strike_Hermit"],"damage_healed":0,"gold_gain":0,"player_choice":"Forget","damage_taken":0,"max_hp_gain":0,"max_hp_loss":0,"event_name":"Living Wall","floor":8,"gold_loss":0},{"damage_healed":0,"gold_gain":0,"player_choice":"Take Damage","damage_taken":18,"relics_obtained":["Golden Idol"],"max_hp_gain":0,"max_hp_loss":0,"event_name":"Golden Idol","floor":14,"gold_loss":0},{"damage_healed":0,"gold_gain":0,"player_choice":"Upgraded","damage_taken":0,"max_hp_gain":0,"max_hp_loss":0,"event_name":"Upgrade Shrine","floor":30,"gold_loss":0,"cards_upgraded":["hermit:Horror"]}],"is_beta":false,"boss_relics":[{"not_picked":["Velvet Choker","Coffee Dripper"],"picked":"Runic Dome"},{"not_picked":["hermit:DentedPlate","hermit:BartenderGlass"],"picked":"Empty Cage"}],"items_purged_floors":[22,27],"is_endless":false,"potions_floor_spawned":[3,5,12,16,29,31,33,37,39,44],"killed_by":"Sphere and 2 Shapes","ascension_level":3}}