{"host":"m6ptjq1h7q0nif66","time":1610637282,"event":{"mods":["2.2 Compatiblity","Aspiration","BaseMod","Beaked The Cultist","Better Third Choice","BetterRewards","Colored Map","Colored Powertips","Googly Eyes","Halation","Hermit","Hubris","Infinite Spire","Minty Spire (QoL Compilation)","Permanent Neow","Quick Restart","Relic Stats","Remove Card Discount Mod","Replay The Spire","Shop Mod","StSLib","SuperFastMode","The Construct","The Cursed","The Disciple","The Forsaken"],"gold_per_floor":[110,110,126,136,202,202,235,235,235,248,248,278,278],"floor_reached":12,"language":"ENG","playtime":695,"items_purged":[],"score":88,"play_id":"8c54cddb-1491-42bb-b93e-5164ccddabfc","local_time":"20210114151442","is_ascension_mode":false,"campfire_choices":[{"data":"Apotheosis","floor":6,"key":"SMITH"},{"data":"theForsaken:Tranquility","floor":8,"key":"SMITH"}],"circlet_count":0,"master_deck":["theForsaken:TheForsaken_Strike","theForsaken:TheForsaken_Strike","theForsaken:TheForsaken_Strike","theForsaken:TheForsaken_Strike","theForsaken:TheForsaken_Defend","theForsaken:TheForsaken_Defend","theForsaken:TheForsaken_Defend","theForsaken:TheForsaken_Defend","theForsaken:Smite","theForsaken:Penitence","Apotheosis+1","theForsaken:FatRoll","theForsaken:Eulogy","theForsaken:DarkBargain","theForsaken:Tranquility+1","theForsaken:QuickAttack","infinitespire:Fortify"],"relics":["theForsaken:JudgementScales","infinitespire:Joker Card","Lizard Tail","ReplayTheSpireMod:Shallot","Simple Rune","infinitespire:Magic Flask"],"acts_visited":["Exordium"],"potions_floor_usage":[],"damage_taken":[{"damage":0,"enemies":"2 Louse","floor":1,"turns":4},{"damage":6,"enemies":"infinitespire:Voidling","floor":3,"turns":5},{"damage":0,"enemies":"Small Slimes","floor":4,"turns":4},{"damage":4,"enemies":"Lagavulin","floor":7,"turns":6},{"damage":16,"enemies":"Looter","floor":10,"turns":4},{"damage":5,"enemies":"3 Sentries","floor":12,"turns":9}],"seed_played":"-8836050843323812160","potions_obtained":[{"floor":4,"key":"FairyPotion"},{"floor":7,"key":"ColorlessPotion"}],"is_trial":false,"path_per_floor":["M","?","M","M","?","R","E","R","T","M","?","E"],"character_chosen":"THE_FORSAKEN","items_purchased":["Apotheosis","infinitespire:Joker Card"],"campfire_rested":0,"item_purchase_floors":[0,0],"current_hp_per_floor":[65,59,60,63,63,63,61,61,61,50,35,51,51],"gold":278,"neow_bonus":"","is_daily":false,"chose_seed":false,"campfire_upgraded":2,"win_rate":0.0,"timestamp":1610637282,"path_taken":["M","?","?","M","?","R","E","R","T","M","?","E"],"items_purchased_type":["Card","Relic"],"build_version":"2020-12-22","purchased_purges":0,"victory":false,"max_hp_per_floor":[65,65,65,65,65,65,65,65,65,65,65,65,65],"relic_stats":{"Lizard Tail":0,"counters":[63,332],"obtain_stats":[{"Golden Egg":54,"Replay:Accelerometer":53,"Vajra":44,"Bottled Tornado":54,"hubris:MysteriousPyramids":53,"Blood Vial":20,"Centennial Puzzle":47,"Lizard Tail":0,"DollysMirror":0,"MealTicket":36,"HandDrill":36,"hubris:TinFlute":42,"Replay:Bottled Steam":48,"MerchantsRug":20,"halation:OrihimeAndHikoboshiSamaAndTears":5,"Ring of Hypnosis":22,"Oddly Smooth Stone":26,"infinitespire:Beetle Shell":20,"infinitespire:Magic Flask":12,"Du-Vu Doll":0,"hubris:Zylophone":28,"infinitespire:EvilPickle":33,"hermit:PetGhost":53,"ReplayTheSpireMod:Shallot":0,"Shuriken":43,"Bronze Scales":11,"Onion Ring":14,"Simple Rune":7,"ReplayTheSpireMod:TigerMarble":12,"Black Star":17,"Grinning Jar":43,"hermit:Momento":0,"Regal Pillow":36,"Singing Bowl":24,"Painkiller Herb":34,"Juzu Bracelet":30,"hubris:SlimyHat":23,"Replay:Mystery Machine":47,"ClockworkSouvenir":29,"Nunchaku":6,"hubris:Icosahedron":22,"Matryoshka":26,"hubris:CuriousFeather":44,"Red Mask":37,"halation:LettersToHer":0,"InkBottle":43,"construct:ClawGrip":17,"aspiration:FetidBarrel":54,"betterThird:NestCultRelic":31,"infinitespire:Joker Card":0,"Orichalcum":2,"CaptainsWheel":24,"Anchor":42,"Ring of Misfortune":22,"infinitespire:Satchel":7,"ChewingGum":34,"Ectoplasm":21,"Bottled Lightning":11,"Membership Card":0,"halation:AfternoonTea":41,"halation:PinkSoulGem":37},{"Golden Egg":26,"Replay:Accelerometer":55,"Vajra":21,"Bottled Tornado":26,"hubris:MysteriousPyramids":55,"Blood Vial":10,"Centennial Puzzle":53,"Lizard Tail":57,"DollysMirror":27,"MealTicket":47,"HandDrill":47,"hubris:TinFlute":20,"Replay:Bottled Steam":54,"MerchantsRug":10,"halation:OrihimeAndHikoboshiSamaAndTears":3,"Ring of Hypnosis":42,"Oddly Smooth Stone":12,"infinitespire:Beetle Shell":10,"infinitespire:Magic Flask":63,"Du-Vu Doll":0,"hubris:Zylophone":44,"infinitespire:EvilPickle":46,"hermit:PetGhost":55,"ReplayTheSpireMod:Shallot":57,"Shuriken":51,"Bronze Scales":36,"Onion Ring":38,"Simple Rune":61,"ReplayTheSpireMod:TigerMarble":6,"Black Star":8,"Grinning Jar":20,"hermit:Momento":0,"Regal Pillow":47,"Singing Bowl":11,"Painkiller Herb":16,"Juzu Bracelet":15,"hubris:SlimyHat":43,"Replay:Mystery Machine":53,"ClockworkSouvenir":44,"Nunchaku":32,"hubris:Icosahedron":10,"Matryoshka":43,"hubris:CuriousFeather":21,"Red Mask":47,"halation:LettersToHer":27,"InkBottle":51,"construct:ClawGrip":39,"aspiration:FetidBarrel":56,"betterThird:NestCultRelic":45,"infinitespire:Joker Card":57,"Orichalcum":28,"CaptainsWheel":11,"Anchor":20,"Ring of Misfortune":42,"infinitespire:Satchel":4,"ChewingGum":46,"Ectoplasm":10,"Bottled Lightning":5,"Membership Card":27,"halation:AfternoonTea":50,"halation:PinkSoulGem":18},{"Golden Egg":126,"Replay:Accelerometer":287,"Vajra":95,"Bottled Tornado":126,"hubris:MysteriousPyramids":287,"Blood Vial":44,"Centennial Puzzle":270,"Lizard Tail":300,"DollysMirror":135,"MealTicket":238,"HandDrill":238,"hubris:TinFlute":89,"Replay:Bottled Steam":278,"MerchantsRug":44,"halation:OrihimeAndHikoboshiSamaAndTears":12,"Ring of Hypnosis":209,"Oddly Smooth Stone":53,"infinitespire:Beetle Shell":44,"infinitespire:Magic Flask":332,"Du-Vu Doll":0,"hubris:Zylophone":218,"infinitespire:EvilPickle":233,"hermit:PetGhost":287,"ReplayTheSpireMod:Shallot":300,"Shuriken":261,"Bronze Scales":183,"Onion Ring":193,"Simple Rune":319,"ReplayTheSpireMod:TigerMarble":27,"Black Star":37,"Grinning Jar":89,"hermit:Momento":0,"Regal Pillow":238,"Singing Bowl":48,"Painkiller Herb":69,"Juzu Bracelet":63,"hubris:SlimyHat":214,"Replay:Mystery Machine":270,"ClockworkSouvenir":218,"Nunchaku":169,"hubris:Icosahedron":44,"Matryoshka":214,"hubris:CuriousFeather":95,"Red Mask":238,"halation:LettersToHer":135,"InkBottle":261,"construct:ClawGrip":201,"aspiration:FetidBarrel":292,"betterThird:NestCultRelic":223,"infinitespire:Joker Card":300,"Orichalcum":138,"CaptainsWheel":48,"Anchor":89,"Ring of Misfortune":209,"infinitespire:Satchel":18,"ChewingGum":233,"Ectoplasm":44,"Bottled Lightning":22,"Membership Card":135,"halation:AfternoonTea":255,"halation:PinkSoulGem":76}]},"card_choices":[{"not_picked":["theForsaken:SolarFlare","theForsaken:Devotion"],"picked":"theForsaken:FatRoll","floor":1},{"not_picked":["theForsaken:RainingSunlight","theForsaken:Parry"],"picked":"theForsaken:Eulogy","floor":3},{"not_picked":["theForsaken:AncientWords","theForsaken:BottledPlague"],"picked":"theForsaken:DarkBargain","floor":4},{"not_picked":["theForsaken:ShieldCharge","theForsaken:AncientWords"],"picked":"theForsaken:Tranquility","floor":7},{"not_picked":["theForsaken:NobleSacrifice","theForsaken:Tranquility"],"picked":"theForsaken:QuickAttack","floor":10},{"not_picked":["infinitespire:Execution","Replay:Fractal Strike"],"picked":"infinitespire:Fortify","floor":11}],"player_experience":230038,"relics_obtained":[{"floor":7,"key":"Simple Rune"},{"floor":12,"key":"infinitespire:Magic Flask"}],"event_choices":[{"damage_healed":0,"gold_gain":0,"player_choice":"Damaged","damage_taken":6,"max_hp_gain":0,"max_hp_loss":0,"event_name":"Wheel of Change","floor":2,"gold_loss":0},{"damage_healed":0,"gold_gain":66,"player_choice":"Gained Gold","damage_taken":0,"max_hp_gain":0,"max_hp_loss":0,"event_name":"Golden Wing","floor":5,"gold_loss":0}],"is_beta":false,"boss_relics":[],"items_purged_floors":[],"is_endless":false,"potions_floor_spawned":[4,7],"killed_by":"3 Sentries","ascension_level":0}}