{"host":"wrlgpq1wkw8k1x5v","time":1610637684,"event":{"mods":["Act Like it!","BaseMod","Colored Powertips","Gensokyo","Koishi","Minty Spire (QoL Compilation)","StSLib"],"gold_per_floor":[118,43,43,59,76,76,96,96,96,57,71,89,89,106,106,205,205,223,37,52,52,52,52,68,84,156,156,156,37,47,74,74,173,173,189,177,190,88,102,102,119,151,151,81,81,91,105,2,2,2],"floor_reached":51,"language":"ZHS","playtime":4471,"items_purged":["Koishi:BasicDefend","Koishi:BasicStrike","Parasite"],"score":793,"play_id":"ad5df5cf-2cb8-4d14-98f3-9dfce3b8e8c8","local_time":"20210114232124","is_ascension_mode":true,"campfire_choices":[{"data":"Apotheosis","floor":6,"key":"SMITH"},{"data":"Koishi:Untouchable","floor":13,"key":"SMITH"},{"floor":15,"key":"REST"},{"data":"Koishi:PhantomStrike","floor":23,"key":"SMITH"},{"floor":27,"key":"REST"},{"floor":32,"key":"REST"},{"floor":40,"key":"REST"},{"floor":49,"key":"REST"}],"circlet_count":0,"master_deck":["Koishi:BasicStrike+1","Koishi:BasicStrike","Koishi:BasicStrike+1","Koishi:BasicDefend","Koishi:BasicDefend","Koishi:Provoke","Koishi:HauntingSlash","Apotheosis+1","Koishi:UnseenTerror","Koishi:Untouchable+1","Koishi:PhantomStrike+1","Koishi:Possession","Koishi:PhantomStrike","Koishi:GhostParty+1","Koishi:YoukaiPolygraph","Koishi:Heartbroken+1","Koishi:UnseenTerror","Koishi:EmbersOfLove+1","Koishi:PhantomStrike","Koishi:PhantomBarrier","Koishi:SpiritedAway","Koishi:GrowingPain","Koishi:TraumaticStroke","Koishi:UnansweredLove","Koishi:Vanish","Koishi:SpiritedAway","Koishi:FleetingPhantom+1","Koishi:VengefulSpirit","Koishi:ParalyzingFear+1","Koishi:StrangeCloudFist+1","Koishi:GrowingPain"],"relics":["Koishi:ImaginaryFriend","Letter Opener","Snecko Eye","Membership Card","Darkstone Periapt","Bottled Lightning","Koishi:AHoleWhereASisterShouldBe","Philosopher\u0027s Stone","ClockworkSouvenir","Meat on the Bone","Unceasing Top"],"acts_visited":["Exordium","TheCity","TheBeyond"],"potions_floor_usage":[25,39,39,50,50],"damage_taken":[{"damage":2,"enemies":"Small Slimes","floor":1,"turns":5},{"damage":0,"enemies":"Cultist","floor":4,"turns":4},{"damage":16,"enemies":"Jaw Worm","floor":5,"turns":4},{"damage":11,"enemies":"Exordium Thugs","floor":7,"turns":6},{"damage":4,"enemies":"Blue Slaver","floor":11,"turns":5},{"damage":6,"enemies":"3 Louse","floor":12,"turns":4},{"damage":3,"enemies":"Exordium Thugs","floor":14,"turns":6},{"damage":0,"enemies":"Slime Boss","floor":16,"turns":8},{"damage":0,"enemies":"Shell Parasite","floor":18,"turns":8},{"damage":0,"enemies":"Chosen","floor":20,"turns":7},{"damage":0,"enemies":"Sentry and Sphere","floor":24,"turns":7},{"damage":31,"enemies":"Centurion and Healer","floor":25,"turns":4},{"damage":0,"enemies":"Snake Plant","floor":30,"turns":5},{"damage":6,"enemies":"Automaton","floor":33,"turns":12},{"damage":0,"enemies":"3 Darklings","floor":35,"turns":4},{"damage":27,"enemies":"3 Shapes","floor":37,"turns":4},{"damage":0,"enemies":"Maw","floor":39,"turns":5},{"damage":0,"enemies":"Spire Growth","floor":41,"turns":3},{"damage":0,"enemies":"Nemesis","floor":42,"turns":4},{"damage":0,"enemies":"Writhing Mass","floor":46,"turns":3},{"damage":22,"enemies":"3 Darklings","floor":47,"turns":6},{"damage":27,"enemies":"Time Eater","floor":50,"turns":6}],"seed_played":"-7368415719431369149","potions_obtained":[{"floor":5,"key":"BlessingOfTheForge"},{"floor":7,"key":"Dexterity Potion"},{"floor":24,"key":"ColorlessPotion"},{"floor":28,"key":"Energy Potion"},{"floor":28,"key":"SteroidPotion"},{"floor":28,"key":"SmokeBomb"},{"floor":33,"key":"Energy Potion"},{"floor":37,"key":"EssenceOfSteel"},{"floor":41,"key":"CultistPotion"}],"is_trial":false,"path_per_floor":["M","$","?","M","M","R","M","?","T","$","M","M","R","M","R","B",null,"M","$","M","?","?","R","M","M","T","R","?","$","M","T","R","B",null,"M","$","M","$","M","R","M","E","T","$","?","M","M","$","R","B",null],"character_chosen":"KOISHI","items_purchased":["Koishi:Possession","Membership Card","Koishi:UnseenTerror","Bottled Lightning","Koishi:UnansweredLove","ClockworkSouvenir","Koishi:SpiritedAway","Koishi:VengefulSpirit","Koishi:GrowingPain"],"campfire_rested":5,"item_purchase_floors":[10,19,19,29,36,38,38,44,48],"current_hp_per_floor":[54,54,54,54,44,44,40,29,29,29,32,30,30,34,50,50,54,54,54,54,45,45,45,48,29,29,46,46,46,54,54,59,59,59,59,59,35,35,43,59,59,59,59,59,59,65,48,48,62,37],"gold":2,"neow_bonus":"RANDOM_COLORLESS_2","is_daily":false,"chose_seed":false,"campfire_upgraded":3,"win_rate":0.0,"timestamp":1610637684,"path_taken":["M","$","?","?","M","R","M","?","T","?","M","M","R","M","R","BOSS","M","$","M","?","?","R","?","M","T","R","?","$","?","?","R","BOSS","M","?","M","$","M","R","M","E","T","?","?","M","M","$","R","BOSS"],"items_purchased_type":["Card","Relic","Card","Relic","Card","Relic","Card","Card","Card"],"build_version":"2020-12-22","purchased_purges":3,"victory":true,"max_hp_per_floor":[54,54,54,54,54,54,54,54,54,54,54,54,54,54,54,54,54,54,54,54,59,59,59,59,59,59,59,59,59,59,59,59,59,59,59,59,59,59,59,59,59,59,59,59,59,65,65,62,62,62],"card_choices":[{"not_picked":["Violence","Magnetism"],"picked":"Apotheosis","floor":0},{"not_picked":["Koishi:StrangeCloudFist","Koishi:FourthEye"],"picked":"Koishi:UnseenTerror","floor":1},{"not_picked":["Koishi:ParalyzingFear","Koishi:HeartfeltFancy","Koishi:BloodcurdlingScream"],"picked":"SKIP","floor":4},{"not_picked":["Koishi:ReflexRadar","Koishi:EmbryosDream"],"picked":"Koishi:Untouchable","floor":5},{"not_picked":["Koishi:YoukaiPolygraph","Koishi:FleetingPhantom"],"picked":"Koishi:PhantomStrike","floor":7},{"not_picked":["Koishi:StingingMind","Koishi:ParalyzingFear"],"picked":"Koishi:PhantomStrike","floor":11},{"not_picked":["Koishi:ReflexRadar","Koishi:FleetingPhantom"],"picked":"Koishi:GhostParty","floor":12},{"not_picked":["Koishi:CatchAndRose","Koishi:FreudianInstinct"],"picked":"Koishi:YoukaiPolygraph","floor":14},{"not_picked":["Koishi:RuptureMind","Koishi:RollingInRichesHeart"],"picked":"Koishi:Heartbroken","floor":16},{"not_picked":["Koishi:CatchAndRose+1","Koishi:EmbryosDream","Koishi:BramblyRoseGarden"],"picked":"SKIP","floor":18},{"not_picked":["Koishi:ReflexRadar","Koishi:HeartfeltFancy"],"picked":"Koishi:EmbersOfLove+1","floor":20},{"not_picked":["Koishi:ReleaseOfTheId+1","Koishi:RoseHell"],"picked":"Koishi:PhantomStrike","floor":24},{"not_picked":["Koishi:SubterraneanRose","Koishi:IdleWhim"],"picked":"Koishi:PhantomBarrier","floor":25},{"not_picked":["Koishi:ReflexRadar","Koishi:Prune"],"picked":"Koishi:SpiritedAway","floor":30},{"not_picked":["Koishi:SuperEgo","Koishi:HeartStoppingHorror"],"picked":"Koishi:GrowingPain","floor":33},{"not_picked":["Koishi:SubterraneanRose+1","Koishi:FleetingPhantom+1"],"picked":"Koishi:TraumaticStroke","floor":35},{"not_picked":["Koishi:PhilosophyOfTheDespised+1","Koishi:Bloodlust"],"picked":"Koishi:Vanish","floor":37},{"not_picked":["Koishi:PhantomStrike+1","Koishi:UnconsciousUprising+1"],"picked":"Koishi:FleetingPhantom+1","floor":39},{"not_picked":["Koishi:JumpScare","Koishi:FourthEye","Koishi:StingingMind"],"picked":"SKIP","floor":41},{"not_picked":["Koishi:Jaunt","Koishi:EmbryosDream","Koishi:SubterraneanRose+1"],"picked":"SKIP","floor":42},{"not_picked":["Koishi:MindNumbingTerror","Koishi:BloodcurdlingScream+1"],"picked":"Koishi:ParalyzingFear+1","floor":46},{"not_picked":["Koishi:HeartfeltFancy+1","Koishi:TremblingHands"],"picked":"Koishi:StrangeCloudFist+1","floor":47}],"player_experience":43183,"relics_obtained":[{"floor":9,"key":"Letter Opener"},{"floor":26,"key":"Darkstone Periapt"},{"floor":31,"key":"Koishi:AHoleWhereASisterShouldBe"},{"floor":42,"key":"Meat on the Bone"},{"floor":43,"key":"Unceasing Top"}],"event_choices":[{"cards_removed":["Koishi:BasicDefend"],"damage_healed":0,"gold_gain":0,"player_choice":"Offered Basic","damage_taken":0,"max_hp_gain":0,"max_hp_loss":0,"event_name":"Bonfire Elementals","floor":3,"gold_loss":0},{"damage_healed":0,"gold_gain":0,"player_choice":"Entered Light","damage_taken":11,"max_hp_gain":0,"max_hp_loss":0,"event_name":"Shining Light","floor":8,"gold_loss":0,"cards_upgraded":["Koishi:BasicStrike","Koishi:BasicStrike"]},{"damage_healed":0,"gold_gain":0,"player_choice":"Shed Blood","damage_taken":14,"max_hp_gain":5,"max_hp_loss":0,"event_name":"Forgotten Altar","floor":21,"gold_loss":0},{"damage_healed":0,"gold_gain":0,"player_choice":"Upgraded","damage_taken":0,"max_hp_gain":0,"max_hp_loss":0,"event_name":"Upgrade Shrine","floor":22,"gold_loss":0,"cards_upgraded":["Koishi:GhostParty"]},{"damage_healed":0,"gold_gain":0,"player_choice":"Got Potions","damage_taken":0,"max_hp_gain":0,"max_hp_loss":0,"event_name":"Lab","floor":28,"gold_loss":0},{"damage_healed":0,"gold_gain":0,"player_choice":"Upgraded","damage_taken":0,"max_hp_gain":0,"max_hp_loss":0,"event_name":"Upgrade Shrine","floor":45,"gold_loss":0,"cards_upgraded":["Koishi:Heartbroken"]}],"is_beta":false,"boss_relics":[{"not_picked":["Koishi:ColorfulDays","Busted Crown"],"picked":"Snecko Eye"},{"not_picked":["SlaversCollar","Runic Pyramid"],"picked":"Philosopher\u0027s Stone"}],"items_purged_floors":[2,44,48],"is_endless":false,"potions_floor_spawned":[5,7,24,33,37,41],"ascension_level":2}}