{"host":"gquo1rsrdiuo0hhv","time":1610627265,"event":{"mods":["Act Like it!","BaseMod","Colored Powertips","Minty Spire (QoL Compilation)","StSLib"],"gold_per_floor":[118,193,205,216,236,236,271,281,281,313,313,332,25,41,41,137,137,147,160,170,186,202,202,214,214,237,237,252,278,278,30,30,126,176,195,195,195,208,228,260,260,136,159,159,159,159,26,40,40,40,40,40,5,35,35,35],"floor_reached":55,"language":"ENG","playtime":3871,"items_purged":["Strike_P","Writhe"],"score":744,"play_id":"7d9944b4-782e-450e-b7dd-d0d436a272ab","local_time":"20210114192745","is_ascension_mode":true,"campfire_choices":[{"data":"Vigilance","floor":6,"key":"SMITH"},{"data":"Eruption","floor":11,"key":"SMITH"},{"floor":15,"key":"REST"},{"floor":23,"key":"REST"},{"floor":25,"key":"REST"},{"floor":27,"key":"RECALL"},{"floor":32,"key":"REST"},{"floor":41,"key":"REST"},{"floor":44,"key":"REST"},{"floor":49,"key":"REST"},{"data":"Establishment","floor":52,"key":"SMITH"}],"circlet_count":0,"master_deck":["Strike_P","Strike_P","Defend_P","Defend_P","Defend_P","Defend_P","Eruption+1","Vigilance+1","Dramatic Entrance","FollowUp","BattleHymn","ReachHeaven","WaveOfTheHand","SandsOfTime","CutThroughFate+1","DeceiveReality","Nirvana","Protect","Wireheading","Establishment+1","ThirdEye+1","Evaluate","MasterReality","ConjureBlade","Protect+1","InnerPeace+1","Dramatic Entrance","LikeWater","Finesse","Parasite","WindmillStrike"],"relics":["PureWater","Akabeko","Singing Bowl","Letter Opener","SlaversCollar","Red Mask","Blood Vial","Tiny House","Kunai","Potion Belt","Bag of Marbles","Calipers"],"acts_visited":["Exordium","TheCity","TheBeyond","TheEnding"],"potions_floor_usage":[10,16,16,18,24,28,29,29,38,38,39,40,48],"damage_taken":[{"damage":0,"enemies":"Small Slimes","floor":1,"turns":3},{"damage":6,"enemies":"Jaw Worm","floor":3,"turns":3},{"damage":0,"enemies":"2 Louse","floor":4,"turns":2},{"damage":0,"enemies":"Blue Slaver","floor":5,"turns":3},{"damage":12,"enemies":"3 Sentries","floor":7,"turns":6},{"damage":0,"enemies":"2 Fungi Beasts","floor":8,"turns":2},{"damage":11,"enemies":"Gremlin Nob","floor":10,"turns":4},{"damage":4,"enemies":"Red Slaver","floor":12,"turns":2},{"damage":0,"enemies":"Exordium Thugs","floor":14,"turns":2},{"damage":24,"enemies":"Slime Boss","floor":16,"turns":10},{"damage":13,"enemies":"3 Byrds","floor":18,"turns":5},{"damage":0,"enemies":"Chosen","floor":19,"turns":6},{"damage":39,"enemies":"Centurion and Healer","floor":20,"turns":7},{"damage":11,"enemies":"Snecko","floor":21,"turns":6},{"damage":45,"enemies":"Chosen and Byrds","floor":22,"turns":8},{"damage":15,"enemies":"Shelled Parasite and Fungi","floor":24,"turns":6},{"damage":3,"enemies":"Sentry and Sphere","floor":28,"turns":6},{"damage":12,"enemies":"Masked Bandits","floor":29,"turns":5},{"damage":36,"enemies":"Automaton","floor":33,"turns":10},{"damage":6,"enemies":"3 Shapes","floor":35,"turns":4},{"damage":11,"enemies":"Orb Walker","floor":38,"turns":6},{"damage":32,"enemies":"Sphere and 2 Shapes","floor":39,"turns":7},{"damage":46,"enemies":"Giant Head","floor":40,"turns":9},{"damage":19,"enemies":"Writhing Mass","floor":48,"turns":8},{"damage":26,"enemies":"Awakened One","floor":50,"turns":24},{"damage":81,"enemies":"Shield and Spear","floor":54,"turns":9},{"damage":59,"enemies":"The Heart","floor":55,"turns":2}],"seed_played":"-8215992726087570095","potions_obtained":[{"floor":1,"key":"Weak Potion"},{"floor":5,"key":"Ancient Potion"},{"floor":10,"key":"Explosive Potion"},{"floor":12,"key":"SteroidPotion"},{"floor":14,"key":"Block Potion"},{"floor":16,"key":"GamblersBrew"},{"floor":18,"key":"Fruit Juice"},{"floor":22,"key":"BlessingOfTheForge"},{"floor":24,"key":"DistilledChaos"},{"floor":28,"key":"Fire Potion"},{"floor":29,"key":"Energy Potion"},{"floor":33,"key":"SneckoOil"},{"floor":34,"key":"SneckoOil"},{"floor":39,"key":"Ambrosia"},{"floor":54,"key":"Explosive Potion"}],"is_trial":false,"path_per_floor":["M","?","M","M","M","R","E","M","T","E","R","M","$","M","R","B",null,"M","M","M","M","M","R","M","R","T","R","M","?","?","$","R","B",null,"M","?","?","M","M","E","R","$","T","R","?","?","$","M","R","B",null,"R","$","E","B"],"character_chosen":"WATCHER","items_purchased":["FairyPotion","Protect","Wireheading","MasterReality","PowerPotion","LikeWater","LikeWater","Finesse","WindmillStrike"],"campfire_rested":7,"item_purchase_floors":[13,13,13,31,42,42,47,47,53],"current_hp_per_floor":[72,61,55,55,55,55,43,43,43,32,32,28,28,28,49,25,72,66,68,29,20,26,51,38,64,64,64,61,51,51,51,77,43,96,92,92,92,83,55,11,41,41,41,71,71,71,71,56,86,62,102,102,102,23,0,0],"gold":35,"neow_bonus":"RANDOM_COLORLESS","is_daily":false,"chose_seed":false,"campfire_upgraded":3,"win_rate":0.0,"timestamp":1610627265,"path_taken":["M","?","M","M","M","R","E","M","T","E","R","M","$","M","R","BOSS","M","M","M","M","M","R","M","R","T","R","M","?","?","$","R","BOSS","M","?","?","?","M","E","R","?","T","R","?","?","$","M","R","BOSS","R","$","E","BOSS"],"items_purchased_type":["Potion","Card","Card","Card","Potion","Card","Card","Card","Card"],"build_version":"2020-12-22","purchased_purges":2,"victory":false,"max_hp_per_floor":[72,72,72,72,72,72,72,72,72,72,72,72,72,72,72,72,72,79,81,81,83,85,85,87,87,87,87,87,89,89,89,89,89,96,98,98,98,98,100,100,100,100,100,100,100,100,100,102,102,102,102,102,102,104,104,104],"card_choices":[{"not_picked":["Panacea","Madness"],"picked":"Dramatic Entrance","floor":0},{"not_picked":["ForeignInfluence","BowlingBash"],"picked":"FollowUp","floor":1},{"not_picked":["Meditate","FearNoEvil"],"picked":"BattleHymn","floor":3},{"not_picked":["Crescendo","ForeignInfluence"],"picked":"ReachHeaven","floor":4},{"not_picked":["Crescendo","Vengeance"],"picked":"WaveOfTheHand","floor":5},{"not_picked":["EmptyFist","JustLucky"],"picked":"SandsOfTime","floor":7},{"not_picked":["Adaptation","CarveReality"],"picked":"CutThroughFate","floor":8},{"not_picked":["Devotion","Evaluate"],"picked":"DeceiveReality","floor":10},{"not_picked":["CutThroughFate","EmptyMind"],"picked":"Nirvana","floor":12},{"not_picked":["Pray","Evaluate"],"picked":"ThirdEye","floor":14},{"not_picked":["Wish","Devotion"],"picked":"Establishment","floor":16},{"not_picked":["CutThroughFate","Conclude","Swivel"],"picked":"Singing Bowl","floor":18},{"not_picked":["BowlingBash+1","Halt","JustLucky"],"picked":"Singing Bowl","floor":19},{"not_picked":["EmptyBody","FollowUp+1"],"picked":"ThirdEye+1","floor":20},{"not_picked":["Consecrate","SandsOfTime","CutThroughFate+1"],"picked":"Singing Bowl","floor":21},{"not_picked":["Pray+1","Worship","Sanctity"],"picked":"Singing Bowl","floor":22},{"not_picked":["Consecrate","ReachHeaven+1","SashWhip"],"picked":"Singing Bowl","floor":24},{"not_picked":["LikeWater+1","Indignation+1"],"picked":"Evaluate","floor":28},{"not_picked":["Collect","CrushJoints+1","CutThroughFate"],"picked":"Singing Bowl","floor":29},{"not_picked":["Omniscience","DevaForm"],"picked":"ConjureBlade","floor":33},{"not_picked":["BowlingBash+1","CrushJoints","ThirdEye"],"picked":"Singing Bowl","floor":34},{"not_picked":["CutThroughFate+1","BowlingBash+1","Fasting2+1"],"picked":"Singing Bowl","floor":35},{"not_picked":["WheelKick+1","Tantrum+1"],"picked":"Protect+1","floor":38},{"not_picked":["Protect+1","Fasting2","SashWhip"],"picked":"Singing Bowl","floor":39},{"not_picked":["Wallop+1","Crescendo+1"],"picked":"InnerPeace+1","floor":40},{"not_picked":["Deep Breath","Metamorphosis"],"picked":"Dramatic Entrance","floor":45},{"not_picked":["FlyingSleeves","LikeWater","BowlingBash+1"],"picked":"Singing Bowl","floor":48},{"not_picked":["CrushJoints","WaveOfTheHand","Study+1"],"picked":"Singing Bowl","floor":54}],"player_experience":386075,"relics_obtained":[{"floor":7,"key":"Akabeko"},{"floor":9,"key":"Singing Bowl"},{"floor":10,"key":"Letter Opener"},{"floor":29,"key":"Red Mask"},{"floor":40,"key":"Kunai"},{"floor":43,"key":"Potion Belt"},{"floor":54,"key":"Calipers"}],"event_choices":[{"damage_healed":0,"gold_gain":75,"player_choice":"Gather Gold","damage_taken":11,"max_hp_gain":0,"max_hp_loss":0,"event_name":"World of Goop","floor":2,"gold_loss":0},{"damage_healed":0,"gold_gain":0,"player_choice":"Fought Bandits","damage_taken":0,"max_hp_gain":0,"max_hp_loss":0,"event_name":"Masked Bandits","floor":29,"gold_loss":0},{"damage_healed":0,"gold_gain":0,"player_choice":"Opened","damage_taken":0,"relics_obtained":["Blood Vial"],"max_hp_gain":0,"max_hp_loss":0,"event_name":"The Mausoleum","floor":30,"gold_loss":0,"cards_obtained":["Writhe"]},{"cards_removed":["ThirdEye"],"damage_healed":0,"gold_gain":0,"player_choice":"Removed Skill","damage_taken":0,"max_hp_gain":0,"max_hp_loss":0,"event_name":"Falling","floor":36,"gold_loss":0},{"cards_removed":["Strike_P"],"damage_healed":0,"gold_gain":0,"player_choice":"Card Removal","damage_taken":0,"max_hp_gain":0,"max_hp_loss":0,"event_name":"Wheel of Change","floor":37,"gold_loss":0},{"damage_healed":0,"gold_gain":0,"player_choice":"Memory 1","damage_taken":0,"max_hp_gain":0,"max_hp_loss":0,"event_name":"SensoryStone","floor":45,"gold_loss":0},{"cards_removed":["LikeWater"],"damage_healed":0,"gold_gain":0,"player_choice":"Gave Card","damage_taken":0,"relics_obtained":["Bag of Marbles"],"max_hp_gain":0,"max_hp_loss":0,"event_name":"WeMeetAgain","floor":46,"gold_loss":0}],"is_beta":false,"boss_relics":[{"not_picked":["Sozu","Fusion Hammer"],"picked":"SlaversCollar"},{"not_picked":["Pandora\u0027s Box","Busted Crown"],"picked":"Tiny House"}],"items_purged_floors":[13,31],"is_endless":false,"potions_floor_spawned":[1,5,10,12,14,16,18,22,24,28,29,33,39,54],"killed_by":"The Heart","ascension_level":1}}