{"host":"uxq2rly8rxtwffuf","time":1610619387,"event":{"mods":["BaseMod","Koishi","Minty Spire (QoL Compilation)","StSLib","The Servant 0.9.4"],"gold_per_floor":[19,29,41,41,57,87,97,97,120,178,178,178],"floor_reached":11,"language":"ENG","playtime":510,"items_purged":[],"score":120,"play_id":"d47583df-8485-4454-ad2e-7ae58934ba73","local_time":"20210114131627","is_ascension_mode":true,"campfire_choices":[{"floor":8,"key":"REST"}],"circlet_count":0,"master_deck":["AscendersBane","Strike_G","Strike_G","Strike_G","Strike_G","Strike_G","Defend_G","Defend_G","Defend_G","Defend_G","Defend_G","Survivor","Neutralize","Accuracy","Deflect","Blade Dance","Calculated Gamble","Finisher","Underhanded Strike"],"relics":["Ring of the Snake","Unceasing Top","Blue Candle","Lantern"],"acts_visited":["Exordium"],"potions_floor_usage":[2],"damage_taken":[{"damage":6,"enemies":"Small Slimes","floor":1,"turns":5},{"damage":0,"enemies":"2 Louse","floor":2,"turns":3},{"damage":4,"enemies":"Jaw Worm","floor":3,"turns":7},{"damage":1,"enemies":"Looter","floor":5,"turns":4},{"damage":28,"enemies":"3 Sentries","floor":6,"turns":11},{"damage":19,"enemies":"Exordium Thugs","floor":7,"turns":8},{"damage":19,"enemies":"3 Sentries","floor":10,"turns":9},{"damage":7,"enemies":"Lagavulin","floor":11,"turns":2}],"seed_played":"-368657655243413390","potions_obtained":[{"floor":1,"key":"SpeedPotion"},{"floor":6,"key":"Explosive Potion"}],"is_trial":false,"path_per_floor":["M","M","M","$","M","E","M","R","T","?","E"],"character_chosen":"THE_SILENT","items_purchased":[],"campfire_rested":1,"item_purchase_floors":[],"current_hp_per_floor":[57,57,53,53,52,24,5,26,26,7,0,0],"gold":178,"neow_bonus":"ONE_RARE_RELIC","is_daily":false,"chose_seed":false,"campfire_upgraded":0,"win_rate":0.0,"timestamp":1610619387,"path_taken":["M","M","M","$","M","E","M","R","T","?","E"],"items_purchased_type":[],"build_version":"2020-12-22","purchased_purges":0,"victory":false,"max_hp_per_floor":[70,70,70,70,70,70,70,70,70,70,70,70],"card_choices":[{"not_picked":["Calculated Gamble","Bane"],"picked":"Accuracy","floor":1},{"not_picked":["Acrobatics","Blur"],"picked":"Deflect","floor":2},{"not_picked":["Cloak And Dagger","Dodge and Roll"],"picked":"Blade Dance","floor":3},{"not_picked":["Flying Knee","Dagger Spray"],"picked":"Calculated Gamble","floor":5},{"not_picked":["Masterful Stab","Bane"],"picked":"Finisher","floor":6},{"not_picked":["Dagger Throw","Choke"],"picked":"Underhanded Strike","floor":7}],"player_experience":1404654,"relics_obtained":[{"floor":6,"key":"Blue Candle"},{"floor":10,"key":"Lantern"}],"event_choices":[{"damage_healed":0,"gold_gain":0,"player_choice":"Searched \u00272\u0027 times","damage_taken":0,"max_hp_gain":0,"max_hp_loss":0,"event_name":"Dead Adventurer","floor":10,"gold_loss":0}],"is_beta":false,"boss_relics":[],"items_purged_floors":[],"is_endless":false,"potions_floor_spawned":[1,6],"killed_by":"Lagavulin","ascension_level":12}}