{"host":"ttgbaqegq96hv5uv","time":1610588128,"event":{"mods":["2.2 Compatiblity","AchievementEnabler","Aspiration","BaseMod","Beaked The Cultist","Better Synergies","Better Vampires","BetterRewards","ChefMod","Clawfect","Colored Map","Colored Powertips","Conspire","Defuse TimeMaze Blight","Displayed Cursed Tome","Emptier Cage","Friendly Minions","Gold Saver","GungeonMod","Hermit","Hubris","Infinite Spire","JesterMod","Marked Mod","Minty Spire (QoL Compilation)","Poor People Problems","QueenMod","Relic Stats","Replay The Spire","Robot Space Explorer","Shop Mod","Spicy Shops","StSLib","The Blackbeard","The Cursed","The Dragon Tamer","The Factory","The Marked","The Mystic","TheHero","TheVacant","egg"],"gold_per_floor":[831,831,856,856,346,377,265,265,265,265,288,307,307,324,324,436,486,509,539,259,259,275,275,303,303,303,324,369,390,433,462,462,470,470],"floor_reached":33,"language":"ENG","playtime":1889,"items_purged":["theMarked:Strike"],"score":319,"play_id":"92fa4c70-13ea-41a8-b2fd-eca1aff8e769","local_time":"20210114013528","is_ascension_mode":false,"campfire_choices":[{"data":"infinitespire:Collect","floor":8,"key":"SMITH"},{"data":"theMarked:MysticalArsenal","floor":10,"key":"SMITH"},{"data":"theMarked:ParalyzingBlade","floor":15,"key":"SMITH"},{"data":"theMarked:Levitate","floor":23,"key":"SMITH"},{"floor":25,"key":"REST"},{"floor":32,"key":"REST"}],"circlet_count":0,"master_deck":["theMarked:Strike","theMarked:Strike","theMarked:Strike","theMarked:Strike","theMarked:Defend","theMarked:Defend","theMarked:Defend","theMarked:Defend","theMarked:SoldierOfQuellstein","theMarked:EmpowerWeapon","infinitespire:Collect+1","theMarked:ParalyzingBlade+1","theMarked:ContemptForTheProud","theMarked:MysticalArsenal+1","theMarked:WardOff","theMarked:ChainLightning","theMarked:ChainLightning","theMarked:ElementalBlade+1","theMarked:BindingBlade","theMarked:Levitate+1","theMarked:FavorableWinds","theMarked:DeterminationOfTheMarked+1","theMarked:BanishingStrike"],"relics":["theMarked:ArtifactOfAir","Replay:Bandana","Toolbox","Torii","TungstenRod","DemoMod:MeltedRock","hubris:DisguiseKit","Tiny House","Strange Spoon","hubris:MysteriousPyramids","Juzu Bracelet","Red Mask"],"acts_visited":["Exordium","TheCity"],"potions_floor_usage":[28,29,29,29,29,30],"damage_taken":[{"damage":5,"enemies":"Jaw Worm","floor":1,"turns":4},{"damage":2,"enemies":"Small Slimes","floor":3,"turns":3},{"damage":13,"enemies":"3 Sentries","floor":6,"turns":7},{"damage":0,"enemies":"2 Louse","floor":11,"turns":3},{"damage":0,"enemies":"Looter","floor":12,"turns":2},{"damage":0,"enemies":"Gremlin Gang","floor":14,"turns":1},{"damage":0,"enemies":"Hexaghost","floor":16,"turns":8},{"damage":17,"enemies":"Spheric Guardian","floor":18,"turns":4},{"damage":0,"enemies":"Chosen","floor":19,"turns":4},{"damage":6,"enemies":"Snake Plant","floor":22,"turns":4},{"damage":15,"enemies":"3 Cultists","floor":24,"turns":4},{"damage":11,"enemies":"Shelled Parasite and Fungi","floor":27,"turns":4},{"damage":21,"enemies":"Gremlin Leader","floor":28,"turns":6},{"damage":6,"enemies":"Snake Plant","floor":29,"turns":2},{"damage":0,"enemies":"Masked Bandits","floor":30,"turns":3},{"damage":0,"enemies":"Snecko","floor":31,"turns":3},{"damage":45,"enemies":"Champ","floor":33,"turns":7}],"seed_played":"254944813305767023","potions_obtained":[{"floor":3,"key":"SteroidPotion"},{"floor":12,"key":"Dexterity Potion"},{"floor":16,"key":"Block Potion"},{"floor":28,"key":"EntropicBrew"},{"floor":29,"key":"Explosive Potion"},{"floor":31,"key":"SteroidPotion"}],"is_trial":false,"path_per_floor":["M","?","M","?","$","E","$","R","T","R","M","M","?","M","R","B",null,"M","M","$","?","M","R","M","R","T","M","E","M","?","M","R","B"],"character_chosen":"THE_DEFAULT","items_purchased":["Toolbox","Torii","theMarked:ContemptForTheProud","theMarked:MysticalArsenal","theMarked:ChainLightning","Strange Spoon","theMarked:Levitate"],"campfire_rested":2,"item_purchase_floors":[5,5,5,5,7,20,20],"current_hp_per_floor":[65,48,46,53,53,40,40,40,40,40,40,40,40,40,40,40,75,58,58,58,58,52,52,37,59,59,48,27,21,21,21,43,0,0],"gold":470,"neow_bonus":"RANDOM_COMMON_RELIC","is_daily":false,"chose_seed":false,"campfire_upgraded":4,"win_rate":0.0,"timestamp":1610588128,"path_taken":["M","?","M","?","$","E","$","R","T","R","M","M","?","M","R","BOSS","M","M","$","?","M","R","M","R","T","M","E","M","?","M","R","BOSS"],"items_purchased_type":["Relic","Relic","Card","Card","Card","Relic","Card"],"build_version":"2020-12-22","purchased_purges":1,"victory":false,"max_hp_per_floor":[70,70,70,70,70,70,70,70,70,70,70,70,70,70,70,70,75,75,75,75,75,75,75,75,75,75,75,75,75,75,75,75,75,75],"relic_stats":{"Strange Spoon":[17],"Torii":62,"counters":[17,69],"Juzu Bracelet":0,"obtain_stats":[{"hubris:DisguiseKit":13,"Tiny House":17,"Torii":5,"DemoMod:GlassGuonStoneRelic":3,"Juzu Bracelet":28,"hubris:MysteriousPyramids":26,"theMarked:ArtifactOfAir":0,"Strange Spoon":20,"Replay:Bandana":0,"Toolbox":5,"DemoMod:MeltedRock":9,"Red Mask":30,"TungstenRod":6},{"hubris:DisguiseKit":5,"Tiny House":7,"Torii":2,"DemoMod:GlassGuonStoneRelic":2,"Juzu Bracelet":13,"hubris:MysteriousPyramids":11,"theMarked:ArtifactOfAir":0,"Strange Spoon":9,"Replay:Bandana":0,"Toolbox":2,"DemoMod:MeltedRock":3,"Red Mask":15,"TungstenRod":3},{"hubris:DisguiseKit":19,"Tiny House":28,"Torii":7,"DemoMod:GlassGuonStoneRelic":7,"Juzu Bracelet":54,"hubris:MysteriousPyramids":44,"theMarked:ArtifactOfAir":0,"Strange Spoon":36,"Replay:Bandana":0,"Toolbox":7,"DemoMod:MeltedRock":14,"Red Mask":59,"TungstenRod":14}],"TungstenRod":40},"card_choices":[{"not_picked":["theMarked:ChainLightning","theMarked:AttractMetal"],"picked":"theMarked:EmpowerWeapon","floor":1},{"not_picked":["infinitespire:SevenWalls","ReplayTheSpireMod:Black Plague"],"picked":"infinitespire:Collect","floor":2},{"not_picked":["theMarked:ElectricStrings","theMarked:Static"],"picked":"theMarked:ParalyzingBlade","floor":3},{"not_picked":["theMarked:AttractMetal","theMarked:Parry"],"picked":"theMarked:WardOff","floor":6},{"not_picked":["theMarked:Aftermath","theMarked:HeightenedSenses","theMarked:Panic"],"picked":"SKIP","floor":11},{"not_picked":["theMarked:TakeOffHeels","theMarked:Overcharge"],"picked":"theMarked:ElementalBlade","floor":12},{"not_picked":["theMarked:SelfDefenseTraining","theMarked:Parkour","theMarked:WastefulDefense","SignatureMove"],"picked":"SKIP","floor":14},{"not_picked":["theMarked:MagicAdept","theMarked:ThrowWeapon","Omniscience"],"picked":"theMarked:BindingBlade","floor":16},{"not_picked":["theMarked:Parkour","theMarked:LightningStrikesTwice","theMarked:MaelstromOfLightning+1","Fasting2"],"picked":"SKIP","floor":18},{"not_picked":["theMarked:StartUp","theMarked:WastefulAttack","theMarked:EnhanceMovement","Alpha"],"picked":"SKIP","floor":19},{"not_picked":["theMarked:PowerFlow","theMarked:Static+1","Prostrate"],"picked":"theMarked:FavorableWinds","floor":22},{"not_picked":["theMarked:SelfDefenseTraining","theMarked:Generate+1","theMarked:TwofoldDefense","WheelKick"],"picked":"SKIP","floor":24},{"not_picked":["theMarked:Improvise","theMarked:Static","theMarked:TwofoldDefense","Wallop"],"picked":"SKIP","floor":27},{"not_picked":["theMarked:LightningStrikesTwice","theMarked:SwordAndMagic","Replay:AtTheReady"],"picked":"theMarked:DeterminationOfTheMarked+1","floor":28},{"not_picked":["theMarked:WastefulAttack","theMarked:ParalyzingBlade","theMarked:PowerFlow","Replay:DivineShield"],"picked":"SKIP","floor":29},{"not_picked":["theMarked:HeightenedSenses","theMarked:Static+1","FollowUp"],"picked":"theMarked:BanishingStrike","floor":31}],"player_experience":644707,"relics_obtained":[{"floor":6,"key":"TungstenRod"},{"floor":9,"key":"DemoMod:MeltedRock"},{"floor":26,"key":"hubris:MysteriousPyramids"},{"floor":28,"key":"Juzu Bracelet"},{"floor":30,"key":"Red Mask"}],"event_choices":[{"damage_healed":0,"gold_gain":0,"player_choice":"Ignored","damage_taken":0,"max_hp_gain":0,"max_hp_loss":0,"event_name":"Ghosts","floor":21,"gold_loss":0},{"damage_healed":0,"gold_gain":0,"player_choice":"Fought Bandits","damage_taken":0,"max_hp_gain":0,"max_hp_loss":0,"event_name":"Masked Bandits","floor":30,"gold_loss":0}],"is_beta":false,"boss_relics":[{"not_picked":["Coffee Dripper","jesterMod:MachoBrace"],"picked":"Tiny House"}],"items_purged_floors":[7],"is_endless":false,"potions_floor_spawned":[3,12,16,27,28,29,31],"killed_by":"Champ","ascension_level":0}}