{"host":"2fgwwnzqc97k7iys","time":1610643265,"event":{"mods":["BaseMod","Colored Map","Minty Spire (QoL Compilation)","Quick Restart","Relic Stats"],"gold_per_floor":[110,123,123,147,168,168,168,206,232,272,272,272,286,322,322,445,445,470,470,470],"floor_reached":19,"language":"ENG","playtime":961,"items_purged":[],"score":307,"play_id":"97a4e8d4-9178-456e-affa-f24edca40dc9","local_time":"20210114105425","is_ascension_mode":true,"campfire_choices":[{"data":"Immolate","floor":6,"key":"SMITH"},{"data":"Flame Barrier","floor":11,"key":"SMITH"},{"data":"Shrug It Off","floor":15,"key":"SMITH"}],"circlet_count":0,"master_deck":["Strike_R","Strike_R","Strike_R","Strike_R","Strike_R","Defend_R+1","Defend_R","Defend_R","Defend_R","Bash","Immolate+1","Headbutt","Seeing Red","True Grit+1","Shrug It Off+1","Flame Barrier+1","Spot Weakness","Double Tap"],"relics":["Burning Blood","Golden Idol","Strawberry","Toy Ornithopter","War Paint","White Beast Statue","SacredBark"],"acts_visited":["Exordium","TheCity"],"potions_floor_usage":[14,16],"damage_taken":[{"damage":0,"enemies":"2 Louse","floor":1,"turns":1},{"damage":12,"enemies":"Jaw Worm","floor":2,"turns":2},{"damage":3,"enemies":"Small Slimes","floor":4,"turns":2},{"damage":15,"enemies":"2 Fungi Beasts","floor":5,"turns":3},{"damage":26,"enemies":"Gremlin Nob","floor":8,"turns":4},{"damage":28,"enemies":"Lagavulin","floor":10,"turns":8},{"damage":0,"enemies":"Large Slime","floor":13,"turns":4},{"damage":0,"enemies":"3 Sentries","floor":14,"turns":3},{"damage":2,"enemies":"Slime Boss","floor":16,"turns":8},{"damage":14,"enemies":"Spheric Guardian","floor":18,"turns":6},{"damage":0,"enemies":"Chosen","floor":19,"turns":3}],"seed_played":"-721635541445326533","potions_obtained":[{"floor":2,"key":"BlessingOfTheForge"},{"floor":4,"key":"SkillPotion"},{"floor":10,"key":"Ancient Potion"},{"floor":13,"key":"Fire Potion"},{"floor":16,"key":"Regen Potion"},{"floor":18,"key":"HeartOfIron"}],"is_trial":false,"path_per_floor":["M","M","?","M","M","R","?","E","T","E","R","?","M","E","R","B",null,"M","M"],"character_chosen":"IRONCLAD","items_purchased":[],"campfire_rested":0,"item_purchase_floors":[],"current_hp_per_floor":[78,72,52,55,46,46,46,33,33,11,11,40,46,57,57,66,82,74,74,74],"gold":470,"neow_bonus":"ONE_RANDOM_RARE_CARD","is_daily":false,"chose_seed":false,"campfire_upgraded":3,"win_rate":0.0,"timestamp":1610643265,"path_taken":["M","M","?","M","M","R","?","E","T","E","R","?","M","E","R","BOSS","M","M"],"items_purchased_type":[],"build_version":"2020-12-22","purchased_purges":0,"victory":false,"max_hp_per_floor":[80,80,80,80,80,80,80,87,87,87,87,87,87,87,87,87,87,87,87,87],"relic_stats":{"counters":[11,44],"Golden Idol":65,"War Paint":["Defend_R","True Grit"],"obtain_stats":[{"Golden Idol":3,"Strawberry":8,"SacredBark":17,"War Paint":10,"Burning Blood":0,"Toy Ornithopter":9,"White Beast Statue":14},{"Golden Idol":2,"Strawberry":5,"SacredBark":9,"War Paint":6,"Burning Blood":0,"Toy Ornithopter":5,"White Beast Statue":8},{"Golden Idol":3,"Strawberry":12,"SacredBark":35,"War Paint":20,"Burning Blood":0,"Toy Ornithopter":12,"White Beast Statue":27}],"Burning Blood":60,"Toy Ornithopter":10},"card_choices":[{"not_picked":["Perfected Strike","Thunderclap"],"picked":"Headbutt","floor":1},{"not_picked":["Combust","Headbutt","Body Slam"],"picked":"SKIP","floor":2},{"not_picked":["Second Wind","Perfected Strike"],"picked":"Seeing Red","floor":4},{"not_picked":["Perfected Strike","Entrench"],"picked":"True Grit","floor":5},{"not_picked":["Metallicize","Sentinel"],"picked":"Shrug It Off","floor":8},{"not_picked":["Whirlwind","Warcry"],"picked":"Flame Barrier","floor":10},{"not_picked":["Warcry","Clash","Limit Break"],"picked":"SKIP","floor":13},{"not_picked":["True Grit","Rage"],"picked":"Spot Weakness","floor":14},{"not_picked":["Brutality","Feed"],"picked":"Double Tap","floor":16},{"not_picked":["Sword Boomerang","Cleave","Clothesline"],"picked":"SKIP","floor":18}],"player_experience":468621,"relics_obtained":[{"floor":8,"key":"Strawberry"},{"floor":9,"key":"Toy Ornithopter"},{"floor":10,"key":"War Paint"},{"floor":14,"key":"White Beast Statue"}],"event_choices":[{"damage_healed":0,"gold_gain":0,"player_choice":"Take Damage","damage_taken":20,"relics_obtained":["Golden Idol"],"max_hp_gain":0,"max_hp_loss":0,"event_name":"Golden Idol","floor":3,"gold_loss":0},{"damage_healed":0,"gold_gain":0,"player_choice":"Fled","damage_taken":0,"max_hp_gain":0,"max_hp_loss":0,"event_name":"Scrap Ooze","floor":7,"gold_loss":0},{"damage_healed":29,"gold_gain":0,"player_choice":"Banana","damage_taken":0,"max_hp_gain":0,"max_hp_loss":0,"event_name":"Big Fish","floor":12,"gold_loss":0}],"is_beta":false,"boss_relics":[{"not_picked":["Philosopher\u0027s Stone","Mark of Pain"],"picked":"SacredBark"}],"items_purged_floors":[],"is_endless":false,"potions_floor_spawned":[2,4,10,13,16,18],"killed_by":"Chosen","ascension_level":9}}