{"host":"3h5qf14xt40jhha0","time":1610601308,"event":{"mods":["AlwaysNeverKeys","BaseMod","Colored Powertips","Minty Spire (QoL Compilation)","Permanent Neow","Relic Stats","StSLib"],"gold_per_floor":[367,385,24,24,36,36,69,89,134,134,134,152,188,188,188,282,282,296,296,322,322,322,350,350,377,377,377,392,427,427,454,454,531,531,543,543,286,318,365,398,398,398,398],"floor_reached":42,"language":"ENG","playtime":1888,"items_purged":["Pain","Shame"],"score":1216,"play_id":"f279130e-ffbc-464c-b956-ec78eeec9894","local_time":"20210114001508","is_ascension_mode":true,"campfire_choices":[{"data":"Bouncing Flask","floor":6.0,"key":"SMITH"},{"data":"Poisoned Stab","floor":10.0,"key":"SMITH"},{"floor":15.0,"key":"REST"},{"data":"Footwork","floor":24.0,"key":"SMITH"},{"data":"Neutralize","floor":27.0,"key":"SMITH"},{"data":"Calculated Gamble","floor":32.0,"key":"SMITH"},{"data":"Backflip","floor":41,"key":"SMITH"}],"circlet_count":0,"master_deck":["AscendersBane","Strike_G","Strike_G","Defend_G","Defend_G","Defend_G","Defend_G","Defend_G","Survivor","Neutralize+1","Bouncing Flask+1","Calculated Gamble+1","Poisoned Stab+1","Deadly Poison","Adrenaline","Corpse Explosion","Decay","Footwork+1","Bouncing Flask+1","Backflip+1","Caltrops"],"relics":["Ring of the Snake","HornCleat","Gremlin Horn","Juzu Bracelet","Bloody Idol","Happy Flower","Toy Ornithopter","Cursed Key","Mummified Hand","Pear","Incense Burner","Ornamental Fan","Strawberry","Coffee Dripper","Toolbox","StoneCalendar","Sundial"],"acts_visited":["Exordium","TheCity","TheBeyond"],"potions_floor_usage":[39,42],"damage_taken":[{"damage":10.0,"enemies":"Jaw Worm","floor":1.0,"turns":6.0},{"damage":5.0,"enemies":"2 Louse","floor":2.0,"turns":5.0},{"damage":0.0,"enemies":"Small Slimes","floor":5.0,"turns":3.0},{"damage":26.0,"enemies":"3 Sentries","floor":7.0,"turns":11.0},{"damage":0.0,"enemies":"Red Slaver","floor":8.0,"turns":3.0},{"damage":0.0,"enemies":"Gremlin Gang","floor":12.0,"turns":5.0},{"damage":0.0,"enemies":"Gremlin Nob","floor":13.0,"turns":3.0},{"damage":18.0,"enemies":"The Guardian","floor":16.0,"turns":10.0},{"damage":3.0,"enemies":"Chosen","floor":18.0,"turns":4.0},{"damage":0.0,"enemies":"Slavers","floor":23.0,"turns":3.0},{"damage":26.0,"enemies":"Book of Stabbing","floor":25.0,"turns":4.0},{"damage":12.0,"enemies":"3 Byrds","floor":28.0,"turns":2.0},{"damage":16.0,"enemies":"Slavers","floor":29.0,"turns":3.0},{"damage":0.0,"enemies":"Gremlin Leader","floor":31.0,"turns":5.0},{"damage":56,"enemies":"Champ","floor":33,"turns":11},{"damage":20,"enemies":"3 Darklings","floor":35,"turns":3},{"damage":0,"enemies":"Orb Walker","floor":38,"turns":4},{"damage":4,"enemies":"2 Orb Walkers","floor":39,"turns":3},{"damage":41,"enemies":"Nemesis","floor":40,"turns":7},{"damage":44,"enemies":"Giant Head","floor":42,"turns":6}],"seed_played":"-8430826607666156075","potions_obtained":[{"floor":2.0,"key":"Weak Potion"},{"floor":7.0,"key":"DistilledChaos"},{"floor":16.0,"key":"GhostInAJar"},{"floor":18.0,"key":"LiquidBronze"},{"floor":28.0,"key":"Regen Potion"},{"floor":29.0,"key":"AttackPotion"},{"floor":33,"key":"CunningPotion"},{"floor":39,"key":"Fire Potion"}],"is_trial":false,"path_per_floor":["M","M","$","?","M","R","E","M","T","R","?","M","E","T","R","B",null,"M","?","T","?","?","E","R","E","T","R","M","E","?","E","R","B",null,"M","?","$","M","?","E","R","E"],"character_chosen":"THE_SILENT","items_purchased":["HornCleat","Toolbox"],"campfire_rested":1,"item_purchase_floors":[3,37],"current_hp_per_floor":[49,44,44,37,37,37,11,11,11,11,11,11,11,11,29,11,48,45,45,50,50,50,60,60,49,49,49,42,31,31,68,68,17,62,47,47,47,57,63,27,27,0,0],"gold":398,"neow_bonus":"TWO_FIFTY_GOLD","is_daily":false,"chose_seed":false,"campfire_upgraded":6,"win_rate":0.0,"timestamp":1610601308,"path_taken":["M","M","$","?","M","R","E","M","T","R","?","M","E","?","R","BOSS","M","?","?","?","?","E","R","E","T","R","M","E","?","E","R","BOSS","M","?","$","M","?","E","R","E"],"items_purchased_type":["Relic","Relic"],"build_version":"2020-12-22","purchased_purges":2,"victory":false,"max_hp_per_floor":[66,66,66,66,66,66,66,66,66,66,60,60,60,60,60,60,60,60,60,60,60,60,60,60,70,70,70,70,70,70,77,77,77,77,77,77,77,77,77,77,77,77,77],"relic_stats":{"Gremlin Horn":[8,8],"Happy Flower":[21],"counters":[20,101],"StoneCalendar":[48],"Juzu Bracelet":2,"Cursed Key":2,"Mummified Hand":[17],"Ornamental Fan":[24],"Sundial":[0],"Bloody Idol":60,"obtain_stats":[{"Pear":25,"Gremlin Horn":7,"Happy Flower":13,"Golden Idol":11,"StoneCalendar":39,"Juzu Bracelet":9,"Incense Burner":26,"Cursed Key":17,"HornCleat":3,"Mummified Hand":23,"Ornamental Fan":29,"Sundial":40,"Bloody Idol":19,"Strawberry":31,"Toolbox":37,"Coffee Dripper":34,"Toy Ornithopter":14,"Ring of the Snake":0},{"Pear":11,"Gremlin Horn":4,"Happy Flower":7,"Golden Idol":5,"StoneCalendar":18,"Juzu Bracelet":5,"Incense Burner":11,"Cursed Key":8,"HornCleat":2,"Mummified Hand":10,"Ornamental Fan":13,"Sundial":19,"Bloody Idol":9,"Strawberry":14,"Toolbox":16,"Coffee Dripper":15,"Toy Ornithopter":7,"Ring of the Snake":0},{"Pear":57,"Gremlin Horn":25,"Happy Flower":36,"Golden Idol":28,"StoneCalendar":88,"Juzu Bracelet":28,"Incense Burner":57,"Cursed Key":46,"HornCleat":11,"Mummified Hand":53,"Ornamental Fan":62,"Sundial":95,"Bloody Idol":50,"Strawberry":67,"Toolbox":81,"Coffee Dripper":78,"Toy Ornithopter":36,"Ring of the Snake":0}],"Toy Ornithopter":25,"Ring of the Snake":[40]},"card_choices":[{"not_picked":["Riddle With Holes","Outmaneuver"],"picked":"Bouncing Flask","floor":1.0},{"not_picked":["Eviscerate","Skewer"],"picked":"Calculated Gamble","floor":2.0},{"not_picked":["Dagger Spray","Backflip"],"picked":"Poisoned Stab","floor":5.0},{"not_picked":["Blade Dance","Tactician"],"picked":"Deadly Poison","floor":7.0},{"not_picked":["Blur","Deadly Poison"],"picked":"Adrenaline","floor":8.0},{"not_picked":["Flying Knee","Poisoned Stab","Prepared"],"picked":"SKIP","floor":12.0},{"not_picked":["Flying Knee","Poisoned Stab","Prepared"],"picked":"SKIP","floor":12.0},{"not_picked":["Caltrops","Tactician","Eviscerate"],"picked":"SKIP","floor":13.0},{"not_picked":["Envenom","Die Die Die"],"picked":"Corpse Explosion","floor":16.0},{"not_picked":["Slice","Skewer","Dagger Spray"],"picked":"SKIP","floor":18.0},{"not_picked":["Bane","After Image"],"picked":"Footwork","floor":23.0},{"not_picked":["Underhanded Strike","Masterful Stab"],"picked":"Bouncing Flask+1","floor":25.0},{"not_picked":["Deflect+1","Dagger Throw"],"picked":"Backflip","floor":28.0},{"not_picked":["Flying Knee","Dagger Spray+1"],"picked":"Caltrops","floor":29.0},{"not_picked":["Bane","Poisoned Stab","Outmaneuver"],"picked":"SKIP","floor":31.0},{"not_picked":["Outmaneuver","Slice","Finisher"],"picked":"SKIP","floor":35},{"not_picked":["Blade Dance","Slice","Expertise"],"picked":"SKIP","floor":38},{"not_picked":["Underhanded Strike","Outmaneuver","Accuracy+1"],"picked":"SKIP","floor":40}],"player_experience":1335785,"relics_obtained":[{"floor":7.0,"key":"Gremlin Horn"},{"floor":9.0,"key":"Juzu Bracelet"},{"floor":13.0,"key":"Happy Flower"},{"floor":14.0,"key":"Toy Ornithopter"},{"floor":23.0,"key":"Mummified Hand"},{"floor":25.0,"key":"Pear"},{"floor":26.0,"key":"Incense Burner"},{"floor":29.0,"key":"Ornamental Fan"},{"floor":31.0,"key":"Strawberry"},{"floor":39,"key":"StoneCalendar"},{"floor":40,"key":"Sundial"}],"event_choices":[{"cards_removed":["Strike_G"],"damage_healed":0.0,"max_hp_gain":0.0,"max_hp_loss":0.0,"gold_gain":0.0,"event_name":"Golden Wing","player_choice":"Card Removal","floor":4.0,"gold_loss":0.0,"damage_taken":7.0},{"damage_healed":0.0,"max_hp_gain":0.0,"max_hp_loss":6.0,"gold_gain":0.0,"event_name":"Golden Idol","player_choice":"Lose Max HP","floor":11.0,"gold_loss":0.0,"damage_taken":0.0,"relics_obtained":["Golden Idol"]},{"damage_healed":0.0,"max_hp_gain":0.0,"max_hp_loss":0.0,"gold_gain":0.0,"event_name":"Forgotten Altar","player_choice":"Gave Idol","floor":19.0,"relics_lost":["Golden Idol"],"gold_loss":0.0,"damage_taken":0.0,"relics_obtained":["Bloody Idol"]},{"damage_healed":0.0,"max_hp_gain":0.0,"max_hp_loss":0.0,"gold_gain":0.0,"event_name":"Match and Keep!","player_choice":"0 cards matched","floor":21.0,"gold_loss":0.0,"damage_taken":0.0,"cards_obtained":[]},{"cards_removed":["Strike_G"],"damage_healed":0.0,"max_hp_gain":0.0,"max_hp_loss":0.0,"gold_gain":0.0,"event_name":"Purifier","player_choice":"Purged","floor":22.0,"gold_loss":0.0,"damage_taken":0.0},{"damage_healed":0.0,"max_hp_gain":0.0,"max_hp_loss":0.0,"gold_gain":0.0,"event_name":"Cursed Tome","player_choice":"Ignored","floor":30.0,"gold_loss":0.0,"damage_taken":0.0},{"cards_removed":["Strike_G"],"damage_healed":0,"gold_gain":0,"player_choice":"Removed Attack","damage_taken":0,"max_hp_gain":0,"max_hp_loss":0,"event_name":"Falling","floor":36,"gold_loss":0},{"damage_healed":0,"gold_gain":0,"player_choice":"Fight","damage_taken":0,"max_hp_gain":0,"max_hp_loss":0,"event_name":"Mysterious Sphere","floor":39,"gold_loss":0}],"is_beta":false,"boss_relics":[{"not_picked":["Ring of the Serpent","Empty Cage"],"picked":"Cursed Key"},{"not_picked":["Calling Bell","SacredBark"],"picked":"Coffee Dripper"}],"items_purged_floors":[3,37],"is_endless":false,"potions_floor_spawned":[2,7,16,18,28,29,33,39],"killed_by":"Giant Head","ascension_level":20}}