{"host":"q9718omregw4er46","time":1610634767,"event":{"mods":["BaseMod","Bestiary","Colored Powertips","Minty Spire (QoL Compilation)","Quick Restart","Relic Stats"],"gold_per_floor":[117,117,37,54,28,28,53,69,69,102,122,133,162,176,176,252,252,270,270,282,332,332,364,376,376,401,429,429,429,429],"floor_reached":29,"language":"ENG","playtime":1023,"items_purged":[],"score":616,"play_id":"4fc087a2-03e0-4c4f-80a1-a71e96db4a15","local_time":"20210114193247","is_ascension_mode":true,"campfire_choices":[{"data":"Compile Driver","floor":6,"key":"SMITH"},{"data":"Go for the Eyes","floor":15,"key":"SMITH"},{"floor":25,"key":"REST"}],"circlet_count":0,"master_deck":["AscendersBane","Strike_B","Strike_B","Strike_B","Strike_B","Defend_B","Defend_B","Defend_B","Defend_B","Zap","Dualcast","Glacier","Rebound","Compile Driver+1","Melter","Doom and Gloom","FTL","Genetic Algorithm","Reboot","Go for the Eyes+1","Biased Cognition","Seek","Recycle","Ghostly","Ghostly","Ghostly"],"relics":["Cracked Core","NeowsBlessing","Emotion Chip","Pear","Ornamental Fan","CaptainsWheel","Happy Flower","Nuclear Battery","Dead Branch","Toy Ornithopter","Potion Belt"],"acts_visited":["Exordium","TheCity"],"potions_floor_usage":[10,13,27],"damage_taken":[{"damage":0,"enemies":"Small Slimes","floor":1,"turns":1},{"damage":0,"enemies":"Cultist","floor":4,"turns":1},{"damage":0,"enemies":"Gremlin Nob","floor":7,"turns":1},{"damage":1,"enemies":"Jaw Worm","floor":8,"turns":3},{"damage":19,"enemies":"Lagavulin","floor":10,"turns":6},{"damage":2,"enemies":"Exordium Wildlife","floor":11,"turns":3},{"damage":0,"enemies":"Looter","floor":12,"turns":3},{"damage":6,"enemies":"Gremlin Nob","floor":13,"turns":3},{"damage":9,"enemies":"Exordium Thugs","floor":14,"turns":5},{"damage":8,"enemies":"The Guardian","floor":16,"turns":14},{"damage":5,"enemies":"Shell Parasite","floor":18,"turns":4},{"damage":9,"enemies":"Chosen","floor":20,"turns":5},{"damage":12,"enemies":"Gremlin Leader","floor":23,"turns":8},{"damage":4,"enemies":"Centurion and Healer","floor":24,"turns":6},{"damage":28,"enemies":"Slavers","floor":27,"turns":3}],"seed_played":"-8767908312662765702","potions_obtained":[{"floor":7,"key":"DuplicationPotion"},{"floor":8,"key":"SneckoOil"},{"floor":11,"key":"Energy Potion"},{"floor":13,"key":"FocusPotion"},{"floor":27,"key":"Regen Potion"}],"is_trial":false,"path_per_floor":["M","?","$","M","$","R","E","M","T","E","M","M","E","M","R","B",null,"M","?","M","?","?","E","M","R","T","E","?","$"],"character_chosen":"DEFECT","items_purchased":["Glacier","Compile Driver"],"campfire_rested":1,"item_purchase_floors":[3,5],"current_hp_per_floor":[64,64,64,64,64,64,74,73,73,54,52,52,46,37,37,29,68,63,63,54,54,31,19,15,40,40,17,17,17,17],"gold":429,"neow_bonus":"THREE_ENEMY_KILL","is_daily":false,"chose_seed":false,"campfire_upgraded":2,"win_rate":0.0,"timestamp":1610634767,"path_taken":["M","?","$","M","?","R","E","M","T","E","M","M","E","?","R","BOSS","M","?","M","?","?","E","?","R","T","E","?","?"],"items_purchased_type":["Card","Card"],"build_version":"2020-12-22","purchased_purges":0,"victory":false,"max_hp_per_floor":[71,71,71,71,71,71,81,81,81,81,81,81,81,81,81,81,81,81,81,81,81,86,86,86,86,86,86,43,43,43],"relic_stats":{"Emotion Chip":[38,13,14,5,6],"Happy Flower":[15],"counters":[15,66],"Ornamental Fan":[112],"Dead Branch":[11],"obtain_stats":[{"Potion Belt":27,"Emotion Chip":2,"CaptainsWheel":10,"Pear":7,"NeowsBlessing":0,"Happy Flower":13,"Ornamental Fan":9,"Dead Branch":23,"Cracked Core":0,"Toy Ornithopter":26,"Nuclear Battery":17},{"Potion Belt":15,"Emotion Chip":1,"CaptainsWheel":5,"Pear":3,"NeowsBlessing":0,"Happy Flower":8,"Ornamental Fan":4,"Dead Branch":13,"Cracked Core":0,"Toy Ornithopter":14,"Nuclear Battery":10},{"Potion Belt":66,"Emotion Chip":1,"CaptainsWheel":12,"Pear":3,"NeowsBlessing":0,"Happy Flower":21,"Ornamental Fan":6,"Dead Branch":57,"Cracked Core":0,"Toy Ornithopter":63,"Nuclear Battery":40}],"Toy Ornithopter":5},"card_choices":[{"not_picked":["Stack","Turbo"],"picked":"Cold Snap","floor":1},{"not_picked":["Blizzard","Steam"],"picked":"Rebound","floor":4},{"not_picked":["Turbo","Consume"],"picked":"Melter","floor":7},{"not_picked":["Compile Driver","Rebound","Melter"],"picked":"SKIP","floor":8},{"not_picked":["Consume","Barrage"],"picked":"Doom and Gloom","floor":10},{"not_picked":["Turbo","Leap"],"picked":"FTL","floor":11},{"not_picked":["Self Repair","Streamline"],"picked":"Genetic Algorithm","floor":12},{"not_picked":["Leap","Static Discharge"],"picked":"Reboot","floor":13},{"not_picked":["Streamline","Double Energy"],"picked":"Go for the Eyes","floor":14},{"not_picked":["Amplify","All For One"],"picked":"Biased Cognition","floor":16},{"not_picked":["Turbo","Consume","Darkness"],"picked":"SKIP","floor":18},{"not_picked":["Beam Cell","Hello World","Double Energy"],"picked":"SKIP","floor":20},{"not_picked":["Auto Shields","Storm"],"picked":"Seek","floor":23},{"not_picked":["Darkness","Aggregate"],"picked":"Recycle","floor":24},{"not_picked":["Steam","Cold Snap","Consume"],"picked":"SKIP","floor":27}],"player_experience":1206112,"relics_obtained":[{"floor":7,"key":"Pear"},{"floor":9,"key":"Ornamental Fan"},{"floor":10,"key":"CaptainsWheel"},{"floor":13,"key":"Happy Flower"},{"floor":23,"key":"Dead Branch"},{"floor":26,"key":"Toy Ornithopter"},{"floor":27,"key":"Potion Belt"}],"event_choices":[{"cards_removed":["Cold Snap"],"damage_healed":0,"gold_gain":0,"player_choice":"Gave Card","damage_taken":0,"relics_obtained":["Emotion Chip"],"max_hp_gain":0,"max_hp_loss":0,"event_name":"WeMeetAgain","floor":2,"gold_loss":0},{"damage_healed":0,"gold_gain":0,"player_choice":"Ignored","damage_taken":0,"max_hp_gain":0,"max_hp_loss":0,"event_name":"The Mausoleum","floor":19,"gold_loss":0},{"damage_healed":0,"gold_gain":50,"player_choice":"Stole From Cult","damage_taken":0,"max_hp_gain":0,"max_hp_loss":0,"event_name":"Nest","floor":21,"gold_loss":0},{"damage_healed":0,"gold_gain":0,"player_choice":"Shed Blood","damage_taken":28,"max_hp_gain":5,"max_hp_loss":0,"event_name":"Forgotten Altar","floor":22,"gold_loss":0},{"damage_healed":0,"gold_gain":0,"player_choice":"Became a Ghost","damage_taken":0,"max_hp_gain":0,"max_hp_loss":43,"event_name":"Ghosts","floor":28,"gold_loss":0,"cards_obtained":["Ghostly","Ghostly","Ghostly"]}],"is_beta":false,"boss_relics":[{"not_picked":["SlaversCollar","Busted Crown"],"picked":"Nuclear Battery"}],"items_purged_floors":[],"is_endless":false,"potions_floor_spawned":[7,8,11,13,20,23,27],"ascension_level":20}}