{"host":"kqe6w2igxc79vo14","time":1610631058,"event":{"mods":["AchievementEnabler","BaseMod","Downfall","Minty Spire (QoL Compilation)","Quick Restart","StSLib"],"gold_per_floor":[15,15,28,47,47,47,47,47,93,30,54,69,69,89,89,218,218,218,218,218,218,132,132,132],"floor_reached":23,"language":"ENG","playtime":835,"items_purged":["Strike_R"],"score":284,"play_id":"7d7aaf93-a4b8-4317-b6e1-dbb8720d5583","local_time":"20210114153058","is_ascension_mode":true,"campfire_choices":[{"data":"expansioncontent:StudyTheSpire","floor":6.0,"key":"SMITH"},{"data":"Inflame","floor":15.0,"key":"SMITH"}],"circlet_count":0,"master_deck":["AscendersBane","Strike_R","Strike_R","Strike_R","Defend_R","Defend_R","Defend_R","Defend_R","Bash","expansioncontent:StudyTheSpire+1","Dual Wield","Reaper","Inflame+1","Panacea"],"relics":["Burning Blood","Golden Idol","Mercury Hourglass","MawBank","Ectoplasm"],"acts_visited":["Exordium","TheCity"],"potions_floor_usage":[],"damage_taken":[{"damage":19.0,"enemies":"Jaw Worm","floor":1.0,"turns":6.0},{"damage":7.0,"enemies":"2 Louse","floor":3.0,"turns":3.0},{"damage":1.0,"enemies":"Cultist","floor":4.0,"turns":4.0},{"damage":8.0,"enemies":"2 Fungi Beasts","floor":11.0,"turns":4.0},{"damage":23.0,"enemies":"Exordium Thugs","floor":12.0,"turns":6.0},{"damage":9.0,"enemies":"Red Slaver","floor":14.0,"turns":4.0},{"damage":36.0,"enemies":"The Guardian","floor":16.0,"turns":11.0},{"damage":10,"enemies":"Chosen","floor":18,"turns":5},{"damage":47,"enemies":"3 Byrds","floor":20,"turns":5},{"damage":38,"enemies":"Snake Plant","floor":21,"turns":4},{"damage":45,"enemies":"Gremlin Leader","floor":23,"turns":2}],"seed_played":"7447399145696623073","potions_obtained":[{"floor":3.0,"key":"hexamod:EctoCoolerPotion"},{"floor":4.0,"key":"Energy Potion"}],"is_trial":false,"path_per_floor":["M","?","M","M","?","R","T","?","T","$","M","M","?","M","R","B",null,"M","$","M","M","$","E"],"character_chosen":"IRONCLAD","items_purchased":["Panacea"],"campfire_rested":0,"item_purchase_floors":[22],"current_hp_per_floor":[59,39,38,43,43,43,43,43,43,43,49,36,36,39,39,29,67,80,80,54,32,32,0,0],"gold":132,"neow_bonus":"RANDOM_COLORLESS_2","is_daily":false,"chose_seed":false,"campfire_upgraded":2,"win_rate":0.0,"timestamp":1610631058,"path_taken":["M","?","M","M","?","R","?","?","T","?","?","M","?","M","R","BOSS","M","$","?","M","$","E"],"items_purchased_type":["Card"],"build_version":"2020-12-22","purchased_purges":1,"victory":false,"max_hp_per_floor":[80,80,80,80,80,80,80,80,80,80,80,80,80,80,80,80,80,80,80,80,80,80,80,80],"card_choices":[{"not_picked":["Magnetism","Panache"],"picked":"expansioncontent:StudyTheSpire","floor":0.0},{"not_picked":["Ghostly Armor","Shrug It Off","Clothesline"],"picked":"SKIP","floor":1.0},{"not_picked":["Clothesline","Clash"],"picked":"Dual Wield","floor":3.0},{"not_picked":["Pommel Strike","Headbutt","Wild Strike"],"picked":"SKIP","floor":4.0},{"not_picked":["Reckless Charge","Flame Barrier","Spot Weakness"],"picked":"SKIP","floor":11.0},{"not_picked":["Rampage","Sword Boomerang"],"picked":"Inflame","floor":12.0},{"not_picked":["Havoc","Warcry","Fiend Fire"],"picked":"SKIP","floor":14.0},{"not_picked":["Thunderclap","Flex","Wild Strike"],"picked":"SKIP","floor":18},{"not_picked":["True Grit+1","Power Through","Anger"],"picked":"SKIP","floor":20},{"not_picked":["Shockwave","Ghostly Armor","Inflame"],"picked":"SKIP","floor":21}],"player_experience":898663,"relics_obtained":[{"floor":7.0,"key":"Mercury Hourglass"},{"floor":9.0,"key":"MawBank"}],"event_choices":[{"damage_healed":0.0,"max_hp_gain":0.0,"max_hp_loss":0.0,"gold_gain":0.0,"event_name":"Golden Idol","player_choice":"Take Damage","floor":2.0,"gold_loss":0.0,"damage_taken":20.0,"relics_obtained":["Golden Idol"]},{"damage_healed":0.0,"max_hp_gain":0.0,"max_hp_loss":0.0,"gold_gain":0.0,"event_name":"Liars Game","player_choice":"Ignored","floor":5.0,"gold_loss":0.0,"damage_taken":0.0},{"damage_healed":0.0,"max_hp_gain":0.0,"max_hp_loss":0.0,"gold_gain":0.0,"cards_transformed":["Strike_R"],"event_name":"Living Wall","player_choice":"Change","floor":8.0,"gold_loss":0.0,"damage_taken":0.0,"cards_obtained":["Reaper"]},{"damage_healed":0.0,"max_hp_gain":0.0,"max_hp_loss":0.0,"gold_gain":0.0,"event_name":"The Woman in Blue","player_choice":"Bought 0 Potions","floor":13.0,"gold_loss":0.0,"damage_taken":0.0}],"is_beta":false,"boss_relics":[{"not_picked":["Runic Dome","Runic Cube"],"picked":"Ectoplasm"}],"items_purged_floors":[10],"is_endless":false,"potions_floor_spawned":[3,4,11],"killed_by":"Gremlin Leader","ascension_level":11}}