{"host":"xh3brefae6wm9kl8","time":1610609484,"event":{"mods":["AchievementEnabler","BaseMod","GifTheSpireLib","Keyboard Shortcuts","Minty Spire (QoL Compilation)","Permanent Neow","Relic Stats","StSLib","SuperFastMode"],"gold_per_floor":[117,117,117,117,66,102,102,127,127,167,187,187,202,226,226,226,226],"floor_reached":16,"language":"KOR","playtime":427,"items_purged":[],"score":270,"play_id":"1a7282b5-9c56-410f-8125-4d7572dd77b2","local_time":"20210114163124","is_ascension_mode":true,"campfire_choices":[{"data":"Bash","floor":7,"key":"SMITH"},{"floor":15,"key":"REST"}],"circlet_count":0,"master_deck":["AscendersBane","Strike_R","Strike_R","Strike_R","Strike_R","Strike_R","Defend_R","Defend_R","Defend_R+1","Defend_R+1","Bash+1","Inflame+1","Sword Boomerang","Pommel Strike","Whirlwind","Perfected Strike","Metallicize"],"relics":["Burning Blood","NeowsBlessing","Golden Idol","Pen Nib","The Courier","War Paint"],"acts_visited":["Exordium"],"potions_floor_usage":[13,16],"damage_taken":[{"damage":0,"enemies":"Cultist","floor":1,"turns":1},{"damage":0,"enemies":"Gremlin Nob","floor":6,"turns":1},{"damage":0,"enemies":"2 Louse","floor":8,"turns":1},{"damage":50,"enemies":"3 Sentries","floor":10,"turns":7},{"damage":7,"enemies":"Jaw Worm","floor":11,"turns":3},{"damage":6,"enemies":"3 Louse","floor":13,"turns":3},{"damage":2,"enemies":"Exordium Wildlife","floor":14,"turns":3},{"damage":41,"enemies":"The Guardian","floor":16,"turns":7}],"seed_played":"2999648419647628960","potions_obtained":[{"floor":1,"key":"SteroidPotion"},{"floor":8,"key":"Weak Potion"},{"floor":14,"key":"Ancient Potion"}],"is_trial":false,"path_per_floor":["M","?","?","?","$","E","R","M","T","E","M","$","M","M","R","B"],"character_chosen":"IRONCLAD","items_purchased":["Sword Boomerang"],"campfire_rested":1,"item_purchase_floors":[5],"current_hp_per_floor":[74,74,74,48,48,54,54,60,60,16,15,15,15,19,41,0,0],"gold":226,"neow_bonus":"THREE_ENEMY_KILL","is_daily":false,"chose_seed":false,"campfire_upgraded":1,"win_rate":0.0,"timestamp":1610609484,"path_taken":["M","?","?","?","?","E","R","M","T","E","M","$","M","M","R","BOSS"],"items_purchased_type":["Card"],"build_version":"2020-12-22","purchased_purges":0,"victory":false,"max_hp_per_floor":[75,75,75,75,75,75,75,75,75,75,75,75,75,75,75,75,75],"relic_stats":{"counters":[8,26],"Golden Idol":32,"Pen Nib":[3],"War Paint":["Defend_R","Defend_R"],"obtain_stats":[{"NeowsBlessing":0,"Golden Idol":4,"Pen Nib":6,"The Courier":9,"War Paint":10,"Burning Blood":0},{"NeowsBlessing":0,"Golden Idol":1,"Pen Nib":2,"The Courier":3,"War Paint":4,"Burning Blood":0},{"NeowsBlessing":0,"Golden Idol":1,"Pen Nib":2,"The Courier":3,"War Paint":10,"Burning Blood":0}],"Burning Blood":42},"card_choices":[{"not_picked":["Intimidate","Headbutt"],"picked":"Inflame","floor":1},{"not_picked":["Clash","Rupture"],"picked":"Pommel Strike","floor":6},{"not_picked":["Havoc","Armaments"],"picked":"Whirlwind","floor":8},{"not_picked":["Wild Strike","Anger"],"picked":"Perfected Strike","floor":10},{"not_picked":["Thunderclap","Bloodletting","Warcry"],"picked":"SKIP","floor":11},{"not_picked":["Pommel Strike","Clash"],"picked":"Metallicize","floor":13},{"not_picked":["Clash","Headbutt","Dropkick"],"picked":"SKIP","floor":14}],"player_experience":380639,"relics_obtained":[{"floor":6,"key":"Pen Nib"},{"floor":9,"key":"The Courier"},{"floor":10,"key":"War Paint"}],"event_choices":[{"damage_healed":0,"gold_gain":0,"player_choice":"Grow","damage_taken":0,"max_hp_gain":0,"max_hp_loss":0,"event_name":"Living Wall","floor":2,"gold_loss":0,"cards_upgraded":["Inflame"]},{"damage_healed":0,"gold_gain":0,"player_choice":"Ignored","damage_taken":0,"max_hp_gain":0,"max_hp_loss":0,"event_name":"Liars Game","floor":3,"gold_loss":0},{"damage_healed":0,"gold_gain":0,"player_choice":"Take Damage","damage_taken":26,"relics_obtained":["Golden Idol"],"max_hp_gain":0,"max_hp_loss":0,"event_name":"Golden Idol","floor":4,"gold_loss":0}],"is_beta":false,"boss_relics":[],"items_purged_floors":[],"is_endless":false,"potions_floor_spawned":[1,8,11,14],"killed_by":"The Guardian","ascension_level":20}}