{"host":"4ag909k4xupnj24b","time":1610603546,"event":{"mods":["BaseMod","Minty Spire (QoL Compilation)","StSLib"],"gold_per_floor":[112,112,189,199,218,249,249,278,278,278,278,23,23,4,4,4,4],"floor_reached":16,"language":"ENG","playtime":459,"items_purged":["Strike_B"],"score":203,"play_id":"1560d18d-ff5b-4172-b663-540c1c422bf4","local_time":"20210113215226","is_ascension_mode":true,"campfire_choices":[{"floor":7.0,"key":"REST"},{"floor":11,"key":"REST"},{"floor":15,"key":"REST"}],"circlet_count":0,"master_deck":["AscendersBane","Strike_B","Strike_B","Defend_B","Defend_B","Defend_B","Defend_B","Zap","Dualcast","Streamline","Conserve Battery","Gash","Sweeping Beam","Go for the Eyes","Streamline+1","Leap","Sunder+1"],"relics":["Cracked Core","NeowsBlessing","Shuriken","HornCleat","Gremlin Horn","Molten Egg 2","Membership Card"],"acts_visited":["Exordium"],"potions_floor_usage":[10,16],"damage_taken":[{"damage":0.0,"enemies":"2 Louse","floor":1.0,"turns":1.0},{"damage":0.0,"enemies":"Small Slimes","floor":4.0,"turns":1.0},{"damage":0.0,"enemies":"Jaw Worm","floor":5.0,"turns":1.0},{"damage":41.0,"enemies":"3 Sentries","floor":6.0,"turns":9.0},{"damage":35,"enemies":"Lagavulin","floor":8,"turns":6},{"damage":0,"enemies":"Gremlin Nob","floor":10,"turns":3},{"damage":49,"enemies":"Hexaghost","floor":16,"turns":11}],"seed_played":"5000381817999061733","potions_obtained":[{"floor":1.0,"key":"SmokeBomb"}],"is_trial":false,"path_per_floor":["M","?","?","M","M","E","R","E","T","E","R","$","?","$","R","B"],"character_chosen":"DEFECT","items_purchased":["Membership Card","Streamline+1","Leap","AttackPotion","Sunder+1"],"campfire_rested":3,"item_purchase_floors":[12,12,12,12,14],"current_hp_per_floor":[64,59,59,59,59,18,39,4,4,4,25,25,25,25,46,0,0],"gold":4,"neow_bonus":"THREE_ENEMY_KILL","is_daily":false,"chose_seed":false,"campfire_upgraded":0,"win_rate":0.0,"timestamp":1610603546,"path_taken":["M","?","?","M","M","E","R","E","T","E","R","$","?","?","R","BOSS"],"items_purchased_type":["Relic","Card","Card","Potion","Card"],"build_version":"2020-12-22","purchased_purges":1,"victory":false,"max_hp_per_floor":[71,71,71,71,71,71,71,71,71,71,71,71,71,71,71,71,71],"card_choices":[{"not_picked":["Undo","Steam"],"picked":"Streamline","floor":1.0},{"not_picked":["Compile Driver","Recycle"],"picked":"Conserve Battery","floor":4.0},{"not_picked":["Beam Cell","Cold Snap"],"picked":"Gash","floor":5.0},{"not_picked":["Aggregate","Multi-Cast"],"picked":"Sweeping Beam","floor":6.0},{"not_picked":["BootSequence","Sweeping Beam"],"picked":"Go for the Eyes","floor":8}],"player_experience":828794,"relics_obtained":[{"floor":6.0,"key":"HornCleat"},{"floor":8,"key":"Gremlin Horn"},{"floor":9,"key":"Molten Egg 2"}],"event_choices":[{"damage_healed":0.0,"max_hp_gain":0.0,"max_hp_loss":0.0,"gold_gain":0.0,"event_name":"Scrap Ooze","player_choice":"Success","floor":2.0,"gold_loss":0.0,"damage_taken":5.0,"relics_obtained":["Shuriken"]},{"damage_healed":0.0,"max_hp_gain":0.0,"max_hp_loss":0.0,"gold_gain":77.0,"event_name":"Golden Wing","player_choice":"Gained Gold","floor":3.0,"gold_loss":0.0,"damage_taken":0.0},{"cards_removed":["Strike_B"],"damage_healed":0,"gold_gain":0,"player_choice":"Forget","damage_taken":0,"max_hp_gain":0,"max_hp_loss":0,"event_name":"Living Wall","floor":13,"gold_loss":0}],"is_beta":false,"boss_relics":[],"items_purged_floors":[12],"is_endless":false,"potions_floor_spawned":[1],"killed_by":"Hexaghost","ascension_level":15}}