{"host":"bb5r3ba2ig485dr2","time":1610662577,"event":{"mods":["Act Like it!","BaseMod","CapriCore","Chen","Curses Come First","Gensokyo","Hallownest","Koishi","Lobotomy","LobotomyExtend","Marisa（霧雨　魔理沙）","Minty Spire (QoL Compilation)","Random Character Button","Rare Cards Sparkle","Reimu（博??梦）","StSLib","Td1madao Mod","The Administrix","The Bug Knight","The Immortal","The Servant 0.9.4","The Wild Card"],"gold_per_floor":[118,133,148,65,145,145,173,173,173,190,190,190,204,231,231,327,327,327,337,22,33,50,84,84,34,105,105,115,134,145,62,62,160,160,178,178,102,112,112,112,112,112,112,60,89,89,108,118,118,118,118],"floor_reached":50,"language":"ENG","playtime":3750,"items_purged":[],"score":500,"play_id":"3b307fb2-57c5-4e7a-8b89-c30be0a0fbfb","local_time":"20210114231617","is_ascension_mode":false,"campfire_choices":[{"data":"SafetyPray:ReiMu","floor":6,"key":"SMITH"},{"data":"NB:ReiMu","floor":8,"key":"SMITH"},{"data":"OrbThrow:ReiMu","floor":11,"key":"SMITH"},{"data":"UniversalSpiritual:ReiMu","floor":15,"key":"SMITH"},{"data":"KamiRite:ReiMu","floor":24,"key":"SMITH"},{"data":"Authority:ReiMu","floor":27,"key":"SMITH"},{"floor":32,"key":"REST"},{"floor":40,"key":"REST"},{"floor":46,"key":"REST"},{"floor":49,"key":"REST"}],"circlet_count":0,"master_deck":["Strike_Lin:ReiMu","Strike_Lin:ReiMu","Strike_Lin:ReiMu","Strike_Lin:ReiMu","Defend_Lin:ReiMu","Defend_Lin:ReiMu","Defend_Lin:ReiMu","Defend_Lin:ReiMu","NB:ReiMu+1","Stagnation:ReiMu","SpreadBorder2:ReiMu","SafetyPray:ReiMu+1","SealNeedle:ReiMu","OrbThrow:ReiMu+1","SpreadBorder2:ReiMu","Conquer:ReiMu","UniversalSpiritual:ReiMu+1","KamiRite:ReiMu+1","InherentArray:ReiMu+1","Conquer:ReiMu","Crusade:ReiMu","SafetyPray:ReiMu","Authority:ReiMu+1","Conquer:ReiMu","CareerPray:ReiMu+1","FantasyMoon:ReiMu+1","DependentForm:ReiMu","AlertArray:ReiMu","Gensokyo:RPG","PhosphorusFlame:ReiMu","Dreaming2:ReiMu","SpringWay:ReiMu+1","Enchanting:ReiMu+1"],"relics":["FlyPower:ReiMu","NeowsBlessing","LetterFromLob","Art of War","Mercury Hourglass","Gensokyo:YoukaiFlower","White Beast Statue","CrownOfHeavens:ReiMu","Torii","Blood Vial","Question Card","SlaversCollar","KaguraBell:ReiMu","Salt:ReiMu"],"acts_visited":["Gensokyo:Gensokyo","Gensokyo:Gensokyoer","Gensokyo:Gensokyoest"],"potions_floor_usage":[7,14,21,21,21,21,23,28,33,33,33,35,41,45,47,47,48,50,50],"damage_taken":[{"damage":0,"enemies":"Gensokyo:2_Kodama","floor":1,"turns":1},{"damage":0,"enemies":"Gensokyo:Python","floor":2,"turns":1},{"damage":0,"enemies":"Gensokyo:3_Fairies","floor":3,"turns":1},{"damage":6,"enemies":"Gensokyo:Mamizou","floor":7,"turns":12},{"damage":5,"enemies":"Gensokyo:Gryphon_and_Rabbit","floor":10,"turns":6},{"damage":1,"enemies":"Gensokyo:3_Kodama","floor":13,"turns":6},{"damage":7,"enemies":"Gensokyo:Aya","floor":14,"turns":6},{"damage":9,"enemies":"Gensokyo:Reimu","floor":16,"turns":12},{"damage":3,"enemies":"Gensokyo:CosmicMonolith","floor":19,"turns":6},{"damage":8,"enemies":"Gensokyo:3_Dogs","floor":21,"turns":3},{"damage":2,"enemies":"Gensokyo:Chomper_and_Gloop","floor":22,"turns":4},{"damage":1,"enemies":"Gensokyo:Koishi","floor":23,"turns":7},{"damage":8,"enemies":"Gensokyo:Monolith_and_Dog","floor":28,"turns":3},{"damage":2,"enemies":"Gensokyo:Slime_Group","floor":29,"turns":4},{"damage":25,"enemies":"Gensokyo:Swordslinger","floor":30,"turns":3},{"damage":37,"enemies":"Gensokyo:Eiki","floor":33,"turns":7},{"damage":42,"enemies":"Gensokyo:3_Boulders","floor":35,"turns":3},{"damage":6,"enemies":"Gensokyo:3_Bats","floor":38,"turns":4},{"damage":68,"enemies":"Gensokyo:3_Bats","floor":41,"turns":7},{"damage":20,"enemies":"Gensokyo:Marisa","floor":45,"turns":5},{"damage":23,"enemies":"Gensokyo:SeedOfUnknown","floor":47,"turns":5},{"damage":19,"enemies":"Gensokyo:Rafflesia","floor":48,"turns":7},{"damage":39,"enemies":"Gensokyo:Shinki","floor":50,"turns":5}],"seed_played":"3979406787600632506","potions_obtained":[{"floor":1,"key":"Dexterity Potion"},{"floor":7,"key":"Fire Potion"},{"floor":16,"key":"LiquidBronze"},{"floor":19,"key":"EntropicBrew"},{"floor":21,"key":"BlessingOfTheForge"},{"floor":22,"key":"LiquidFlight:ReiMu"},{"floor":23,"key":"LiquidFlight:ReiMu"},{"floor":28,"key":"CultistPotion"},{"floor":29,"key":"Strength Potion"},{"floor":30,"key":"DuplicationPotion"},{"floor":33,"key":"SteroidPotion"},{"floor":35,"key":"DuplicationPotion"},{"floor":38,"key":"ZuzhouPotion:ReiMu"},{"floor":45,"key":"AttackPotion"},{"floor":47,"key":"SpeedPotion"},{"floor":48,"key":"BlessingOfTheForge"}],"is_trial":false,"path_per_floor":["M","M","M","$","?","R","E","R","T","M","R","?","M","E","R","B",null,"M","M","$","M","M","E","R","?","T","R","M","M","M","COS","R","B",null,"M","?","$","M","$","R","?","?","T","$","E","R","M","M","R","B"],"character_chosen":"REIMU","items_purchased":["SealNeedle:ReiMu","OrbThrow:ReiMu","Torii","Conquer:ReiMu","DistilledChaos","ColorlessPotion"],"campfire_rested":4,"item_purchase_floors":[4,4,20,20,37,44],"current_hp_per_floor":[65,65,65,65,65,65,59,59,59,54,54,54,53,46,46,37,65,65,62,62,54,52,51,51,58,58,58,52,52,29,29,50,15,72,30,30,30,26,26,47,47,47,47,47,29,50,29,12,33,0,0],"gold":118,"neow_bonus":"THREE_ENEMY_KILL","is_daily":false,"chose_seed":false,"campfire_upgraded":6,"win_rate":0.0,"timestamp":1610662577,"path_taken":["M","?","M","$","?","R","E","R","T","M","R","?","M","E","R","BOSS","M","M","$","M","M","E","R","?","T","R","M","?","M","COS","R","BOSS","M","?","?","M","$","R","?","?","T","?","E","R","M","M","R","BOSS"],"items_purchased_type":["Card","Card","Relic","Card","Potion","Potion"],"build_version":"2020-12-22","purchased_purges":0,"victory":false,"max_hp_per_floor":[65,65,65,65,65,65,65,65,65,65,65,65,65,65,65,65,65,65,65,65,65,65,65,65,72,72,72,72,72,72,72,72,72,72,72,72,72,72,72,72,72,72,72,72,72,72,72,72,72,72,72],"card_choices":[{"not_picked":["Gathering:ReiMu","Enchanting:ReiMu"],"picked":"SpreadBorder2:ReiMu","floor":1},{"not_picked":["Dreaming2:ReiMu","RainPray2:ReiMu"],"picked":"SafetyPray:ReiMu","floor":2},{"not_picked":["Meditation:ReiMu","Amulet:ReiMu"],"picked":"Conquer:ReiMu","floor":3},{"not_picked":["SubcavityInstant:ReiMu","PrepareRite:ReiMu"],"picked":"SpreadBorder2:ReiMu","floor":7},{"not_picked":["PayForSelf:ReiMu","CollectionFlower2:ReiMu","SubAcupoint:ReiMu"],"picked":"SKIP","floor":10},{"not_picked":["Amulet:ReiMu","Intuition:ReiMu"],"picked":"Conquer:ReiMu","floor":13},{"not_picked":["TakeOff:ReiMu","SealNeedle:ReiMu"],"picked":"UniversalSpiritual:ReiMu","floor":14},{"not_picked":["HakureiPhantom:ReiMu","Free:ReiMu"],"picked":"KamiRite:ReiMu","floor":16},{"not_picked":["PayForSelf:ReiMu","CareerPray:ReiMu"],"picked":"InherentArray:ReiMu+1","floor":19},{"not_picked":["MikOfLucky:ReiMu","ShadowOfCrow2:ReiMu+1"],"picked":"Crusade:ReiMu","floor":21},{"not_picked":["FoulBorder2:ReiMu+1","AlertArray:ReiMu"],"picked":"SafetyPray:ReiMu","floor":22},{"not_picked":["FineLineFantasy:ReiMu+1","OrbThrow:ReiMu"],"picked":"Authority:ReiMu","floor":23},{"not_picked":["Dreaming2:ReiMu","SubAcupoint:ReiMu","Enchanting:ReiMu"],"picked":"Conquer:ReiMu","floor":28},{"not_picked":["OctopathBindingBorder2:ReiMu","SubAcupoint:ReiMu+1","UniversalSpiritual:ReiMu+1"],"picked":"CareerPray:ReiMu+1","floor":29},{"not_picked":["SpringWay:ReiMu+1","ForcedLanding:ReiMu","DoubleButterfly:ReiMu"],"picked":"FantasyMoon:ReiMu+1","floor":30},{"not_picked":["BlastKick2:ReiMu","Determination:ReiMu","CeremonyResonance:ReiMu"],"picked":"DependentForm:ReiMu","floor":33},{"not_picked":["EmergencyTakeOff:ReiMu+1","InherentArray:ReiMu","Intuition:ReiMu"],"picked":"AlertArray:ReiMu","floor":35},{"not_picked":["Crusade:ReiMu","PayForSelf:ReiMu+1","AirStrike:ReiMu"],"picked":"PhosphorusFlame:ReiMu","floor":38},{"not_picked":["UniversalSpiritual:ReiMu","CareerPray:ReiMu","RainPray2:ReiMu+1"],"picked":"Dreaming2:ReiMu","floor":45},{"not_picked":["YinYangSign:ReiMu+1","TightArray:ReiMu","KyokaiOfKami:ReiMu"],"picked":"SpringWay:ReiMu+1","floor":47},{"not_picked":["OctopathBindingBorder2:ReiMu+1","RainPray2:ReiMu+1","SafetyPray:ReiMu+1"],"picked":"Enchanting:ReiMu+1","floor":48}],"player_experience":202499,"relics_obtained":[{"floor":1,"key":"LetterFromLob"},{"floor":7,"key":"Art of War"},{"floor":9,"key":"Mercury Hourglass"},{"floor":14,"key":"White Beast Statue"},{"floor":23,"key":"Blood Vial"},{"floor":26,"key":"Question Card"},{"floor":45,"key":"KaguraBell:ReiMu"}],"event_choices":[],"is_beta":false,"boss_relics":[{"not_picked":["Cursed Key","Sozu"],"picked":"CrownOfHeavens:ReiMu"},{"not_picked":["Snecko Eye","Pandora\u0027s Box"],"picked":"SlaversCollar"}],"items_purged_floors":[],"is_endless":false,"potions_floor_spawned":[1,7,16,19,21,22,23,28,29,30,33,35,38,45,47,48],"killed_by":"Gensokyo:Shinki","ascension_level":0}}