{"host":"7zdktqb5xjtif29d","time":1610661183,"event":{"mods":["AchievementEnabler","BaseMod","Colored Map","Colored Powertips","Highlight Path","Minty Spire (QoL Compilation)","Rare Cards Sparkle","SuperFastMode","Waifu the Spire","everything is the same but u backflip on backflip"],"gold_per_floor":[110,122,133,146,146,176,193,220,290,22,97,97,46,64,64,64,64],"floor_reached":16,"language":"ENG","playtime":534,"items_purged":["Defend_R"],"score":148,"play_id":"423b95a4-5a54-4852-a5fa-50c559c61b96","local_time":"20210114215303","is_ascension_mode":true,"campfire_choices":[{"floor":15,"key":"REST"}],"circlet_count":0,"master_deck":["Strike_R","Strike_R","Strike_R","Strike_R","Strike_R","Defend_R","Defend_R","Defend_R","Pommel Strike","Pommel Strike","Wild Strike","Wild Strike","Twin Strike","Pommel Strike","Perfected Strike"],"relics":["Burning Blood","HornCleat","Paper Frog","Matryoshka","Strawberry"],"acts_visited":["Exordium"],"potions_floor_usage":[8,8,8],"damage_taken":[{"damage":7,"enemies":"Jaw Worm","floor":1,"turns":5},{"damage":1,"enemies":"Cultist","floor":2,"turns":3},{"damage":0,"enemies":"Small Slimes","floor":3,"turns":3},{"damage":1,"enemies":"2 Fungi Beasts","floor":4,"turns":4},{"damage":59,"enemies":"Lagavulin","floor":6,"turns":9},{"damage":1,"enemies":"Looter","floor":7,"turns":4},{"damage":44,"enemies":"3 Sentries","floor":8,"turns":10},{"damage":13,"enemies":"Exordium Thugs","floor":14,"turns":4},{"damage":70,"enemies":"The Guardian","floor":16,"turns":9}],"seed_played":"-5195579832045485408","potions_obtained":[{"floor":3,"key":"DuplicationPotion"},{"floor":6,"key":"BloodPotion"},{"floor":7,"key":"ColorlessPotion"},{"floor":8,"key":"DistilledChaos"},{"floor":14,"key":"EssenceOfSteel"}],"is_trial":false,"path_per_floor":["M","M","M","M","?","E","M","E","T","$","?","?","$","M","R","B"],"character_chosen":"IRONCLAD","items_purchased":["Twin Strike","Strawberry","Pommel Strike"],"campfire_rested":1,"item_purchase_floors":[10,10,13],"current_hp_per_floor":[87,88,88,88,88,35,40,19,19,26,15,46,46,39,67,0,0],"gold":64,"neow_bonus":"TEN_PERCENT_HP_BONUS","is_daily":false,"chose_seed":false,"campfire_upgraded":0,"win_rate":0.0,"timestamp":1610661183,"path_taken":["M","M","M","M","?","E","M","E","T","?","?","?","?","M","R","BOSS"],"items_purchased_type":["Card","Relic","Card"],"build_version":"2020-12-22","purchased_purges":1,"victory":false,"max_hp_per_floor":[88,88,88,88,88,88,88,88,88,95,95,95,95,95,95,95,95],"card_choices":[{"not_picked":["Iron Wave","Infernal Blade"],"picked":"Pommel Strike","floor":1},{"not_picked":["Anger","Whirlwind"],"picked":"Pommel Strike","floor":2},{"not_picked":["Disarm","Sword Boomerang","Carnage"],"picked":"SKIP","floor":3},{"not_picked":["Sword Boomerang","Seeing Red","Ghostly Armor"],"picked":"SKIP","floor":4},{"not_picked":["Rampage","Shrug It Off","Dual Wield"],"picked":"SKIP","floor":6},{"not_picked":["Havoc","Shockwave"],"picked":"Wild Strike","floor":7},{"not_picked":["Body Slam","Anger"],"picked":"Wild Strike","floor":8},{"not_picked":["Wild Strike","Feel No Pain"],"picked":"Perfected Strike","floor":14}],"player_experience":211623,"relics_obtained":[{"floor":6,"key":"HornCleat"},{"floor":8,"key":"Paper Frog"},{"floor":9,"key":"Matryoshka"}],"event_choices":[{"cards_removed":["Bash"],"damage_healed":0,"gold_gain":0,"player_choice":"Offered Basic","damage_taken":0,"max_hp_gain":0,"max_hp_loss":0,"event_name":"Bonfire Elementals","floor":5,"gold_loss":0},{"damage_healed":0,"gold_gain":75,"player_choice":"Gather Gold","damage_taken":11,"max_hp_gain":0,"max_hp_loss":0,"event_name":"World of Goop","floor":11,"gold_loss":0},{"damage_healed":31,"gold_gain":0,"player_choice":"Banana","damage_taken":0,"max_hp_gain":0,"max_hp_loss":0,"event_name":"Big Fish","floor":12,"gold_loss":0}],"is_beta":false,"boss_relics":[],"items_purged_floors":[10],"is_endless":false,"potions_floor_spawned":[3,6,7,8,14],"killed_by":"The Guardian","ascension_level":2}}