{"host":"gk9qdtkqd8dwfeg2","time":1610639865,"event":{"mods":["Aspiration","BaseMod","Colored Powertips","KomeijiMod","Minty Spire (QoL Compilation)","Quick Restart","Replay The Spire","Shop Mod","StSLib","TestMod","The Gatherer","The Servant 0.9.4","Waifu the Spire","WarShipGirlsR/’ΩΩ¢…Ÿ≈ÆR mod","Yuri Mod","vexMod"],"gold_per_floor":[119,119,132,151,151,151,36,36,59,73,87,118,18,18,18,18,18],"floor_reached":16,"language":"ZHS","playtime":285,"items_purged":["Strike_P","Strike_P"],"score":200,"play_id":"7c627892-dcaf-464e-bd6d-f69019b3d814","local_time":"20210114235745","is_ascension_mode":true,"campfire_choices":[{"data":"Eruption","floor":6.0,"key":"SMITH"},{"data":"SandsOfTime","floor":8.0,"key":"SMITH"},{"floor":15,"key":"REST"}],"circlet_count":0,"master_deck":["AscendersBane","Strike_P","Strike_P","Defend_P","Defend_P","Defend_P","Defend_P","Eruption+1","Vigilance","Replay:Cycle","SandsOfTime+1","PathToVictory+1","Weave","ThirdEye","CutThroughFate"],"relics":["PureWater","testmod-TestBox","testmod-Justice","NeowsBlessing","FaceOfCleric","Ornamental Fan","testmod-AssaultLearning","testmod-IndustrialRevolution"],"acts_visited":["Exordium"],"potions_floor_usage":[16],"damage_taken":[{"damage":0.0,"enemies":"Jaw Worm","floor":1.0,"turns":1.0},{"damage":0.0,"enemies":"Cultist","floor":3.0,"turns":1.0},{"damage":0.0,"enemies":"2 Louse","floor":4.0,"turns":1.0},{"damage":17.0,"enemies":"Lots of Slimes","floor":10.0,"turns":4.0},{"damage":4,"enemies":"2 Fungi Beasts","floor":11,"turns":3},{"damage":8,"enemies":"Lagavulin","floor":12,"turns":5},{"damage":38,"enemies":"Slime Boss","floor":16,"turns":6}],"seed_played":"4162344743491015900","potions_obtained":[{"floor":1.0,"key":"SkillPotion"},{"floor":4.0,"key":"PowerPotion"}],"is_trial":false,"path_per_floor":["M","?","M","M","T","R","$","R","T","M","M","E","$","?","R","B"],"character_chosen":"WATCHER","items_purchased":["Weave"],"campfire_rested":1,"item_purchase_floors":[7],"current_hp_per_floor":[61,61,62,63,63,63,63,63,63,47,44,37,37,37,58,20,20],"gold":18,"neow_bonus":"THREE_ENEMY_KILL","is_daily":false,"chose_seed":false,"campfire_upgraded":2,"win_rate":0.0,"timestamp":1610639865,"path_taken":["M","?","M","?","?","R","$","R","T","M","M","E","$","?","R","BOSS"],"items_purchased_type":["Card"],"build_version":"2020-12-22","purchased_purges":2,"victory":false,"max_hp_per_floor":[68,68,69,70,70,70,70,70,70,71,72,73,73,73,73,73,73],"card_choices":[{"not_picked":["Replay:Battleflow","Replay:BluntJabs"],"picked":"Replay:Cycle","floor":1.0},{"not_picked":["Pray","Prostrate"],"picked":"SandsOfTime","floor":3.0},{"not_picked":["Halt","Swivel"],"picked":"PathToVictory","floor":4.0},{"not_picked":["ForeignInfluence","EmptyFist"],"picked":"ThirdEye","floor":10.0},{"not_picked":["Vengeance","CrushJoints"],"picked":"CutThroughFate","floor":11},{"not_picked":["WreathOfFlame","Evaluate","Prostrate"],"picked":"SKIP","floor":12}],"player_experience":633204,"relics_obtained":[{"floor":5.0,"key":"Ornamental Fan"},{"floor":9.0,"key":"testmod-AssaultLearning"},{"floor":12,"key":"testmod-IndustrialRevolution"}],"event_choices":[{"damage_healed":0.0,"max_hp_gain":0.0,"max_hp_loss":0.0,"gold_gain":0.0,"event_name":"FaceTrader","player_choice":"Trade","floor":2.0,"gold_loss":0.0,"damage_taken":0.0,"relics_obtained":["FaceOfCleric"]},{"damage_healed":0,"gold_gain":0,"player_choice":"Upgraded","damage_taken":0,"max_hp_gain":0,"max_hp_loss":0,"event_name":"Upgrade Shrine","floor":14,"gold_loss":0,"cards_upgraded":["PathToVictory"]}],"is_beta":false,"boss_relics":[],"items_purged_floors":[7,13],"is_endless":false,"potions_floor_spawned":[1,4,12],"killed_by":"Slime Boss","ascension_level":20}}