{"host":"l84l8xigz5v5foa2","time":1610613230,"event":{"mods":["2.2 Compatiblity","AchievementEnabler","BaseMod","Better Note","Better Vampires","Card Filter","Colored Map","DeckTracker","Downfall","Gremlin Skip","Highlight Path","Keyboard Shortcuts","Minty Spire (QoL Compilation)","Permanent Neow","Quick Restart","Relic Filter","Relic Stats","StSLib","SuperFastMode","Transform Curses","Unknown Chances"],"gold_per_floor":[0,14,27,41,26,43,43,43,28,28,28,28,28],"floor_reached":11,"language":"ENG","playtime":339,"items_purged":[],"score":126,"play_id":"4f6e1fe8-9d44-43bd-aad6-4d523786947e","local_time":"20210114173350","is_ascension_mode":true,"campfire_choices":[{"data":"Guardian:TwinSlam","floor":1.0,"key":"SMITH"},{"data":"Guardian:CurlUp","floor":8,"key":"SMITH"},{"data":"Guardian:ExploitGems","floor":10,"key":"SMITH"}],"circlet_count":0,"master_deck":["AscendersBane","Guardian:Strike_Guardian","Guardian:Strike_Guardian","Guardian:Strike_Guardian","Guardian:Strike_Guardian","Guardian:Defend_Guardian","Guardian:Defend_Guardian","Guardian:Defend_Guardian","Guardian:Defend_Guardian","Guardian:CurlUp+1","Guardian:TwinSlam+1","Guardian:ExploitGems+1","Guardian:ChargeUp","Guardian:PolyBeam"],"relics":["Guardian:ModeShifter","Singing Bowl"],"acts_visited":["Exordium"],"potions_floor_usage":[6],"damage_taken":[{"damage":9.0,"enemies":"Small Slimes","floor":2.0,"turns":3.0},{"damage":12.0,"enemies":"Jaw Worm","floor":3.0,"turns":5.0},{"damage":0.0,"enemies":"Cultist","floor":4.0,"turns":4.0},{"damage":0.0,"enemies":"downfall:FleeingMerchant","floor":5.0,"turns":4.0},{"damage":13,"enemies":"Gremlin Gang","floor":6,"turns":6},{"damage":0,"enemies":"downfall:FleeingMerchant","floor":9,"turns":4},{"damage":37,"enemies":"Gremlin Nob","floor":11,"turns":4}],"seed_played":"8900780593051801457","potions_obtained":[{"floor":4.0,"key":"FearPotion"},{"floor":6,"key":"CultistPotion"}],"is_trial":false,"path_per_floor":["R","M","M","M","$","M","T","R","$","R","E"],"character_chosen":"GUARDIAN","items_purchased":[],"campfire_rested":0,"item_purchase_floors":[],"current_hp_per_floor":[65,56,44,44,44,31,31,31,31,31,0,0,0],"gold":28,"neow_bonus":"THREE_RARE_CARDS","is_daily":false,"chose_seed":false,"campfire_upgraded":3,"win_rate":0.0,"timestamp":1610613230,"path_taken":["R","M","M","M","$","M","T","R","$","R","E"],"items_purchased_type":[],"build_version":"2020-12-22","purchased_purges":0,"victory":false,"max_hp_per_floor":[72,72,72,72,72,72,72,72,72,72,72,72,72],"relic_stats":{"Singing Bowl":0,"counters":[7,30],"obtain_stats":[{"Singing Bowl":7,"Guardian:ModeShifter":0},{"Singing Bowl":5,"Guardian:ModeShifter":0},{"Singing Bowl":22,"Guardian:ModeShifter":0}]},"card_choices":[{"not_picked":["Guardian:AncientConstruct","Guardian:GatlingBeam"],"picked":"Guardian:ExploitGems","floor":0.0},{"not_picked":["Guardian:CrystalBeam","Guardian:Gem_Green"],"picked":"Guardian:ChargeUp","floor":2.0},{"not_picked":["Guardian:Reroute","Guardian:Gem_Cyan"],"picked":"Guardian:PolyBeam","floor":3.0},{"not_picked":["Guardian:TemporalStrike","Guardian:WalkerClaw","Guardian:HyperBeam_Guardian"],"picked":"SKIP","floor":4.0},{"not_picked":["Guardian:PiercingHide","Guardian:PrismaticBarrier"],"picked":"Guardian:Gem_Synthetic","floor":5.0},{"not_picked":["Guardian:Suspension","Guardian:Planning"],"picked":"Guardian:Gem_Red","floor":6},{"not_picked":["Guardian:Gem_Green","Guardian:BronzeArmor"],"picked":"Guardian:Gem_Cyan","floor":9}],"player_experience":3188499,"relics_obtained":[{"floor":7,"key":"Singing Bowl"}],"event_choices":[],"is_beta":false,"boss_relics":[],"items_purged_floors":[],"is_endless":false,"potions_floor_spawned":[4,6],"killed_by":"Gremlin Nob","ascension_level":20}}