{"host":"Rich","time":1610665297,"event":{"mods":["AchievementEnabler","BaseMod","Highlight Path","Minty Spire (QoL Compilation)","Relic Stats"],"gold_per_floor":[110,110,123,123,123,123,154,154,178,211,136,146,146,71,71,142,142,157,177,102,118,8,39,39,72,154,180,190,202,202,75,75,146,146,163,177,188,203,203,203,238,238,262,262,262,287,287,305,305,305,305],"floor_reached":50,"language":"ENG","playtime":2860,"items_purged":["Strike_B","Zap"],"score":1282,"play_id":"f5ef22bd-b770-43dc-8dc8-233764762f53","local_time":"20210114180137","is_ascension_mode":true,"campfire_choices":[{"data":"Sunder","floor":6.0,"key":"SMITH"},{"data":"Dualcast","floor":8.0,"key":"SMITH"},{"data":"Darkness","floor":15.0,"key":"SMITH"},{"data":"Multi-Cast","floor":30.0,"key":"SMITH"},{"data":"Consume","floor":32.0,"key":"SMITH"},{"floor":40.0,"key":"RECALL"},{"data":"Hologram","floor":45.0,"key":"SMITH"},{"floor":49.0,"key":"REST"}],"circlet_count":0,"master_deck":["AscendersBane","Strike_B+1","Defend_B","Defend_B","Defend_B","Dualcast+1","Sunder+1","Coolheaded","Go for the Eyes","Redo","Darkness+1","Biased Cognition","Hologram+1","White Noise+1","Multi-Cast+1","Turbo+1","Capacitor","Consume+1","Biased Cognition","Doom and Gloom+1","Cold Snap","Reinforced Body+1","Go for the Eyes"],"relics":["Cracked Core","NeowsBlessing","WarpedTongs","Symbiotic Virus","Anchor","Juzu Bracelet","Runic Dome","Ancient Tea Set","White Beast Statue","Eternal Feather","Smiling Mask","Runic Pyramid","Shuriken","Kunai"],"acts_visited":["Exordium","TheCity","TheBeyond"],"potions_floor_usage":[],"damage_taken":[{"damage":0.0,"enemies":"Jaw Worm","floor":1.0,"turns":1.0},{"damage":0.0,"enemies":"2 Louse","floor":3.0,"turns":1.0},{"damage":0.0,"enemies":"Lagavulin","floor":7.0,"turns":1.0},{"damage":7.0,"enemies":"Gremlin Nob","floor":10.0,"turns":3.0},{"damage":0.0,"enemies":"Small Slimes","floor":12.0,"turns":2.0},{"damage":8.0,"enemies":"Hexaghost","floor":16.0,"turns":7.0},{"damage":9.0,"enemies":"Shell Parasite","floor":18.0,"turns":3.0},{"damage":2.0,"enemies":"3 Byrds","floor":19.0,"turns":3.0},{"damage":4.0,"enemies":"Snecko","floor":21.0,"turns":3.0},{"damage":5.0,"enemies":"Slavers","floor":23.0,"turns":6.0},{"damage":16.0,"enemies":"Book of Stabbing","floor":25.0,"turns":4.0},{"damage":2.0,"enemies":"Gremlin Leader","floor":27.0,"turns":4.0},{"damage":0.0,"enemies":"Shelled Parasite and Fungi","floor":28.0,"turns":3.0},{"damage":0.0,"enemies":"Cultist and Chosen","floor":29.0,"turns":3.0},{"damage":0.0,"enemies":"Champ","floor":33.0,"turns":6.0},{"damage":15.0,"enemies":"3 Shapes","floor":35.0,"turns":3.0},{"damage":7.0,"enemies":"3 Darklings","floor":36.0,"turns":4.0},{"damage":0.0,"enemies":"Maw","floor":37.0,"turns":4.0},{"damage":37.0,"enemies":"Spire Growth","floor":38.0,"turns":4.0},{"damage":19.0,"enemies":"Nemesis","floor":41.0,"turns":5.0},{"damage":42.0,"enemies":"Reptomancer","floor":46.0,"turns":7.0},{"damage":0.0,"enemies":"Jaw Worm Horde","floor":48.0,"turns":5.0},{"damage":87,"enemies":"Awakened One","floor":50,"turns":9}],"seed_played":"-7438152965218274547","potions_obtained":[{"floor":1.0,"key":"Explosive Potion"},{"floor":3.0,"key":"Dexterity Potion"},{"floor":13.0,"key":"Fruit Juice"},{"floor":13.0,"key":"FairyPotion"},{"floor":16.0,"key":"FearPotion"},{"floor":23.0,"key":"EssenceOfDarkness"},{"floor":27.0,"key":"LiquidMemories"},{"floor":33.0,"key":"Weak Potion"},{"floor":36.0,"key":"ColorlessPotion"},{"floor":37.0,"key":"Regen Potion"},{"floor":48.0,"key":"FocusPotion"}],"is_trial":false,"path_per_floor":["M","?","M","?","?","R","E","R","T","E","?","M","?","$","R","B",null,"M","M","$","M","?","E","$","E","T","E","M","M","R","$","R","B",null,"M","M","M","M","?","R","E","?","T","?","R","E","?","M","R","B"],"character_chosen":"DEFECT","items_purchased":["Darkness","Consume"],"campfire_rested":1,"item_purchase_floors":[14,31],"current_hp_per_floor":[64,57,57,57,57,57,57,57,57,50,50,50,55,55,55,47,69,60,58,58,54,54,49,49,33,33,31,31,31,40,40,49,49,69,54,47,47,10,62,62,43,43,43,43,55,13,13,27,57,0,0],"gold":305,"neow_bonus":"THREE_ENEMY_KILL","is_daily":false,"chose_seed":false,"campfire_upgraded":6,"win_rate":0.0,"timestamp":1610665297,"path_taken":["M","?","M","?","?","R","E","R","T","E","?","M","?","$","R","BOSS","M","M","$","M","?","E","?","E","T","E","M","M","R","$","R","BOSS","M","M","M","M","?","R","E","?","T","?","R","E","?","M","R","BOSS"],"items_purchased_type":["Card","Card"],"build_version":"2020-12-18","purchased_purges":2,"victory":false,"max_hp_per_floor":[71,71,71,71,71,71,71,71,71,71,71,71,76,76,76,76,76,76,76,76,76,76,76,76,76,76,76,76,76,76,76,76,76,76,76,76,76,76,62,62,62,62,62,62,62,62,62,62,62,62,62],"relic_stats":{"counters":[23,91],"Shuriken":[2],"Eternal Feather":42,"Juzu Bracelet":2,"Kunai":[1],"Smiling Mask":50,"obtain_stats":[{"NeowsBlessing":0,"Eternal Feather":26,"Juzu Bracelet":10,"Ancient Tea Set":23,"Smiling Mask":27,"White Beast Statue":25,"WarpedTongs":5,"Runic Dome":17,"Anchor":9,"Shuriken":41,"Kunai":46,"Cracked Core":0,"Symbiotic Virus":7,"Runic Pyramid":34},{"NeowsBlessing":0,"Eternal Feather":11,"Juzu Bracelet":4,"Ancient Tea Set":10,"Smiling Mask":12,"White Beast Statue":11,"WarpedTongs":2,"Runic Dome":6,"Anchor":3,"Shuriken":20,"Kunai":21,"Cracked Core":0,"Symbiotic Virus":3,"Runic Pyramid":15},{"NeowsBlessing":0,"Eternal Feather":34,"Juzu Bracelet":6,"Ancient Tea Set":30,"Smiling Mask":38,"White Beast Statue":34,"WarpedTongs":2,"Runic Dome":15,"Anchor":3,"Shuriken":70,"Kunai":77,"Cracked Core":0,"Symbiotic Virus":3,"Runic Pyramid":50}],"WarpedTongs":[88]},"card_choices":[{"not_picked":["Turbo","Chaos"],"picked":"Sunder","floor":1.0},{"not_picked":["Beam Cell","Go for the Eyes"],"picked":"Coolheaded","floor":3.0},{"not_picked":["Barrage","Sweeping Beam"],"picked":"Go for the Eyes","floor":7.0},{"not_picked":["Leap","Heatsinks"],"picked":"Redo","floor":10.0},{"not_picked":["Rebound","Stack","Streamline"],"picked":"SKIP","floor":12.0},{"not_picked":["Meteor Strike","Electrodynamics"],"picked":"Biased Cognition","floor":16.0},{"not_picked":["Go for the Eyes","Glacier+1","Rip and Tear"],"picked":"SKIP","floor":18.0},{"not_picked":["Stack","Double Energy","Coolheaded"],"picked":"SKIP","floor":19.0},{"not_picked":["Gash","Turbo"],"picked":"Hologram","floor":21.0},{"not_picked":["Reinforced Body+1","Hologram"],"picked":"White Noise+1","floor":23.0},{"not_picked":["Hologram","Fusion+1","Barrage"],"picked":"SKIP","floor":25.0},{"not_picked":["Rebound","Streamline"],"picked":"Multi-Cast","floor":27.0},{"not_picked":["Reprogram+1","Compile Driver+1"],"picked":"Turbo+1","floor":28.0},{"not_picked":["Barrage+1","Rebound"],"picked":"Capacitor","floor":29.0},{"not_picked":["Core Surge","Amplify"],"picked":"Biased Cognition","floor":33.0},{"not_picked":["Steam","Rebound","Beam Cell"],"picked":"SKIP","floor":35.0},{"not_picked":["Ball Lightning","Hologram"],"picked":"Doom and Gloom+1","floor":36.0},{"not_picked":["Skim+1","Capacitor"],"picked":"Cold Snap","floor":37.0},{"not_picked":["Leap","Gash","Streamline"],"picked":"SKIP","floor":38.0},{"not_picked":["Darkness","Redo"],"picked":"Reinforced Body+1","floor":41.0},{"not_picked":["Creative AI","Steam"],"picked":"Go for the Eyes","floor":46.0},{"not_picked":["Barrage","Blizzard","Coolheaded"],"picked":"SKIP","floor":48.0}],"player_experience":1987718,"relics_obtained":[{"floor":7.0,"key":"Symbiotic Virus"},{"floor":9.0,"key":"Anchor"},{"floor":10.0,"key":"Juzu Bracelet"},{"floor":23.0,"key":"Ancient Tea Set"},{"floor":25.0,"key":"White Beast Statue"},{"floor":26.0,"key":"Eternal Feather"},{"floor":27.0,"key":"Smiling Mask"},{"floor":41.0,"key":"Shuriken"},{"floor":46.0,"key":"Kunai"}],"event_choices":[{"cards_removed":["Strike_B"],"damage_healed":0.0,"max_hp_gain":0.0,"max_hp_loss":0.0,"gold_gain":0.0,"event_name":"Golden Wing","player_choice":"Card Removal","floor":2.0,"gold_loss":0.0,"damage_taken":7.0},{"damage_healed":0.0,"max_hp_gain":0.0,"max_hp_loss":0.0,"gold_gain":0.0,"event_name":"Liars Game","player_choice":"Ignored","floor":4.0,"gold_loss":0.0,"damage_taken":0.0},{"damage_healed":0.0,"max_hp_gain":0.0,"max_hp_loss":0.0,"gold_gain":0.0,"event_name":"Accursed Blacksmith","player_choice":"Rummage","floor":5.0,"gold_loss":0.0,"damage_taken":0.0,"relics_obtained":["WarpedTongs"],"cards_obtained":["Pain"]},{"cards_removed":["Pain"],"damage_healed":0.0,"max_hp_gain":0.0,"max_hp_loss":0.0,"gold_gain":0.0,"event_name":"The Cleric","player_choice":"Card Removal","floor":11.0,"gold_loss":75.0,"damage_taken":0.0},{"damage_healed":0.0,"max_hp_gain":0.0,"max_hp_loss":0.0,"gold_gain":0.0,"event_name":"Lab","player_choice":"Got Potions","floor":13.0,"gold_loss":0.0,"damage_taken":0.0},{"cards_removed":["Defend_B"],"damage_healed":0.0,"max_hp_gain":0.0,"max_hp_loss":0.0,"gold_gain":0.0,"event_name":"Designer","player_choice":"Upgrade and Remove","floor":22.0,"gold_loss":110.0,"damage_taken":0.0,"cards_upgraded":["Strike_B"]},{"damage_healed":62.0,"max_hp_gain":0.0,"max_hp_loss":14.0,"gold_gain":0.0,"event_name":"The Moai Head","player_choice":"Heal","floor":39.0,"gold_loss":0.0,"damage_taken":0.0},{"cards_removed":["Strike_B"],"damage_healed":0.0,"max_hp_gain":0.0,"max_hp_loss":0.0,"gold_gain":0.0,"event_name":"Bonfire Elementals","player_choice":"Offered Basic","floor":42.0,"gold_loss":0.0,"damage_taken":0.0},{"damage_healed":0.0,"max_hp_gain":0.0,"max_hp_loss":0.0,"gold_gain":0.0,"event_name":"Tomb of Lord Red Mask","player_choice":"Ignored","floor":44.0,"gold_loss":0.0,"damage_taken":0.0},{"damage_healed":0.0,"max_hp_gain":0.0,"max_hp_loss":0.0,"gold_gain":0.0,"event_name":"Mysterious Sphere","player_choice":"Ignored","floor":47.0,"gold_loss":0.0,"damage_taken":0.0}],"is_beta":true,"boss_relics":[{"not_picked":["Nuclear Battery","Tiny House"],"picked":"Runic Dome"},{"not_picked":["SacredBark","Pandora\u0027s Box"],"picked":"Runic Pyramid"}],"items_purged_floors":[20,31],"is_endless":false,"potions_floor_spawned":[1,3,7,16,23,27,28,29,33,35,36,37,38,41,46,48],"killed_by":"Awakened One","ascension_level":20}}