{"host":"2cg6xoexl1he7zus","time":1610618202,"event":{"mods":["AchievementEnabler","BaseMod","Colored Map","Hermit","KOR Keyword Fix","Minty Spire (QoL Compilation)","Quick Restart","StSLib","SuperFastMode","everything is the same but u backflip on backflip"],"gold_per_floor":[110,110,110,38,213,245,245,24,93,104,104,121,135,164,164,267,267,267,207,207,207,207,207,207,207,207,207,207,207,107,32,32,32,32],"floor_reached":33,"language":"KOR","playtime":1462,"items_purged":["Doubt","hermit:Strike_Hermit"],"score":287,"play_id":"10eac244-c75c-4445-9edd-c1afab7dcda2","local_time":"20210114185642","is_ascension_mode":true,"campfire_choices":[{"data":"hermit:Magnum","floor":7.0,"key":"SMITH"},{"data":"hermit:Manifest","floor":11.0,"key":"SMITH"},{"data":"hermit:Covet","floor":15.0,"key":"SMITH"},{"floor":23.0,"key":"REST"},{"floor":25,"key":"REST"},{"floor":32,"key":"REST"}],"circlet_count":0,"master_deck":["hermit:Strike_Hermit","hermit:Strike_Hermit","hermit:Strike_Hermit","hermit:Defend_Hermit+1","hermit:Defend_Hermit","hermit:Defend_Hermit","hermit:Snapshot+1","hermit:Covet+1","hermit:FinalCanter","hermit:Ricochet","hermit:Dive","hermit:Manifest+1","hermit:Magnum+1","hermit:Reprieve","hermit:Grudge","hermit:TrackingShot","hermit:RoundhouseKick","hermit:Roughhouse","hermit:Coalescence","hermit:TakeAim+1","Writhe"],"relics":["hermit:Momento","Frozen Egg 2","InkBottle","Lantern","Ectoplasm","Nilry\u0027s Codex","Shuriken","Bottled Flame","Letter Opener"],"acts_visited":["Exordium","TheCity"],"potions_floor_usage":[24,33],"damage_taken":[{"damage":7.0,"enemies":"2 Louse","floor":1.0,"turns":3.0},{"damage":10.0,"enemies":"3 Sentries","floor":6.0,"turns":12.0},{"damage":2.0,"enemies":"Jaw Worm","floor":10.0,"turns":4.0},{"damage":1.0,"enemies":"Cultist","floor":12.0,"turns":4.0},{"damage":10.0,"enemies":"Looter","floor":13.0,"turns":2.0},{"damage":6.0,"enemies":"Lagavulin","floor":14.0,"turns":7.0},{"damage":28.0,"enemies":"The Guardian","floor":16.0,"turns":12.0},{"damage":0.0,"enemies":"Spheric Guardian","floor":18.0,"turns":3.0},{"damage":22.0,"enemies":"2 Thieves","floor":19.0,"turns":5.0},{"damage":15.0,"enemies":"Centurion and Healer","floor":20.0,"turns":6.0},{"damage":21.0,"enemies":"Snake Plant","floor":21.0,"turns":4.0},{"damage":35,"enemies":"Book of Stabbing","floor":24,"turns":7},{"damage":11,"enemies":"Sentry and Sphere","floor":29,"turns":4},{"damage":83,"enemies":"Collector","floor":33,"turns":11}],"seed_played":"6600989460245713546","potions_obtained":[{"floor":1.0,"key":"PowerPotion"},{"floor":10.0,"key":"DuplicationPotion"},{"floor":12.0,"key":"FairyPotion"},{"floor":16.0,"key":"SteroidPotion"},{"floor":24,"key":"LiquidBronze"},{"floor":29,"key":"Dexterity Potion"}],"is_trial":false,"path_per_floor":["M","?","?","$","?","E","R","$","T","M","R","M","M","E","R","B",null,"M","M","M","M","?","R","E","R","T","?","?","M","$","?","R","B"],"character_chosen":"HERMIT","items_purchased":["hermit:Dive","hermit:Manifest","hermit:Reprieve","hermit:Grudge"],"campfire_rested":3,"item_purchase_floors":[4,4,8,8],"current_hp_per_floor":[68,53,58,58,58,48,48,48,48,50,50,53,43,37,37,9,80,80,58,43,22,6,30,24,48,48,48,48,37,37,37,61,0,0],"gold":32,"neow_bonus":"ONE_RANDOM_RARE_CARD","is_daily":false,"chose_seed":false,"campfire_upgraded":3,"win_rate":0.0,"timestamp":1610618202,"path_taken":["M","?","?","$","?","E","R","$","T","M","R","M","?","E","R","BOSS","M","M","M","?","?","R","E","R","T","?","?","M","$","?","R","BOSS"],"items_purchased_type":["Card","Card","Card","Card"],"build_version":"2020-12-22","purchased_purges":2,"victory":false,"max_hp_per_floor":[75,75,80,80,80,80,80,80,80,80,80,80,80,80,80,80,80,80,80,80,80,80,80,80,80,80,80,80,80,80,80,80,80,80],"card_choices":[{"not_picked":["hermit:HoleUp","hermit:TakeAim"],"picked":"hermit:Ricochet","floor":1.0},{"not_picked":["hermit:WideOpen","hermit:Spite"],"picked":"hermit:Magnum","floor":6.0},{"not_picked":["hermit:TakeCover","hermit:LowProfile"],"picked":"hermit:TrackingShot","floor":10.0},{"not_picked":["hermit:FullyLoaded","hermit:Enervate","hermit:Malice"],"picked":"SKIP","floor":12.0},{"not_picked":["hermit:Spite","hermit:Vantage","hermit:TrackingShot"],"picked":"SKIP","floor":13.0},{"not_picked":["hermit:Showdown","hermit:LowProfile"],"picked":"hermit:RoundhouseKick","floor":14.0},{"not_picked":["hermit:OverwhelmingPower+1","hermit:Gambit"],"picked":"hermit:Roughhouse","floor":16.0},{"not_picked":["hermit:Feint+1","hermit:Enervate"],"picked":"hermit:Coalescence","floor":18.0},{"not_picked":["hermit:Malice","hermit:NoHoldsBarred","hermit:Ricochet+1"],"picked":"SKIP","floor":19.0},{"not_picked":["hermit:Coalescence","hermit:Manifest","hermit:WideOpen+1"],"picked":"SKIP","floor":20.0},{"not_picked":["hermit:Malice","hermit:Glare"],"picked":"hermit:TakeAim+1","floor":21.0},{"not_picked":["hermit:Virtue","hermit:Reprieve","hermit:Gestalt"],"picked":"SKIP","floor":24},{"not_picked":["hermit:Manifest","hermit:Roulette","hermit:WideOpen"],"picked":"SKIP","floor":29}],"player_experience":263373,"relics_obtained":[{"floor":6.0,"key":"Frozen Egg 2"},{"floor":9.0,"key":"InkBottle"},{"floor":14.0,"key":"Lantern"},{"floor":22.0,"key":"Nilry\u0027s Codex"},{"floor":24,"key":"Shuriken"},{"floor":26,"key":"Bottled Flame"}],"event_choices":[{"damage_healed":0.0,"max_hp_gain":0.0,"max_hp_loss":0.0,"gold_gain":0.0,"event_name":"Shining Light","player_choice":"Entered Light","floor":2.0,"gold_loss":0.0,"damage_taken":15.0,"cards_upgraded":["hermit:Snapshot","hermit:Defend_Hermit"]},{"damage_healed":0.0,"max_hp_gain":5.0,"max_hp_loss":0.0,"gold_gain":0.0,"event_name":"Big Fish","player_choice":"Donut","floor":3.0,"gold_loss":0.0,"damage_taken":0.0},{"damage_healed":0.0,"max_hp_gain":0.0,"max_hp_loss":0.0,"gold_gain":175.0,"event_name":"Liars Game","player_choice":"AGREE","floor":5.0,"gold_loss":0.0,"damage_taken":0.0,"cards_obtained":["Doubt"]},{"damage_healed":0.0,"max_hp_gain":0.0,"max_hp_loss":0.0,"gold_gain":0.0,"event_name":"Cursed Tome","player_choice":"Obtained Book","floor":22.0,"gold_loss":0.0,"damage_taken":16.0},{"damage_healed":0,"gold_gain":0,"player_choice":"Opened","damage_taken":0,"relics_obtained":["Letter Opener"],"max_hp_gain":0,"max_hp_loss":0,"event_name":"The Mausoleum","floor":27,"gold_loss":0,"cards_obtained":["Writhe"]},{"damage_healed":0,"gold_gain":0,"player_choice":"Ignored","damage_taken":0,"max_hp_gain":0,"max_hp_loss":0,"event_name":"Vampires","floor":28,"gold_loss":0},{"cards_removed":["hermit:Defend_Hermit"],"damage_healed":0,"gold_gain":0,"player_choice":"Gave Gold","damage_taken":0,"max_hp_gain":0,"max_hp_loss":0,"event_name":"Beggar","floor":31,"gold_loss":75}],"is_beta":false,"boss_relics":[{"not_picked":["Black Star","hermit:ClaspedLocket"],"picked":"Ectoplasm"}],"items_purged_floors":[8,30],"is_endless":false,"potions_floor_spawned":[1,10,12,14,16,18,24,29],"killed_by":"Collector","ascension_level":1}}