{"host":"nsz9w3nbq5dzmcfk","time":1610666657,"event":{"mods":["AchievementEnabler","Bard","Bartender","BaseMod","Beaked The Cultist","Better Skull","Better Third Choice","Block Reminder","Card Forge","Challenge The Spire","Colored Map","DeckTracker","Downfall","Gremlin Mod","Gremlin Skip","Hermit","Magitek Elite","Minty Spire (QoL Compilation)","Quick Restart","Shade Mod","StSLib","Td1madao Mod","The Bladedancer","The Bug Knight","The Clintock","The Construct","The Dragon Tamer","The Exalted","The Florist","The Hayseed","The Hierophant","The IronCluck","The Judge","The Jungle","The Marked","The Necromancer","The Spell Scribe","TheArtist","TheSwordswoman"],"gold_per_floor":[109,109,109,120,120,120,155,0,27,65,65,81,122,122,122,245,245,263,263,288,306,306,306,340,340,365,403,403,424,448,448,448,579,579,598,661,661,661,661],"floor_reached":38,"language":"ENG","playtime":1562,"items_purged":[],"score":428,"play_id":"7893c672-de58-4cfe-8be2-3a0ce38df52b","local_time":"20210114182417","is_ascension_mode":false,"campfire_choices":[{"floor":6.0,"key":"REST"},{"floor":15.0,"key":"REST"},{"floor":23.0,"key":"REST"},{"floor":25.0,"key":"REST"},{"floor":32,"key":"REST"}],"circlet_count":0,"master_deck":["theMarked:Strike+1","theMarked:Strike+1","theMarked:Strike+1","theMarked:Defend+1","theMarked:Defend+1","theMarked:Defend+1","theMarked:Defend+1","theMarked:SoldierOfQuellstein+1","theMarked:PowerFlow+1","theMarked:Opportunist+1","theMarked:Aftermath+1","theMarked:ChannelForce+1","theMarked:ResourceFulStrike+1","theMarked:EmpowerWeapon+1","theMarked:EternalStudent+1","theMarked:ResourceFulStrike+1","theMarked:EmpowerWeapon+1"],"relics":["theMarked:ArtifactOfAir","Hammer of Thor","Seething Fire","Anvil of the Gods","Golden Idol","Regal Pillow","Guard_Bracelet","Juzu Bracelet","Bromod:ArcaneAwakening","InkBottle","Akabeko","Black Star","MutagenicStrength","Lantern","Centennial Puzzle","Tintinnabulum","The Courier","Frozen Egg 2","Gem_Box","construct:RocketBooster"],"acts_visited":["Exordium","TheCity","TheBeyond"],"potions_floor_usage":[],"damage_taken":[{"damage":0.0,"enemies":"2 Louse","floor":1.0,"turns":2.0},{"damage":0.0,"enemies":"Small Slimes","floor":4.0,"turns":2.0},{"damage":6.0,"enemies":"3 Sentries","floor":7.0,"turns":8.0},{"damage":14.0,"enemies":"Lagavulin","floor":10.0,"turns":9.0},{"damage":0.0,"enemies":"Cultist","floor":12.0,"turns":2.0},{"damage":20.0,"enemies":"Gremlin Nob","floor":13.0,"turns":4.0},{"damage":33.0,"enemies":"The Guardian","floor":16.0,"turns":8.0},{"damage":2.0,"enemies":"3 Byrds","floor":18.0,"turns":5.0},{"damage":0.0,"enemies":"Spheric Guardian","floor":20.0,"turns":3.0},{"damage":13.0,"enemies":"Snake Plant","floor":21.0,"turns":3.0},{"damage":7.0,"enemies":"Book of Stabbing","floor":24.0,"turns":3.0},{"damage":39.0,"enemies":"Slavers","floor":27.0,"turns":5.0},{"damage":4,"enemies":"3 Cultists","floor":29,"turns":4},{"damage":12,"enemies":"Centurion and Healer","floor":30,"turns":3},{"damage":53,"enemies":"Collector","floor":33,"turns":8},{"damage":9,"enemies":"3 Shapes","floor":35,"turns":5},{"damage":32,"enemies":"Mind Bloom Boss Battle","floor":36,"turns":5},{"damage":42,"enemies":"2 Orb Walkers","floor":38,"turns":4}],"seed_played":"-1008006344866706882","potions_obtained":[{"floor":4.0,"key":"BlessingOfTheForge"},{"floor":12.0,"key":"hexamod:EctoCoolerPotion"},{"floor":13.0,"key":"SkillPotion"},{"floor":16.0,"key":"champ:CounterPotion"},{"floor":18.0,"key":"Regen Potion"},{"floor":20.0,"key":"champ:CounterPotion"}],"is_trial":false,"path_per_floor":["M","?","?","M","?","R","E","$","T","E","?","M","E","?","R","B",null,"M","?","M","M","?","R","E","R","T","E","?","M","M","?","R","B",null,"M","?","?","?"],"character_chosen":"THE_DEFAULT","items_purchased":["Guard_Bracelet"],"campfire_rested":5,"item_purchase_floors":[8],"current_hp_per_floor":[77,77,77,77,77,77,71,71,71,57,57,57,37,37,75,42,77,75,75,75,62,62,77,70,77,77,47,48,45,34,35,74,22,77,68,37,38,0,0],"gold":661,"neow_bonus":"TEN_PERCENT_HP_BONUS","is_daily":false,"chose_seed":false,"campfire_upgraded":0,"win_rate":0.0,"timestamp":1610666657,"path_taken":["M","?","?","?","?","R","E","$","T","E","?","M","E","?","R","BOSS","M","?","M","M","?","R","E","R","T","E","?","M","M","?","R","BOSS","M","?","?","?"],"items_purchased_type":["Relic"],"build_version":"2020-12-22","purchased_purges":0,"victory":false,"max_hp_per_floor":[77,77,77,77,77,77,77,77,77,77,77,77,77,77,77,77,77,77,77,77,77,77,77,77,77,77,77,77,77,77,77,77,77,77,77,77,77,77,77],"card_choices":[{"not_picked":["theMarked:ElectricStrings","theMarked:ComboAttacks","theMarked:PowerFlow"],"picked":"SKIP","floor":1.0},{"not_picked":["theMarked:Overcharge","theMarked:HeightenedSenses","theMarked:RepellingDischarge"],"picked":"SKIP","floor":4.0},{"not_picked":["theMarked:Generate","theMarked:ParalyzingBlade","theMarked:HeightenedSenses"],"picked":"SKIP","floor":7.0},{"not_picked":["theMarked:RepellingDischarge","theMarked:WastefulDefense"],"picked":"theMarked:PowerFlow","floor":10.0},{"not_picked":["theMarked:EmpowerWeapon","theMarked:SwordAndMagic"],"picked":"theMarked:Opportunist","floor":12.0},{"not_picked":["theMarked:Static","theMarked:Generate"],"picked":"theMarked:Aftermath","floor":13.0},{"not_picked":["theMarked:Levitate","theMarked:UnarmedFury"],"picked":"theMarked:ChannelForce","floor":16.0},{"not_picked":["theMarked:WardOff","theMarked:RepellingDischarge+1"],"picked":"theMarked:ResourceFulStrike","floor":18.0},{"not_picked":["theMarked:ReduceFriction","theMarked:ElementalBlade"],"picked":"theMarked:EmpowerWeapon","floor":20.0},{"not_picked":["theMarked:WardOff","theMarked:GodGivenPower","theMarked:WastefulDefense+1"],"picked":"SKIP","floor":21.0},{"not_picked":["theMarked:ChainLightning+1","theMarked:WastefulAttack+1"],"picked":"theMarked:EternalStudent","floor":24.0},{"not_picked":["theMarked:ElectricStrings","theMarked:Electrify"],"picked":"theMarked:ResourceFulStrike","floor":27.0},{"not_picked":["theMarked:RepellingDischarge","theMarked:ParalyzingBlade","theMarked:SwordAndMagic"],"picked":"SKIP","floor":29},{"not_picked":["theMarked:SwordAndMagic","theMarked:EnhanceMovement","theMarked:Seal"],"picked":"SKIP","floor":30},{"not_picked":["theMarked:ChainLightning","theMarked:ElectricStrings+1"],"picked":"theMarked:EmpowerWeapon","floor":35}],"player_experience":473577,"relics_obtained":[{"floor":7.0,"key":"Regal Pillow"},{"floor":9.0,"key":"Juzu Bracelet"},{"floor":10.0,"key":"Bromod:ArcaneAwakening"},{"floor":13.0,"key":"Akabeko"},{"floor":24.0,"key":"Lantern"},{"floor":24.0,"key":"Centennial Puzzle"},{"floor":26.0,"key":"Tintinnabulum"},{"floor":27.0,"key":"The Courier"},{"floor":27.0,"key":"Frozen Egg 2"},{"floor":36,"key":"construct:RocketBooster"}],"event_choices":[{"damage_healed":0.0,"max_hp_gain":0.0,"max_hp_loss":0.0,"gold_gain":0.0,"cards_transformed":["theMarked:Strike"],"event_name":"Living Wall","player_choice":"Change","floor":2.0,"gold_loss":0.0,"damage_taken":0.0,"cards_obtained":["theMarked:EnhanceMovement"]},{"damage_healed":0.0,"max_hp_gain":0.0,"max_hp_loss":0.0,"gold_gain":0.0,"event_name":"Upgrade Shrine","player_choice":"Ignored","floor":3.0,"gold_loss":0.0,"damage_taken":0.0},{"damage_healed":0.0,"max_hp_gain":0.0,"max_hp_loss":0.0,"gold_gain":0.0,"event_name":"Golden Idol","player_choice":"Take Wound","floor":5.0,"gold_loss":0.0,"damage_taken":0.0,"relics_obtained":["Golden Idol"],"cards_obtained":["Injury"]},{"damage_healed":0.0,"max_hp_gain":0.0,"max_hp_loss":0.0,"gold_gain":0.0,"event_name":"Dead Adventurer","player_choice":"Searched \u00271\u0027 times","floor":11.0,"gold_loss":0.0,"damage_taken":0.0,"relics_obtained":["InkBottle"]},{"damage_healed":0.0,"max_hp_gain":0.0,"max_hp_loss":0.0,"gold_gain":0.0,"event_name":"Drug Dealer","player_choice":"Inject Mutagens","floor":19.0,"gold_loss":0.0,"damage_taken":0.0,"relics_obtained":["MutagenicStrength"]},{"damage_healed":0.0,"max_hp_gain":0.0,"max_hp_loss":0.0,"gold_gain":0.0,"event_name":"Lab","player_choice":"Got Potions","floor":22.0,"gold_loss":0.0,"damage_taken":0.0},{"damage_healed":0.0,"max_hp_gain":0.0,"max_hp_loss":0.0,"gold_gain":0.0,"event_name":"Cursed Tome","player_choice":"Ignored","floor":28.0,"gold_loss":0.0,"damage_taken":0.0},{"damage_healed":0,"gold_gain":0,"player_choice":"Fight","damage_taken":0,"max_hp_gain":0,"max_hp_loss":0,"event_name":"MindBloom","floor":36,"gold_loss":0},{"damage_healed":0,"gold_gain":0,"player_choice":"Fight","damage_taken":0,"max_hp_gain":0,"max_hp_loss":0,"event_name":"Mysterious Sphere","floor":38,"gold_loss":0}],"is_beta":false,"boss_relics":[{"not_picked":["Philosopher\u0027s Stone","Empty Cage"],"picked":"Black Star"},{"not_picked":["SacredBark","Bromod:ArcaneBarrier"],"picked":"Gem_Box"}],"items_purged_floors":[],"is_endless":false,"potions_floor_spawned":[4,12,13,16,18,20],"killed_by":"2 Orb Walkers","ascension_level":0}}