{"host":"fm9e0lfunjlbhzxv","time":1610597873,"event":{"mods":["AchievementEnabler","BaseMod","Bestiary","Colored Map","Colored Powertips","Key Reminder","Minty Spire (QoL Compilation)","Permanent Neow","Rare Cards Sparkle","Relic Stats","StSLib","The IronCluck","slay the spire mod where everything is the same but ironclad has a cowboy hat"],"gold_per_floor":[111,111,129,129,204,204,237,251,275,275,275],"floor_reached":10,"language":"ENG","playtime":423,"items_purged":[],"score":73,"play_id":"145c2947-ec0d-4061-ae0d-aeaaf004005c","local_time":"20210113201753","is_ascension_mode":true,"campfire_choices":[{"data":"Self Repair","floor":6,"key":"SMITH"}],"circlet_count":0,"master_deck":["Strike_B","Strike_B","Strike_B","Strike_B","Defend_B","Defend_B","Defend_B","Defend_B","Zap","Dualcast","Self Repair+1","Recycle","Heatsinks","Conserve Battery"],"relics":["Snecko Eye","Golden Idol","Bag of Preparation","Nunchaku"],"acts_visited":["Exordium"],"potions_floor_usage":[10],"damage_taken":[{"damage":0,"enemies":"2 Louse","floor":1,"turns":3},{"damage":2,"enemies":"Small Slimes","floor":3,"turns":4},{"damage":44,"enemies":"3 Sentries","floor":7,"turns":9},{"damage":14,"enemies":"Jaw Worm","floor":8,"turns":6},{"damage":11,"enemies":"Gremlin Nob","floor":10,"turns":3}],"seed_played":"2875041246589596402","potions_obtained":[{"floor":7,"key":"PotionOfCapacity"},{"floor":8,"key":"Block Potion"}],"is_trial":false,"path_per_floor":["M","?","M","?","?","R","E","M","T","E"],"character_chosen":"DEFECT","items_purchased":[],"campfire_rested":0,"item_purchase_floors":[],"current_hp_per_floor":[75,80,80,60,49,49,15,11,11,0,0],"gold":275,"neow_bonus":"BOSS_RELIC","is_daily":false,"chose_seed":false,"campfire_upgraded":1,"win_rate":0.0,"timestamp":1610597873,"path_taken":["M","?","M","?","?","R","E","M","T","E"],"items_purchased_type":[],"build_version":"2020-12-22","purchased_purges":0,"victory":false,"max_hp_per_floor":[75,80,80,80,80,80,80,80,80,80,80],"relic_stats":{"Nunchaku":[0],"counters":[5,25],"Golden Idol":10,"Snecko Eye":[45,34,42,44],"Bag of Preparation":[4],"obtain_stats":[{"Nunchaku":9,"Golden Idol":4,"Snecko Eye":0,"Bag of Preparation":7,"Cracked Core":0},{"Nunchaku":4,"Golden Idol":2,"Snecko Eye":0,"Bag of Preparation":3,"Cracked Core":0},{"Nunchaku":22,"Golden Idol":7,"Snecko Eye":0,"Bag of Preparation":16,"Cracked Core":0}]},"card_choices":[{"not_picked":["Gash","FTL"],"picked":"Self Repair","floor":1},{"not_picked":["Gash","Conserve Battery"],"picked":"Recycle","floor":3},{"not_picked":["Reprogram","Skim"],"picked":"Heatsinks","floor":7},{"not_picked":["Go for the Eyes","Scrape"],"picked":"Conserve Battery","floor":8}],"player_experience":411561,"relics_obtained":[{"floor":7,"key":"Bag of Preparation"},{"floor":9,"key":"Nunchaku"}],"event_choices":[{"damage_healed":0,"gold_gain":0,"player_choice":"Donut","damage_taken":0,"max_hp_gain":5,"max_hp_loss":0,"event_name":"Big Fish","floor":2,"gold_loss":0},{"damage_healed":0,"gold_gain":0,"player_choice":"Take Damage","damage_taken":20,"relics_obtained":["Golden Idol"],"max_hp_gain":0,"max_hp_loss":0,"event_name":"Golden Idol","floor":4,"gold_loss":0},{"damage_healed":0,"gold_gain":75,"player_choice":"Gather Gold","damage_taken":11,"max_hp_gain":0,"max_hp_loss":0,"event_name":"World of Goop","floor":5,"gold_loss":0}],"is_beta":false,"boss_relics":[],"items_purged_floors":[],"is_endless":false,"potions_floor_spawned":[7,8],"killed_by":"Gremlin Nob","ascension_level":2}}