{"host":"boha5gfllk8aong2","time":1610630301,"event":{"mods":["BaseMod","DeckTracker","Minty Spire (QoL Compilation)"],"gold_per_floor":[15,15,29,47,222,222,222,222,222,222,247,266,284,300,300,423,423,448,121,142,160,160,196,196,196,196],"floor_reached":25,"language":"ENG","playtime":2241,"items_purged":["Doubt"],"score":215,"play_id":"3a995232-09d2-45bb-8d03-45dff832d83a","local_time":"20210114061821","is_ascension_mode":false,"campfire_choices":[{"data":"Zap","floor":6,"key":"SMITH"},{"data":"Dualcast","floor":8,"key":"SMITH"},{"data":"Darkness","floor":10,"key":"SMITH"},{"floor":15,"key":"REST"},{"data":"Multi-Cast","floor":24,"key":"SMITH"}],"circlet_count":0,"master_deck":["Strike_B","Strike_B","Strike_B","Defend_B","Defend_B","Defend_B","Zap+1","Dualcast+1","Darkness+1","Genetic Algorithm","Beam Cell","Sweeping Beam","Beam Cell","Capacitor","Multi-Cast+1","Leap+1","Redo","Writhe","Seek"],"relics":["Cracked Core","Golden Idol","PreservedInsect","Coffee Dripper","Bottled Tornado","Smiling Mask","Darkstone Periapt"],"acts_visited":["Exordium","TheCity"],"potions_floor_usage":[16,16,16],"damage_taken":[{"damage":3,"enemies":"Small Slimes","floor":1,"turns":3},{"damage":9,"enemies":"Jaw Worm","floor":3,"turns":4},{"damage":4,"enemies":"Cultist","floor":4,"turns":4},{"damage":29,"enemies":"Gremlin Gang","floor":11,"turns":4},{"damage":3,"enemies":"2 Fungi Beasts","floor":12,"turns":4},{"damage":0,"enemies":"Large Slime","floor":13,"turns":4},{"damage":5,"enemies":"Looter","floor":14,"turns":4},{"damage":15,"enemies":"Hexaghost","floor":16,"turns":8},{"damage":14,"enemies":"Spheric Guardian","floor":18,"turns":4},{"damage":6,"enemies":"2 Thieves","floor":20,"turns":4},{"damage":16,"enemies":"Snecko","floor":21,"turns":5},{"damage":36,"enemies":"Slavers","floor":23,"turns":6},{"damage":18,"enemies":"Centurion and Healer","floor":25,"turns":4}],"seed_played":"1370640403683430778","potions_obtained":[{"floor":4,"key":"PowerPotion"},{"floor":11,"key":"Dexterity Potion"},{"floor":14,"key":"LiquidMemories"},{"floor":16,"key":"LiquidBronze"},{"floor":20,"key":"SneckoOil"},{"floor":21,"key":"CultistPotion"}],"is_trial":false,"path_per_floor":["M","?","M","M","?","R","?","R","T","R","M","M","M","M","R","B",null,"M","$","M","M","?","E","R","M"],"character_chosen":"DEFECT","items_purchased":["Bottled Tornado"],"campfire_rested":1,"item_purchase_floors":[19],"current_hp_per_floor":[72,54,45,41,41,41,41,41,41,41,12,9,9,4,26,11,75,61,61,55,39,39,3,3,0,0],"gold":196,"neow_bonus":"TRANSFORM_TWO_CARDS","is_daily":false,"chose_seed":false,"campfire_upgraded":4,"win_rate":0.0,"timestamp":1610630301,"path_taken":["M","?","M","M","?","R","?","R","T","R","M","?","M","M","R","BOSS","M","$","?","M","?","E","R","M"],"items_purchased_type":["Relic"],"build_version":"2020-12-22","purchased_purges":1,"victory":false,"max_hp_per_floor":[75,75,75,75,75,75,75,75,75,75,75,75,75,75,75,75,75,75,75,75,75,75,75,75,75,75],"card_choices":[{"not_picked":["Turbo","Rebound"],"picked":"Beam Cell","floor":1},{"not_picked":["Stack","Fusion"],"picked":"Sweeping Beam","floor":3},{"not_picked":["Turbo","Gash","Consume"],"picked":"SKIP","floor":4},{"not_picked":["Turbo","Cold Snap"],"picked":"Beam Cell","floor":11},{"not_picked":["Rebound","Sweeping Beam"],"picked":"Capacitor","floor":12},{"not_picked":["Turbo","Amplify","Capacitor"],"picked":"SKIP","floor":13},{"not_picked":["Conserve Battery","Turbo","Rebound"],"picked":"SKIP","floor":14},{"not_picked":["Amplify","Thunder Strike"],"picked":"Multi-Cast","floor":16},{"not_picked":["Go for the Eyes","Chaos"],"picked":"Leap+1","floor":18},{"not_picked":["Blizzard+1","Gash+1","Fusion"],"picked":"SKIP","floor":20},{"not_picked":["Conserve Battery+1","Turbo"],"picked":"Redo","floor":21},{"not_picked":["Gash+1","Sweeping Beam+1"],"picked":"Seek","floor":23}],"player_experience":123697,"relics_obtained":[{"floor":9,"key":"PreservedInsect"},{"floor":23,"key":"Darkstone Periapt"}],"event_choices":[{"damage_healed":0,"gold_gain":0,"player_choice":"Take Damage","damage_taken":18,"relics_obtained":["Golden Idol"],"max_hp_gain":0,"max_hp_loss":0,"event_name":"Golden Idol","floor":2,"gold_loss":0},{"damage_healed":0,"gold_gain":175,"player_choice":"AGREE","damage_taken":0,"max_hp_gain":0,"max_hp_loss":0,"event_name":"Liars Game","floor":5,"gold_loss":0,"cards_obtained":["Doubt"]},{"damage_healed":0,"gold_gain":0,"player_choice":"Bought 0 Potions","damage_taken":0,"max_hp_gain":0,"max_hp_loss":0,"event_name":"The Woman in Blue","floor":7,"gold_loss":0},{"damage_healed":0,"gold_gain":0,"player_choice":"Opened","damage_taken":0,"relics_obtained":["Smiling Mask"],"max_hp_gain":0,"max_hp_loss":0,"event_name":"The Mausoleum","floor":22,"gold_loss":0,"cards_obtained":["Writhe"]}],"is_beta":false,"boss_relics":[{"not_picked":["Snecko Eye","Runic Dome"],"picked":"Coffee Dripper"}],"items_purged_floors":[19],"is_endless":false,"potions_floor_spawned":[4,11,14,16,20,21],"killed_by":"Centurion and Healer","ascension_level":0}}