{"host":"k4v81cw6j0eb8mtc","time":1610644860,"event":{"mods":["BaseMod","BetterRewards","Conspire","GifTheSpireLib","Hubris","Minty Spire (QoL Compilation)","Quick Restart","Replay The Spire","StSLib"],"gold_per_floor":[109,128,128,128,144,173,79,89,89,118,128,128,161,7,7,110,110,121,140,65,65,83,114,114,114,166,193,193,44,44,70,70,166,166,181,231,231,247,4,35,35,54,54,54,54],"floor_reached":44,"language":"ENG","playtime":1802,"items_purged":[],"score":562,"play_id":"54e4dab5-7b6f-4bec-81fb-ca2d49bf5bd6","local_time":"20210114122100","is_ascension_mode":false,"campfire_choices":[{"data":"Footwork","floor":12,"key":"SMITH"},{"data":"Terror","floor":15,"key":"SMITH"},{"data":"Phantasmal Killer","floor":25,"key":"SMITH"},{"floor":28,"key":"REST"},{"data":"Survivor","floor":32,"key":"SMITH"},{"floor":41,"key":"REST"}],"circlet_count":0,"master_deck":["Strike_G+1","Strike_G","Defend_G","Defend_G","Defend_G","Defend_G","Defend_G","Survivor+1","Neutralize","Poisoned Stab","Quick Slash","Terror+1","Footwork+1","Flying Knee","Deflect","Infinite Blades","Dagger Throw","Replay:Poison Smokescreen","Sucker Punch","Slice","Phantasmal Killer+1","Underhanded Strike+1","Prepared","Backstab","Cloak And Dagger","Dagger Throw","Backflip","Dagger Throw","Poisoned Stab","Storm of Steel","Dagger Throw","Infinite Blades+1","Prepared+1","Dagger Spray","Crippling Poison"],"relics":["Ring of the Snake","NeowsBlessing","Replay:Towering Pillar of Hats","Vampiric Spirits","Question Card","hubris:SlimyHat","Toolbox","ChewingGum","CaptainsWheel","Toy Ornithopter","Durian","Replay:Baseball","Omamori","Empty Cage","FossilizedHelix","hubris:Icosahedron","Onion Ring","Shovel","Du-Vu Doll"],"acts_visited":["Exordium","TheCity","TheBeyond"],"potions_floor_usage":[13,23,23,33,35,40,40],"damage_taken":[{"damage":0.0,"enemies":"Small Slimes","floor":1.0,"turns":1.0},{"damage":0.0,"enemies":"Jaw Worm","floor":2.0,"turns":1.0},{"damage":0.0,"enemies":"2 Louse","floor":5.0,"turns":1.0},{"damage":7,"enemies":"Lagavulin","floor":6,"turns":6},{"damage":0,"enemies":"Red Slaver","floor":8,"turns":6},{"damage":9,"enemies":"3 Sentries","floor":10,"turns":10},{"damage":1,"enemies":"Blue Slaver","floor":11,"turns":4},{"damage":2,"enemies":"Lagavulin","floor":13,"turns":7},{"damage":22,"enemies":"Hexaghost","floor":16,"turns":11},{"damage":0,"enemies":"Chosen","floor":18,"turns":4},{"damage":6,"enemies":"Shell Parasite","floor":19,"turns":4},{"damage":23,"enemies":"3 Cultists","floor":22,"turns":6},{"damage":10,"enemies":"conspire:SneckoGhost","floor":23,"turns":6},{"damage":24,"enemies":"Book of Stabbing","floor":27,"turns":6},{"damage":3,"enemies":"conspire:Head Lice","floor":31,"turns":4},{"damage":63,"enemies":"hubris:MusketHawk","floor":33,"turns":10},{"damage":7,"enemies":"3 Darklings","floor":35,"turns":5},{"damage":25,"enemies":"Mind Bloom Boss Battle","floor":36,"turns":6},{"damage":0,"enemies":"3 Shapes","floor":38,"turns":3},{"damage":51,"enemies":"Giant Head","floor":40,"turns":9},{"damage":8,"enemies":"Transient","floor":42,"turns":5},{"damage":0,"enemies":"Maw","floor":44,"turns":2}],"seed_played":"-258865084877140566","potions_obtained":[{"floor":1.0,"key":"Milkshake"},{"floor":10,"key":"Dexterity Potion"},{"floor":22,"key":"Explosive Potion"},{"floor":27,"key":"Dexterity Potion"},{"floor":33,"key":"Explosive Potion"},{"floor":35,"key":"PowerPotion"},{"floor":36,"key":"Weak Potion"},{"floor":40,"key":"LiquidBronze"}],"is_trial":false,"path_per_floor":["M","M","?","?","M","E","$","M","T","E","M","R","E","$","R","B",null,"M","M","$","?","M","E","?","R","T","E","R","$","?","E","R","B",null,"M","?","?","M","$","E","R","M","T","M"],"character_chosen":"THE_SILENT","items_purchased":["Deflect","Infinite Blades","Toolbox","Backstab","Replay:Baseball","Onion Ring"],"campfire_rested":2,"item_purchase_floors":[7,7,14,20,29,39],"current_hp_per_floor":[70,70,70,70,70,63,63,63,63,58,61,61,60,60,60,43,70,70,64,64,64,44,45,70,70,70,51,73,73,73,72,72,17,75,68,46,46,50,50,24,46,46,46,55,55],"gold":54,"neow_bonus":"THREE_ENEMY_KILL","is_daily":false,"chose_seed":false,"campfire_upgraded":4,"win_rate":0.0,"timestamp":1610644860,"path_taken":["M","M","?","?","M","E","?","M","T","E","?","R","E","$","R","BOSS","M","M","$","?","?","E","?","R","T","E","R","?","?","E","R","BOSS","M","?","?","M","?","E","R","M","T","M"],"items_purchased_type":["Card","Card","Relic","Card","Relic","Relic"],"build_version":"2020-12-22","purchased_purges":0,"victory":false,"max_hp_per_floor":[70,70,70,70,70,70,70,70,70,70,70,70,70,70,70,70,70,70,70,70,70,70,70,70,70,70,75,75,75,75,75,75,75,75,75,75,75,75,75,75,75,75,75,75,75],"card_choices":[{"not_picked":["Finisher","Sneak Up"],"picked":"Poisoned Stab","floor":1.0},{"not_picked":["PiercingWail","Calculated Gamble"],"picked":"Quick Slash","floor":2.0},{"not_picked":["ReplayTheSpireMod:Exploit Weakness","Hidden Blade"],"picked":"Footwork","floor":5.0},{"not_picked":["Dodge and Roll","Calculated Gamble"],"picked":"Flying Knee","floor":6},{"not_picked":["Skewer","hubris:SlightOfHand"],"picked":"Dagger Throw","floor":8},{"not_picked":["Bouncing Flask","Reflex"],"picked":"Replay:Poison Smokescreen","floor":10},{"not_picked":["hubris:SlightOfHand","Calculated Gamble","Bane"],"picked":"Sucker Punch","floor":11},{"not_picked":["hubris:Sniper","Heel Hook","Predator"],"picked":"Slice","floor":13},{"not_picked":["Doppelganger","Grand Finale","Atom Bomb"],"picked":"Phantasmal Killer","floor":16},{"not_picked":["Slice","Flechettes+1","Draining Mist"],"picked":"Underhanded Strike+1","floor":18},{"not_picked":["hubris:Counter+1","Hidden Blade+1","Endless Agony"],"picked":"Prepared","floor":19},{"not_picked":["ReplayTheSpireMod:Exploit Weakness","Toxin Wave+1","Dagger Spray+1"],"picked":"Dagger Throw","floor":22},{"not_picked":["Burst","ReplayTheSpireMod:The Works","Sneak Up+1"],"picked":"Backflip","floor":23},{"not_picked":["Acrobatics","Poison Darts","Well Laid Plans+1"],"picked":"Dagger Throw","floor":27},{"not_picked":["Flying Knee","hubris:SlightOfHand","Blade Dance"],"picked":"Poisoned Stab","floor":31},{"not_picked":["Night Terror","A Thousand Cuts","Malaise"],"picked":"Storm of Steel","floor":33},{"not_picked":["Deadly Poison+1","hubris:SlightOfHand+1","Eviscerate"],"picked":"Dagger Throw","floor":35},{"not_picked":["Flying Knee","Distraction","Bane"],"picked":"Infinite Blades+1","floor":36},{"not_picked":["Dodge and Roll","Storm of Steel","Well Laid Plans+1"],"picked":"Prepared+1","floor":38},{"not_picked":["Setup","Predator+1","Deadly Poison+1"],"picked":"Dagger Spray","floor":40},{"not_picked":["Acrobatics+1","Flechettes+1","Bane"],"picked":"Crippling Poison","floor":42}],"player_experience":220168,"relics_obtained":[{"floor":6,"key":"Replay:Towering Pillar of Hats"},{"floor":9,"key":"Vampiric Spirits"},{"floor":10,"key":"Question Card"},{"floor":13,"key":"hubris:SlimyHat"},{"floor":23,"key":"CaptainsWheel"},{"floor":26,"key":"Toy Ornithopter"},{"floor":27,"key":"Durian"},{"floor":31,"key":"Omamori"},{"floor":36,"key":"FossilizedHelix"},{"floor":40,"key":"Shovel"},{"floor":43,"key":"Du-Vu Doll"}],"event_choices":[{"damage_healed":0.0,"max_hp_gain":0.0,"max_hp_loss":0.0,"gold_gain":0.0,"cards_transformed":["Strike_G"],"event_name":"Living Wall","player_choice":"Change","floor":4.0,"gold_loss":0.0,"damage_taken":0.0,"cards_obtained":["Terror"]},{"damage_healed":0,"gold_gain":0,"player_choice":"Read","damage_taken":0,"max_hp_gain":0,"max_hp_loss":0,"event_name":"The Library","floor":21,"gold_loss":0,"cards_obtained":["Cloak And Dagger"]},{"damage_healed":25,"gold_gain":0,"player_choice":"Full Heal","damage_taken":0,"max_hp_gain":0,"max_hp_loss":0,"event_name":"Wheel of Change","floor":24,"gold_loss":0},{"damage_healed":0,"gold_gain":0,"player_choice":"Fight","damage_taken":0,"max_hp_gain":0,"max_hp_loss":0,"event_name":"MindBloom","floor":36,"gold_loss":0}],"is_beta":false,"boss_relics":[{"not_picked":["hubris:GrandSneckoEye","hubris:HollowSoul"],"picked":"ChewingGum"},{"not_picked":["hubris:VirtuousBlindfold","Runic Dome"],"picked":"Empty Cage"}],"items_purged_floors":[],"is_endless":false,"potions_floor_spawned":[1,10,22,27,33,35,36,40],"killed_by":"Maw","ascension_level":0}}