{"host":"tom9euzqew4po1rs","time":1610636819,"event":{"mods":["BaseMod","Curses Come First","Downfall","Minty Spire (QoL Compilation)","Quick Restart","Rare Cards Sparkle","Replay The Spire","StSLib","The Cursed"],"gold_per_floor":[111,131,60,75,150,179,199,213,262,262,277,297,297,297,297,427,427,421,62,78,99,99,99,99,99],"floor_reached":24,"language":"ENG","playtime":1371,"items_purged":[],"score":220,"play_id":"f10ef1bd-e212-4c3c-965c-878789458dd9","local_time":"20210114100659","is_ascension_mode":true,"campfire_choices":[{"data":"Hello World","floor":10,"key":"SMITH"},{"floor":13,"key":"REST"},{"floor":15,"key":"DIG"},{"floor":23,"key":"REST"}],"circlet_count":0,"master_deck":["Strike_B","Strike_B","Strike_B","Defend_B","Defend_B","Defend_B+1","Defend_B+1","Zap","Dualcast","All For One","Conserve Battery","Hologram","FTL","Panic Button","Time Bomb","Hello World+1","Gash","Double Energy","Loop","Creative AI","Genetic Algorithm","Genetic Algorithm","Capacitor","Capacitor","Amplify","Steam","Consume","Rebound"],"relics":["Cracked Core","Matryoshka","Replay:Wax Seal","Simple Rune","Golden Idol","Bronze Scales","SlaversCollar","DollysMirror"],"acts_visited":["Exordium","TheCity"],"potions_floor_usage":[2,6,16,18,21],"damage_taken":[{"damage":1,"enemies":"Cultist","floor":1,"turns":3},{"damage":5,"enemies":"Jaw Worm","floor":2,"turns":2},{"damage":0,"enemies":"Small Slimes","floor":4,"turns":3},{"damage":9,"enemies":"3 Sentries","floor":6,"turns":7},{"damage":6,"enemies":"Looter","floor":7,"turns":2},{"damage":3,"enemies":"Blue Slaver","floor":8,"turns":3},{"damage":14,"enemies":"Red Slaver","floor":11,"turns":3},{"damage":0,"enemies":"Large Slime","floor":12,"turns":4},{"damage":13,"enemies":"Hexaghost","floor":16,"turns":9},{"damage":20,"enemies":"2 Thieves","floor":18,"turns":4},{"damage":14,"enemies":"Shell Parasite","floor":20,"turns":6},{"damage":24,"enemies":"Snecko","floor":21,"turns":6},{"damage":55,"enemies":"Centurion and Healer","floor":24,"turns":8}],"seed_played":"8343145593828970268","potions_obtained":[{"floor":2,"key":"Fruit Juice"},{"floor":4,"key":"hexamod:EctoCoolerPotion"},{"floor":12,"key":"Swift Potion"},{"floor":16,"key":"DuplicationPotion"},{"floor":20,"key":"SkillPotion"}],"is_trial":false,"path_per_floor":["M","M","$","M","?","E","M","M","T","R","M","M","R","?","R","B",null,"M","$","M","M","?","R","M"],"character_chosen":"DEFECT","items_purchased":["FTL","DollysMirror","Capacitor","Amplify"],"campfire_rested":2,"item_purchase_floors":[3,19,19,19],"current_hp_per_floor":[74,74,74,74,63,54,48,45,45,45,31,31,55,35,35,22,80,60,60,46,22,22,46,0,0],"gold":99,"neow_bonus":"ONE_RANDOM_RARE_CARD","is_daily":false,"chose_seed":false,"campfire_upgraded":1,"win_rate":0.0,"timestamp":1610636819,"path_taken":["M","M","$","M","?","E","M","M","T","R","M","M","R","?","R","BOSS","M","$","M","M","?","R","M"],"items_purchased_type":["Card","Relic","Card","Card"],"build_version":"2020-12-22","purchased_purges":0,"victory":false,"max_hp_per_floor":[75,80,80,80,80,80,80,80,80,80,80,80,80,80,80,80,80,80,80,80,80,80,80,80,80],"card_choices":[{"not_picked":["Sweeping Beam","Melter"],"picked":"Conserve Battery","floor":1},{"not_picked":["Undo","BasicCrystalCard"],"picked":"Hologram","floor":2},{"not_picked":["Crystallizer","Darkness"],"picked":"Panic Button","floor":4},{"not_picked":["Coolheaded","Barrage"],"picked":"Time Bomb","floor":6},{"not_picked":["Steam","Streamline"],"picked":"Hello World","floor":7},{"not_picked":["All For One","Skim"],"picked":"Gash","floor":8},{"not_picked":["Steam","Redo"],"picked":"Double Energy","floor":11},{"not_picked":["Beam Cell","Reinforced Body"],"picked":"Loop","floor":12},{"not_picked":["Buffer","Seek"],"picked":"Creative AI","floor":16},{"not_picked":["Time Bomb+1","Cold Snap"],"picked":"Genetic Algorithm","floor":18},{"not_picked":["Ball Lightning","Sweeping Beam+1"],"picked":"Steam","floor":20},{"not_picked":["Sweeping Beam","ReplayTheSpireMod:Reroute Power"],"picked":"Consume","floor":21}],"player_experience":130476,"relics_obtained":[{"floor":6,"key":"Matryoshka"},{"floor":9,"key":"Replay:Wax Seal"},{"floor":9,"key":"Simple Rune"},{"floor":15,"key":"Bronze Scales"}],"event_choices":[{"damage_healed":0,"gold_gain":75,"player_choice":"Gather Gold","damage_taken":11,"max_hp_gain":0,"max_hp_loss":0,"event_name":"World of Goop","floor":5,"gold_loss":0},{"damage_healed":0,"gold_gain":0,"player_choice":"Take Damage","damage_taken":20,"relics_obtained":["Golden Idol"],"max_hp_gain":0,"max_hp_loss":0,"event_name":"Golden Idol","floor":14,"gold_loss":0},{"damage_healed":0,"gold_gain":0,"cards_transformed":["Strike_B"],"player_choice":"Transformed","damage_taken":0,"max_hp_gain":0,"max_hp_loss":0,"event_name":"Transmorgrifier","floor":22,"gold_loss":0,"cards_obtained":["Rebound"]}],"is_beta":false,"boss_relics":[{"not_picked":["Busted Crown","Cursed Key"],"picked":"SlaversCollar"}],"items_purged_floors":[],"is_endless":false,"potions_floor_spawned":[2,4,12,16,20],"killed_by":"Centurion and Healer","ascension_level":2}}