{"host":"ws1rigs6jhqnf67d","time":1610623399,"event":{"mods":["BaseMod","Friendly Minions","KinomotoSakuraMod(ƒæ÷Æ±æ”£)","Kiyohime£®«Âºß£©","Lobotomy","LobotomyExtend","Marisa£®ÏF”Í°°ƒß¿Ì…≥£©","Minty Spire (QoL Compilation)","Remilia£®¿Ÿ√◊¿Ú—«£©","StSLib","The Bug Knight","Youmu£®ªÍ∆«—˝√Œ£©","[IsaacMod]“‘»ˆº‚À˛"],"gold_per_floor":[115,125,200,214,214,244,244,272,272,316,331,361,361,380,380,487,487,515,367,385,400,409,434,434,460,534,41,41,68,80,100,100,214,223,238,248,268,57,57,87,87,107,107,139,139,157,185,213,213,213,213],"floor_reached":52,"language":"ZHS","playtime":2266,"items_purged":[],"score":1412,"play_id":"c695707b-e6a9-4a87-bffb-6533f86b82c8","local_time":"20210114192319","is_ascension_mode":true,"campfire_choices":[{"floor":7.0,"key":"REST"},{"floor":13.0,"key":"REST"},{"data":"ClowCardTheFight","floor":15.0,"key":"SMITH"},{"floor":24.0,"key":"REST"},{"data":"SpellCardSeal","floor":32,"key":"SMITH"},{"floor":41,"key":"REST"},{"floor":45,"key":"REST"},{"floor":49,"key":"REST"}],"circlet_count":0,"master_deck":["SakuraCardTheFight+","SakuraCardTheShield+","SakuraCardTheMove+","AscendersBane","ClowCardTheSword+1","ClowCardTheSword","ClowCardTheSword","ClowCardTheSword","ClowCardTheShield+1","ClowCardTheShield+1","SpellCardSeal+1","SpellCardRelease","ClowCardTheTime","ClowCardTheFight+1","ClowCardTheJump+1","SakuraCardTheLove+","ClowCardTheFirey+1","ClowCardTheLight","ClowCardTheFreeze+1","ClowCardTheTwin"],"relics":["KSMOD_SealedBook","KSMOD_StarWand","HushsDoor","DeadEye","LetterFromLob","CeramicFish","Bronze Scales","Bag of Marbles","War Paint","Orichalcum","SacredBark","Whetstone","KSMOD_TouyasBicycle","Du-Vu Doll","Gremlin Horn","Molten Egg 2","HollowMod:LifeEnderRelic","Strawberry","Akabeko","Pantograph","Bottled Lightning","Thread and Needle","Letter Opener"],"acts_visited":["Exordium","TheCity","TheBeyond"],"potions_floor_usage":[33,50,50],"damage_taken":[{"damage":0.0,"enemies":"Small Slimes","floor":1.0,"turns":4.0},{"damage":7.0,"enemies":"Jaw Worm","floor":2.0,"turns":2.0},{"damage":0.0,"enemies":"2 Louse","floor":4.0,"turns":3.0},{"damage":20.0,"enemies":"Lagavulin","floor":6.0,"turns":7.0},{"damage":9.0,"enemies":"HollowMod:MossKnight","floor":8.0,"turns":7.0},{"damage":0.0,"enemies":"Gremlin Nob","floor":10.0,"turns":2.0},{"damage":1.0,"enemies":"Blue Slaver","floor":11.0,"turns":3.0},{"damage":13.0,"enemies":"Lagavulin","floor":12.0,"turns":4.0},{"damage":11.0,"enemies":"Exordium Wildlife","floor":14.0,"turns":4.0},{"damage":15.0,"enemies":"The Guardian","floor":16.0,"turns":6.0},{"damage":0.0,"enemies":"3 Byrds","floor":18.0,"turns":6.0},{"damage":3.0,"enemies":"Shell Parasite","floor":20.0,"turns":3.0},{"damage":11.0,"enemies":"Snake Plant","floor":21.0,"turns":3.0},{"damage":6.0,"enemies":"Slavers","floor":23.0,"turns":6.0},{"damage":0.0,"enemies":"HollowMod:Nosk","floor":25.0,"turns":4.0},{"damage":0.0,"enemies":"Snecko","floor":29.0,"turns":2.0},{"damage":3,"enemies":"Chosen and Byrds","floor":30,"turns":2},{"damage":8,"enemies":"Snake Plant","floor":31,"turns":4},{"damage":24,"enemies":"Collector","floor":33,"turns":5},{"damage":13,"enemies":"Orb Walker","floor":35,"turns":3},{"damage":2,"enemies":"3 Shapes","floor":36,"turns":3},{"damage":0,"enemies":"Sphere and 2 Shapes","floor":37,"turns":3},{"damage":39,"enemies":"Nemesis","floor":40,"turns":5},{"damage":0,"enemies":"Jaw Worm Horde","floor":42,"turns":3},{"damage":4,"enemies":"Giant Head","floor":44,"turns":5},{"damage":0,"enemies":"3 Darklings","floor":46,"turns":3},{"damage":16,"enemies":"4 Shapes","floor":47,"turns":1},{"damage":14,"enemies":"HollowMod:StalkingDevout","floor":48,"turns":4},{"damage":41,"enemies":"Time Eater","floor":50,"turns":6}],"seed_played":"2430275272461818248","potions_obtained":[{"floor":1.0,"key":"KSMOD_MagickBottle"},{"floor":6.0,"key":"Swift Potion"},{"floor":8.0,"key":"SteroidPotion"},{"floor":14.0,"key":"GamblersBrew"},{"floor":16.0,"key":"Energy Potion"},{"floor":20.0,"key":"FearPotion"},{"floor":36,"key":"Regen Potion"}],"is_trial":false,"path_per_floor":["M","M","?","M","?","E","R","E","T","E","M","E","R","M","R","B",null,"M","$","M","M","?","E","R","E","T","$","?","M","M","M","R","B",null,"M","M","M","$","?","E","R","M","T","E","R","M","M","E","R","B",null,null],"character_chosen":"KINOMOTOSAKURA","items_purchased":["Whetstone","Molten Egg 2","HollowMod:LifeEnderRelic","ClowCardTheCreate","Akabeko","ClowCardTheFreeze+1"],"campfire_rested":6,"item_purchase_floors":[19,27,27,34,38,38],"current_hp_per_floor":[63,56,45,45,45,25,46,37,37,37,36,23,44,33,33,18,57,57,57,54,43,43,37,58,58,58,58,58,58,55,47,47,23,55,42,47,47,47,47,8,29,29,29,25,46,46,30,16,37,45,45],"gold":213,"neow_bonus":"ONE_RANDOM_RARE_CARD","is_daily":false,"chose_seed":false,"campfire_upgraded":2,"win_rate":0.0,"timestamp":1610623399,"path_taken":["M","M","?","M","?","E","R","E","T","E","M","E","R","M","R","BOSS","M","$","M","M","?","E","R","E","T","$","?","M","?","M","R","BOSS","M","M","M","$","?","E","R","M","T","E","R","M","M","E","R","BOSS"],"items_purchased_type":["Relic","Relic","Relic","Card","Relic","Card"],"build_version":"2020-12-22","purchased_purges":0,"victory":true,"max_hp_per_floor":[70,70,70,70,70,70,70,70,70,70,70,70,70,70,70,70,70,70,70,70,70,70,70,70,70,70,70,70,70,70,70,70,70,66,66,73,73,73,73,73,73,73,73,73,73,73,73,73,73,73,73],"card_choices":[{"not_picked":["ClowCardTheDream","ClowCardTheEarthy","ClowCardTheStorm"],"picked":"SKIP","floor":1.0},{"not_picked":["ClowCardTheWood","ClowCardTheLibra","ClowCardTheWatery"],"picked":"SKIP","floor":2.0},{"not_picked":["ClowCardTheSong","ClowCardTheArrow"],"picked":"ClowCardTheMove","floor":4.0},{"not_picked":["ClowCardTheErase","ClowCardTheFlower","ClowCardTheSweet"],"picked":"SKIP","floor":6.0},{"not_picked":["ClowCardTheGlow","ClowCardThePower","ClowCardTheSnow"],"picked":"SKIP","floor":8.0},{"not_picked":["ClowCardTheMist","ClowCardTheShadow"],"picked":"ClowCardTheFight","floor":10.0},{"not_picked":["ClowCardTheCloud","ClowCardTheShot","ClowCardTheIllusion"],"picked":"SKIP","floor":11.0},{"not_picked":["ClowCardTheChange","ClowCardTheStorm","ClowCardTheCloud"],"picked":"SKIP","floor":12.0},{"not_picked":["ClowCardTheLibra","ClowCardTheSnow","ClowCardTheLock"],"picked":"SKIP","floor":14.0},{"not_picked":["ClowCardTheCreate","ClowCardTheThrough"],"picked":"ClowCardTheFight","floor":16.0},{"not_picked":["ClowCardTheCloud+1","ClowCardTheRain"],"picked":"ClowCardTheJump+1","floor":18.0},{"not_picked":["ClowCardTheBig","ClowCardTheSilent+1","ClowCardTheMirror+1"],"picked":"SKIP","floor":20.0},{"not_picked":["ClowCardTheFlower","ClowCardTheFly","ClowCardTheDream"],"picked":"SKIP","floor":21.0},{"not_picked":["ClowCardTheVoice","ClowCardTheGlow+1","ClowCardTheSand"],"picked":"SKIP","floor":23.0},{"not_picked":["ClowCardTheEarthy+1","ClowCardTheArrow","ClowCardTheLittle+1"],"picked":"SKIP","floor":25.0},{"not_picked":["ClowCardTheWindy","ClowCardTheWatery"],"picked":"ClowCardTheFirey+1","floor":29.0},{"not_picked":["ClowCardTheShot+1","ClowCardTheReturn","ClowCardTheCloud"],"picked":"SKIP","floor":30},{"not_picked":["ClowCardTheMirror","ClowCardTheMaze+1","ClowCardTheGlow"],"picked":"SKIP","floor":31},{"not_picked":["ClowCardTheDash","ClowCardTheDark"],"picked":"ClowCardTheLight","floor":33},{"not_picked":["ClowCardTheDream","ClowCardTheSand+1","ClowCardTheRain+1"],"picked":"SKIP","floor":35},{"not_picked":["ClowCardTheFloat","ClowCardTheWindy+1","ClowCardTheDream"],"picked":"SKIP","floor":36},{"not_picked":["ClowCardTheFly","ClowCardTheEarthy","ClowCardTheCloud"],"picked":"SKIP","floor":37},{"not_picked":["ClowCardTheStorm+1","ClowCardTheSand+1","ClowCardTheDash"],"picked":"SKIP","floor":40},{"not_picked":["ClowCardTheChange+1","ClowCardTheSilent+1","ClowCardTheSnow+1"],"picked":"SKIP","floor":42},{"not_picked":["ClowCardTheErase+1","ClowCardTheLibra","ClowCardTheFirey+1"],"picked":"SKIP","floor":44},{"not_picked":["ClowCardTheFirey","ClowCardTheIllusion","ClowCardTheWatery+1"],"picked":"SKIP","floor":46},{"not_picked":["ClowCardTheSilent+1","ClowCardTheSong+1"],"picked":"ClowCardTheTwin","floor":47},{"not_picked":["ClowCardTheMirror","ClowCardTheIllusion","ClowCardTheBubbles+1"],"picked":"SKIP","floor":48}],"player_experience":800217,"relics_obtained":[{"floor":1.0,"key":"LetterFromLob"},{"floor":6.0,"key":"CeramicFish"},{"floor":8.0,"key":"Bronze Scales"},{"floor":9.0,"key":"Bag of Marbles"},{"floor":10.0,"key":"War Paint"},{"floor":12.0,"key":"Orichalcum"},{"floor":23.0,"key":"KSMOD_TouyasBicycle"},{"floor":25.0,"key":"Du-Vu Doll"},{"floor":26.0,"key":"Gremlin Horn"},{"floor":36,"key":"Strawberry"},{"floor":40,"key":"Pantograph"},{"floor":43,"key":"Bottled Lightning"},{"floor":44,"key":"Thread and Needle"},{"floor":48,"key":"Letter Opener"}],"event_choices":[{"damage_healed":0.0,"max_hp_gain":0.0,"max_hp_loss":0.0,"gold_gain":75.0,"event_name":"World of Goop","player_choice":"Gather Gold","floor":3.0,"gold_loss":0.0,"damage_taken":11.0},{"damage_healed":0.0,"max_hp_gain":0.0,"max_hp_loss":0.0,"gold_gain":0.0,"event_name":"Living Wall","player_choice":"Grow","floor":5.0,"gold_loss":0.0,"damage_taken":0.0,"cards_upgraded":["ClowCardTheMove"]},{"cards_removed":["ClowCardTheShield"],"damage_healed":0.0,"max_hp_gain":0.0,"max_hp_loss":0.0,"gold_gain":0.0,"event_name":"Purifier","player_choice":"Purged","floor":28.0,"gold_loss":0.0,"damage_taken":0.0},{"damage_healed":0,"gold_gain":0,"player_choice":"Bought 0 Potions","damage_taken":0,"max_hp_gain":0,"max_hp_loss":0,"event_name":"The Woman in Blue","floor":39,"gold_loss":0}],"is_beta":false,"boss_relics":[{"not_picked":["Astrolabe","Pandora\u0027s Box"],"picked":"SacredBark"},{"not_picked":[]},{"not_picked":["Fusion Hammer","SlaversCollar"],"picked":"KSMOD_StarWand"},{"not_picked":[]}],"items_purged_floors":[],"is_endless":false,"potions_floor_spawned":[1,6,8,14,16,20,29,30,31,36,42,46,47,48],"ascension_level":11}}