{"host":"msa0wxqjs3jv1k3j","time":1610631109,"event":{"mods":["AchievementEnabler","BaseMod","BetterRewards","Colored Map","Highlight Path","KOR Keyword Fix","Keyboard Shortcuts","Minty Spire (QoL Compilation)","Quick Restart","SuperFastMode","everything is the same but u backflip on backflip"],"gold_per_floor":[61,81,81,81,0,0,35,45,45,45,61,61,61,87,87,192,242,256,256,256,256,274,274,189,208,208,208,219,219,144,155,155,259,259,276,58,58,72,92,121,40,40,40,40,40,73,93,118,118,118],"floor_reached":51,"language":"KOR","playtime":1827,"items_purged":["Defend_G"],"score":966,"play_id":"88e90c14-397f-47dc-8491-0fa28602b10d","local_time":"20210114223149","is_ascension_mode":false,"campfire_choices":[{"data":"Accuracy","floor":6,"key":"SMITH"},{"data":"Bullet Time","floor":10,"key":"SMITH"},{"data":"Accuracy","floor":15,"key":"SMITH"},{"data":"Infinite Blades","floor":23,"key":"SMITH"},{"data":"Blade Dance","floor":27,"key":"SMITH"},{"data":"Neutralize","floor":29,"key":"SMITH"},{"data":"Acrobatics","floor":32,"key":"SMITH"},{"data":"Blade Dance","floor":45,"key":"SMITH"},{"floor":49,"key":"REST"}],"circlet_count":0,"master_deck":["Strike_G+1","Strike_G+1","Strike_G+1","Strike_G+1","Defend_G+1","Defend_G+1","Defend_G+1","Survivor","Neutralize+1","Cloak And Dagger","Blade Dance+1","Accuracy+1","Bullet Time+1","Accuracy+1","Cloak And Dagger","Infinite Blades+1","Blade Dance+1","Accuracy+1","After Image+1","Infinite Blades+1","Acrobatics+1","After Image+1","Accuracy+1","Defend_P","Blade Dance+1","Well Laid Plans+1"],"relics":["Ring of the Snake","Ice Cream","Tough Bandages","Orrery","Bag of Marbles","Dead Branch","Frozen Egg 2","Bottled Lightning","MealTicket","Tiny House","The Specimen","Sundial","SlaversCollar","PreservedInsect","Blue Candle","Ornamental Fan","Art of War","Potion Belt"],"acts_visited":["Exordium","TheCity","TheBeyond"],"potions_floor_usage":[],"damage_taken":[{"damage":0,"enemies":"Small Slimes","floor":1,"turns":2},{"damage":0,"enemies":"Cultist","floor":2,"turns":3},{"damage":4,"enemies":"3 Sentries","floor":7,"turns":5},{"damage":0,"enemies":"Jaw Worm","floor":8,"turns":3},{"damage":13,"enemies":"Red Slaver","floor":11,"turns":2},{"damage":0,"enemies":"Gremlin Nob","floor":14,"turns":2},{"damage":24,"enemies":"Hexaghost","floor":16,"turns":6},{"damage":0,"enemies":"3 Byrds","floor":18,"turns":3},{"damage":0,"enemies":"2 Thieves","floor":22,"turns":1},{"damage":5,"enemies":"Cultist and Chosen","floor":25,"turns":3},{"damage":0,"enemies":"Snake Plant","floor":28,"turns":3},{"damage":0,"enemies":"Centurion and Healer","floor":31,"turns":3},{"damage":0,"enemies":"Collector","floor":33,"turns":3},{"damage":0,"enemies":"3 Darklings","floor":35,"turns":4},{"damage":0,"enemies":"Orb Walker","floor":38,"turns":3},{"damage":0,"enemies":"Jaw Worm Horde","floor":39,"turns":2},{"damage":0,"enemies":"Giant Head","floor":40,"turns":3},{"damage":16,"enemies":"Reptomancer","floor":46,"turns":3},{"damage":2,"enemies":"4 Shapes","floor":47,"turns":3},{"damage":16,"enemies":"Nemesis","floor":48,"turns":3},{"damage":0,"enemies":"Donu and Deca","floor":50,"turns":4}],"seed_played":"-8762302490540666870","potions_obtained":[{"floor":1,"key":"SneckoOil"},{"floor":7,"key":"SteroidPotion"},{"floor":11,"key":"AttackPotion"},{"floor":14,"key":"Strength Potion"},{"floor":25,"key":"PowerPotion"}],"is_trial":false,"path_per_floor":["M","M","$","?","$","R","E","M","T","R","M","$","T","E","R","B",null,"M","?","?","?","M","R","?","M","T","R","M","R","?","M","R","B",null,"M","$","?","M","M","E","$","?","T","?","R","E","M","E","R","B",null],"character_chosen":"THE_SILENT","items_purchased":["Ice Cream","Cloak And Dagger","Blade Dance","Accuracy","Orrery","Infinite Blades","PreservedInsect","Accuracy+1","Well Laid Plans+1"],"campfire_rested":1,"item_purchase_floors":[0,0,0,0,0,5,36,36,41],"current_hp_per_floor":[70,70,70,70,70,70,66,66,66,66,53,53,53,53,53,29,75,75,75,75,75,75,75,75,70,70,70,70,70,70,70,70,70,75,75,75,75,75,75,75,75,71,71,71,71,55,53,37,58,58],"gold":118,"neow_bonus":"","is_daily":false,"chose_seed":false,"campfire_upgraded":8,"win_rate":0.0,"timestamp":1610631109,"path_taken":["M","M","$","?","$","R","E","?","T","R","M","?","?","E","R","BOSS","M","?","?","?","M","R","?","M","T","R","M","R","?","M","R","BOSS","M","$","?","?","M","E","?","?","T","?","R","E","?","E","R","BOSS"],"items_purchased_type":["Relic","Card","Card","Card","Relic","Card","Relic","Card","Card"],"build_version":"2020-12-22","purchased_purges":1,"victory":true,"max_hp_per_floor":[70,70,70,70,70,70,70,70,70,70,70,70,70,70,70,70,75,75,75,75,75,75,75,75,75,75,75,75,75,75,75,75,75,75,75,75,75,75,75,75,75,71,71,71,71,71,71,71,71,71],"card_choices":[{"not_picked":["Dagger Throw","Sucker Punch"],"picked":"Bullet Time","floor":0.0},{"not_picked":["Calculated Gamble","Dagger Throw"],"picked":"Accuracy","floor":0.0},{"not_picked":["Acrobatics","Noxious Fumes"],"picked":"Cloak And Dagger","floor":1},{"not_picked":["Blur","Dodge and Roll","Dagger Throw"],"picked":"SKIP","floor":2},{"not_picked":["Backflip","All Out Attack","Cloak And Dagger"],"picked":"SKIP","floor":7},{"not_picked":["Dagger Throw","Dodge and Roll","Cloak And Dagger"],"picked":"SKIP","floor":8},{"not_picked":["Backstab","Noxious Fumes+1"],"picked":"Blade Dance","floor":11},{"not_picked":["Dagger Spray","Masterful Stab","Doppelganger"],"picked":"SKIP","floor":14},{"not_picked":["Caltrops+1","Distraction","Poisoned Stab+1"],"picked":"SKIP","floor":18},{"not_picked":["Poisoned Stab+1","Dagger Throw"],"picked":"After Image+1","floor":22},{"not_picked":["Eviscerate+1","Prepared","Reflex+1"],"picked":"SKIP","floor":25},{"not_picked":["Acrobatics","Reflex"],"picked":"Infinite Blades+1","floor":28},{"not_picked":["Backflip","Quick Slash"],"picked":"Acrobatics","floor":31},{"not_picked":["Bullet Time","Tools of the Trade+1"],"picked":"After Image+1","floor":33},{"not_picked":["Blur+1","Prepared","Leg Sweep"],"picked":"SKIP","floor":35},{"not_picked":["Tactician","Choke+1","Flying Knee"],"picked":"SKIP","floor":38},{"not_picked":["Backstab","Cloak And Dagger+1","Blur+1"],"picked":"SKIP","floor":39},{"not_picked":["Underhanded Strike","Masterful Stab+1"],"picked":"Blade Dance+1","floor":40},{"not_picked":["PiercingWail","Quick Slash+1","Catalyst"],"picked":"SKIP","floor":46},{"not_picked":["Expertise+1","Catalyst","Acrobatics"],"picked":"SKIP","floor":47},{"not_picked":["All Out Attack+1","Catalyst","Dodge and Roll+1"],"picked":"SKIP","floor":48}],"player_experience":113596,"relics_obtained":[{"floor":7,"key":"Dead Branch"},{"floor":9,"key":"Frozen Egg 2"},{"floor":13,"key":"Bottled Lightning"},{"floor":14,"key":"MealTicket"},{"floor":26,"key":"Sundial"},{"floor":40,"key":"Blue Candle"},{"floor":43,"key":"Ornamental Fan"},{"floor":46,"key":"Art of War"},{"floor":48,"key":"Potion Belt"}],"event_choices":[{"damage_healed":0,"gold_gain":0,"player_choice":"Gave Potion","damage_taken":0,"relics_obtained":["Bag of Marbles"],"max_hp_gain":0,"max_hp_loss":0,"event_name":"WeMeetAgain","floor":4,"gold_loss":0},{"damage_healed":0,"gold_gain":0,"player_choice":"Ignored","damage_taken":0,"max_hp_gain":0,"max_hp_loss":0,"event_name":"Ghosts","floor":19,"gold_loss":0},{"damage_healed":0,"gold_gain":0,"player_choice":"Simplicity","damage_taken":0,"max_hp_gain":0,"max_hp_loss":0,"event_name":"Back to Basics","floor":20,"gold_loss":0,"cards_upgraded":["Strike_G","Strike_G","Strike_G","Strike_G","Strike_G","Defend_G","Defend_G","Defend_G"]},{"damage_healed":0,"gold_gain":0,"player_choice":"Read","damage_taken":0,"max_hp_gain":0,"max_hp_loss":0,"event_name":"The Library","floor":21,"gold_loss":0,"cards_obtained":["Accuracy"]},{"damage_healed":0,"gold_gain":0,"player_choice":"Obtained Relic","damage_taken":0,"relics_obtained":["The Specimen"],"max_hp_gain":0,"max_hp_loss":0,"event_name":"Addict","floor":24,"gold_loss":85},{"cards_removed":["Strike_G"],"damage_healed":0,"gold_gain":0,"player_choice":"Gave Gold","damage_taken":0,"max_hp_gain":0,"max_hp_loss":0,"event_name":"Beggar","floor":30,"gold_loss":75},{"cards_removed":["Defend_G"],"damage_healed":0,"gold_gain":0,"player_choice":"Took Card","damage_taken":0,"max_hp_gain":0,"max_hp_loss":0,"event_name":"NoteForYourself","floor":37,"gold_loss":0,"cards_obtained":["Defend_P"]},{"damage_healed":0,"gold_gain":0,"player_choice":"Max HP","damage_taken":0,"max_hp_gain":0,"max_hp_loss":4,"event_name":"Winding Halls","floor":42,"gold_loss":0},{"damage_healed":0,"gold_gain":0,"player_choice":"Full Heal","damage_taken":0,"max_hp_gain":0,"max_hp_loss":0,"event_name":"Wheel of Change","floor":44,"gold_loss":0}],"is_beta":false,"boss_relics":[{"not_picked":["Coffee Dripper","Cursed Key"],"picked":"Tiny House"},{"not_picked":["Black Star","Busted Crown"],"picked":"SlaversCollar"}],"items_purged_floors":[0],"is_endless":false,"potions_floor_spawned":[1,7,11,14,18,25,28,33,38,39],"ascension_level":0}}