{"host":"c2vrdknshfutmcsq","time":1610650510,"event":{"mods":["BaseMod","Minty Spire (QoL Compilation)"],"gold_per_floor":[114,114,133,150,160,191,191,222,222,232,382,382,382,382,382,459,459,482,444,472,498,528,540,540],"floor_reached":23,"language":"ENG","playtime":1381,"items_purged":[],"score":422,"play_id":"96563b67-96df-40a2-9477-1dd1497217b5","local_time":"20210114195510","is_ascension_mode":true,"campfire_choices":[{"floor":7.0,"key":"REST"},{"data":"Dualcast","floor":12.0,"key":"SMITH"},{"floor":15.0,"key":"REST"}],"circlet_count":0,"master_deck":["AscendersBane","Strike_B+1","Strike_B","Strike_B","Strike_B","Defend_B","Defend_B","Defend_B","Defend_B","Zap","Dualcast+1","Ball Lightning","FTL","Lockon","Echo Form+1","Glacier","Go for the Eyes","Ball Lightning","Doubt","Cold Snap","Thunder Strike","CurseOfTheBell","Stack","Conserve Battery"],"relics":["Cracked Core","NeowsBlessing","CultistMask","Thread and Needle","Pen Nib","Blood Vial","Calling Bell","MawBank","Singing Bowl","StoneCalendar"],"acts_visited":["Exordium","TheCity"],"potions_floor_usage":[22,23],"damage_taken":[{"damage":0.0,"enemies":"Cultist","floor":1.0,"turns":1.0},{"damage":0.0,"enemies":"2 Louse","floor":3.0,"turns":1.0},{"damage":0.0,"enemies":"Jaw Worm","floor":4.0,"turns":1.0},{"damage":7.0,"enemies":"2 Fungi Beasts","floor":5.0,"turns":3.0},{"damage":35.0,"enemies":"Gremlin Nob","floor":6.0,"turns":4.0},{"damage":0.0,"enemies":"Lagavulin","floor":8.0,"turns":6.0},{"damage":21.0,"enemies":"Exordium Thugs","floor":10.0,"turns":4.0},{"damage":22.0,"enemies":"Slime Boss","floor":16.0,"turns":9.0},{"damage":0.0,"enemies":"Chosen","floor":18.0,"turns":3.0},{"damage":1.0,"enemies":"Spheric Guardian","floor":20.0,"turns":3.0},{"damage":27.0,"enemies":"Snake Plant","floor":21.0,"turns":6.0},{"damage":12,"enemies":"Snecko","floor":22,"turns":4},{"damage":21,"enemies":"Gremlin Leader","floor":23,"turns":5}],"seed_played":"214861236870996808","potions_obtained":[{"floor":5.0,"key":"Explosive Potion"},{"floor":6.0,"key":"EssenceOfSteel"},{"floor":10.0,"key":"Weak Potion"},{"floor":18.0,"key":"Swift Potion"},{"floor":21.0,"key":"DistilledChaos"}],"is_trial":false,"path_per_floor":["M","?","M","M","M","E","R","E","T","M","?","R","?","?","R","B",null,"M","?","M","M","M","E"],"character_chosen":"DEFECT","items_purchased":[],"campfire_rested":2,"item_purchase_floors":[],"current_hp_per_floor":[64,64,64,64,57,22,43,43,43,24,24,24,3,3,24,4,54,58,58,61,36,26,7,7],"gold":540,"neow_bonus":"THREE_ENEMY_KILL","is_daily":false,"chose_seed":false,"campfire_upgraded":1,"win_rate":0.0,"timestamp":1610650510,"path_taken":["M","?","?","M","M","E","R","E","T","M","?","R","?","?","R","BOSS","M","?","?","M","M","E"],"items_purchased_type":[],"build_version":"2020-12-22","purchased_purges":0,"victory":false,"max_hp_per_floor":[71,71,71,71,71,71,71,71,71,71,71,71,71,71,71,71,71,73,73,75,75,75,75,75],"card_choices":[{"not_picked":["Compile Driver","Leap"],"picked":"Ball Lightning","floor":1.0},{"not_picked":["Conserve Battery","Self Repair"],"picked":"FTL","floor":3.0},{"not_picked":["White Noise","Static Discharge"],"picked":"Lockon","floor":4.0},{"not_picked":["Hologram","Redo"],"picked":"Echo Form","floor":5.0},{"not_picked":["Reprogram","Steam"],"picked":"Glacier","floor":6.0},{"not_picked":["Barrage","Darkness"],"picked":"Go for the Eyes","floor":8.0},{"not_picked":["Fusion","FTL"],"picked":"Ball Lightning","floor":10.0},{"not_picked":["Core Surge","All For One"],"picked":"Thunder Strike","floor":16.0},{"not_picked":["Redo","Rebound","Fusion"],"picked":"Singing Bowl","floor":18.0},{"not_picked":["Fusion","Scrape","Beam Cell"],"picked":"Singing Bowl","floor":20.0},{"not_picked":["Turbo","Fusion"],"picked":"Stack","floor":21.0},{"not_picked":["Steam","Sweeping Beam"],"picked":"Conserve Battery","floor":22}],"player_experience":1265246,"relics_obtained":[{"floor":6.0,"key":"Thread and Needle"},{"floor":8.0,"key":"Pen Nib"},{"floor":9.0,"key":"Blood Vial"},{"floor":17.0,"key":"MawBank"},{"floor":17.0,"key":"Singing Bowl"},{"floor":17.0,"key":"StoneCalendar"}],"event_choices":[{"damage_healed":0.0,"max_hp_gain":0.0,"max_hp_loss":0.0,"gold_gain":0.0,"event_name":"FaceTrader","player_choice":"Trade","floor":2.0,"gold_loss":0.0,"damage_taken":0.0,"relics_obtained":["CultistMask"]},{"damage_healed":0.0,"max_hp_gain":0.0,"max_hp_loss":0.0,"gold_gain":150.0,"event_name":"Liars Game","player_choice":"AGREE","floor":11.0,"gold_loss":0.0,"damage_taken":0.0,"cards_obtained":["Doubt"]},{"damage_healed":0.0,"max_hp_gain":0.0,"max_hp_loss":0.0,"gold_gain":0.0,"event_name":"Shining Light","player_choice":"Entered Light","floor":13.0,"gold_loss":0.0,"damage_taken":21.0,"cards_upgraded":["Echo Form","Strike_B"]},{"damage_healed":0.0,"max_hp_gain":0.0,"max_hp_loss":0.0,"gold_gain":0.0,"event_name":"Match and Keep!","player_choice":"1 cards matched","floor":14.0,"gold_loss":0.0,"damage_taken":0.0,"cards_obtained":["Cold Snap"]},{"damage_healed":0.0,"max_hp_gain":0.0,"max_hp_loss":0.0,"gold_gain":0.0,"event_name":"The Joust","player_choice":"Bet on Owner","floor":19.0,"gold_loss":50.0,"damage_taken":0.0}],"is_beta":false,"boss_relics":[{"not_picked":["FrozenCore","Ectoplasm"],"picked":"Calling Bell"}],"items_purged_floors":[],"is_endless":false,"potions_floor_spawned":[5,6,8,10,18,21],"killed_by":"Gremlin Leader","ascension_level":17}}