{"host":"ee5exjejqz6r5zx9","time":1610611254,"event":{"mods":["Act Like it!","BaseMod","Card Forge","Colored Powertips","Custom Start","Gensokyo","HololiveMod","Lobotomy","LobotomyExtend","Minty Spire (QoL Compilation)","MostiFishMod","Pale of the Ancients","Quick Restart","Rare Cards Sparkle","Remove Card Discount Mod","Replay The Spire","RumiaBox-露米娅的神秘盒子","Ryuuou龙王","Shop Mod","StSLib","TestMod","Yakumo Yukari mod","【功能Mod】混沌之环修复补丁","【遗物卡牌】REMEMod"],"gold_per_floor":[3333,2848,2859,2859,2874,2904,2904,2904,2931,2644,2678,2678,2678,2187,2187,2270,2270,2292,2292,2310,1467,1517,1546,1546,1583,1583,1619,1539,1566,1566,1604,1604,1688,1788,1807,1830,1381,1408,1243,1285,1309,1347,1347,1368,1411,1436,1475,1499,1499,1507,1516,1516,1516,1019,1063,1077],"floor_reached":57,"language":"ZHS","playtime":2308,"items_purged":[],"score":3591,"play_id":"69e06f7c-b60d-4b42-a9a2-27ff7b7af32c","local_time":"20210114160054","is_ascension_mode":true,"campfire_choices":[{"floor":7.0,"key":"RECALL"},{"floor":15.0,"key":"REST"},{"floor":32.0,"key":"REST"},{"floor":49,"key":"REST"},{"floor":53,"key":"REST"}],"circlet_count":0,"master_deck":["AscendersBane","Defend_R+1","Defend_R+1","Body Slam+1","Sentinel+1","Pommel Strike+1","Barricade+1","Entrench+1","Feel No Pain+1","Burning Pact+1","Shrug It Off+1","Second Wind+1","Dark Embrace+1","Shockwave+1","Evolve+1","Offering+1","MostiFishMod:BrokenBlackCloak+1","MostiFishMod:OrdinaryWorld+1","Power Through+1"],"relics":["Burning Blood","Hammer of Thor","Seething Fire","Anvil of the Gods","testmod-TestBox","REME_ComplimentaryCards","DaveBox","testmod-DeterminationOfClimber","ChiXiaoBlade","CogitoBucket","SynthV:TestCard","LetterFromLob","Toxic Egg 2","Replay:Mystery Machine","GodSword3","ZombieArmy","HellTrain","Empty Cage","MutagenicStrength","MerchantsRug","Chameleon Ring","HornCleat","ReplayTheSpireMod:Spearhead","Replay:Baseball","Eternal Feather","Molten Egg 2","FleshIdol","MagicDraw2","Replay:Wanted Poster","GodSword7","Centennial Puzzle","AtMidnight","Art of War","Replay:Accelerometer","testmod-CasingShield","Toy Ornithopter","Lantern","TungstenRod","REME_LimitBreaker"],"acts_visited":["Exordium","TheCity","TheBeyond","TheEnding"],"potions_floor_usage":[],"damage_taken":[{"damage":0.0,"enemies":"Jaw Worm","floor":1.0,"turns":1.0},{"damage":0.0,"enemies":"2 Louse","floor":3.0,"turns":1.0},{"damage":0.0,"enemies":"Cultist","floor":5.0,"turns":3.0},{"damage":6.0,"enemies":"3 Sentries","floor":6.0,"turns":1.0},{"damage":6.0,"enemies":"Gremlin Nob","floor":11.0,"turns":3.0},{"damage":12.0,"enemies":"Large Slime","floor":14.0,"turns":1.0},{"damage":12.0,"enemies":"Fading Forest","floor":16.0,"turns":3.0},{"damage":12.0,"enemies":"Chosen","floor":18.0,"turns":2.0},{"damage":6.0,"enemies":"2 Thieves","floor":20.0,"turns":3.0},{"damage":6.0,"enemies":"Replay:Snechameleon","floor":23.0,"turns":2.0},{"damage":6.0,"enemies":"REME_1_Revenger","floor":25.0,"turns":2.0},{"damage":6.0,"enemies":"Slavers","floor":27.0,"turns":1.0},{"damage":6.0,"enemies":"Chosen and Byrds","floor":29.0,"turns":1.0},{"damage":12.0,"enemies":"Book of Stabbing","floor":31.0,"turns":1.0},{"damage":6.0,"enemies":"Champ","floor":33.0,"turns":1.0},{"damage":6.0,"enemies":"3 Darklings","floor":35.0,"turns":1.0},{"damage":6.0,"enemies":"Orb Walker","floor":36.0,"turns":1.0},{"damage":6.0,"enemies":"3 Darklings","floor":38.0,"turns":1.0},{"damage":6.0,"enemies":"Nemesis","floor":40.0,"turns":1.0},{"damage":6.0,"enemies":"Jaw Worm Horde","floor":41.0,"turns":1.0},{"damage":6.0,"enemies":"Reptomancer","floor":42.0,"turns":1.0},{"damage":12,"enemies":"Writhing Mass","floor":44,"turns":2},{"damage":0,"enemies":"Giant Head","floor":45,"turns":2},{"damage":6,"enemies":"Spire Growth","floor":46,"turns":2},{"damage":6,"enemies":"R_Hoarder","floor":47,"turns":1},{"damage":6,"enemies":"4 Shapes","floor":48,"turns":1},{"damage":6,"enemies":"Awakened One","floor":50,"turns":1},{"damage":6,"enemies":"Replay:Hell Engine","floor":51,"turns":1},{"damage":5,"enemies":"Shield and Spear","floor":55,"turns":1},{"damage":0,"enemies":"The Heart","floor":56,"turns":6}],"seed_played":"2322020447279826556","potions_obtained":[{"floor":5.0,"key":"Regen Potion"},{"floor":6.0,"key":"Milkshake"},{"floor":24.0,"key":"EntropicBrew"},{"floor":29.0,"key":"Fire Potion"},{"floor":30.0,"key":"DuplicationPotion"}],"is_trial":false,"path_per_floor":["M","$","M","?","M","E","R","E","T","$","E","T","?","M","R","B",null,"M","?","M","$","?","E","R","E","T","E","?","M","R","E","R","B",null,"M","M","$","M","$","E","M","E","T","M","E","M","E","M","R","B","B",null,"R","$","E","B",null],"character_chosen":"IRONCLAD","items_purchased":["Toxic Egg 2","MostiFishMod:PerfectForm","GodSword3","MerchantsRug","Chameleon Ring","HornCleat","MostiFishMod:BrokenBlackCloak+1","GodSword7","Centennial Puzzle","Art of War","Lantern","TungstenRod"],"campfire_rested":4,"item_purchase_floors":[2,2,10,21,21,21,21,37,37,39,54,54],"current_hp_per_floor":[75,75,75,75,75,75,75,75,75,75,75,75,75,75,75,75,75,73,73,75,75,75,75,75,75,75,75,75,75,75,75,75,75,75,75,75,75,75,75,75,75,75,75,75,75,75,75,75,75,75,75,75,75,75,75,75],"gold":1077,"neow_bonus":"","is_daily":false,"chose_seed":false,"campfire_upgraded":0,"win_rate":0.0,"timestamp":1610611254,"path_taken":["M","$","M","?","M","E","R","E","T","$","E","?","?","M","R","BOSS","M","?","M","$","?","E","R","E","T","E","?","M","R","E","R","BOSS","M","M","$","?","$","E","M","E","T","M","E","M","E","M","R","BOSS","BOSS","R","$","E","BOSS"],"items_purchased_type":["Relic","Card","Relic","Relic","Relic","Relic","Card","Relic","Relic","Relic","Card","Relic"],"build_version":"2020-12-22","purchased_purges":0,"victory":true,"max_hp_per_floor":[75,75,75,75,75,75,75,75,75,75,75,75,75,75,75,75,75,75,75,75,75,75,75,75,75,75,75,75,75,75,75,75,75,75,75,75,75,75,75,75,75,75,75,75,75,75,75,75,75,75,75,75,75,75,75,75],"card_choices":[{"not_picked":["Hemokinesis","Warcry","Armaments"],"picked":"SKIP","floor":1.0},{"not_picked":["Murderer","SpiderBud"],"picked":"Freischutz","floor":3.0},{"not_picked":["Twin Strike","Disarm+1","Cleave","Entrench+1"],"picked":"Feel No Pain","floor":3.0},{"not_picked":["Headbutt","Pommel Strike","Twin Strike","Abandon+1"],"picked":"Offering+1","floor":5.0},{"not_picked":["Ghostly Armor+1","Wild Strike","Cleave","Body Slam","True Grit+1"],"picked":"SKIP","floor":6.0},{"not_picked":["Hemogenesis","Flex+1","Rampage","Anger","Havoc+1"],"picked":"SKIP","floor":11.0},{"not_picked":["Thunderclap","ReplayReversal+1","Clash","Twin Strike","ReplayTheSpireMod:Strike From Hell"],"picked":"SKIP","floor":14.0},{"not_picked":["True Grit+1","Demon Form","Anger","MostiFishMod:BrandingRite+1","Clothesline"],"picked":"SKIP","floor":18.0},{"not_picked":["ReplayReversal+1","Ghostly Armor+1","REME_FearOfPain","Warcry+1","Replay:Undeath\u0027s Touch"],"picked":"SKIP","floor":20.0},{"not_picked":["Clash","Pummel","Wild Strike","Iron Wave","Bloodletting+1"],"picked":"SKIP","floor":23.0},{"not_picked":["Shrug It Off+1","Pummel","Reaper","Seeing Red+1","Armaments+1"],"picked":"SKIP","floor":25.0},{"not_picked":["Shrug It Off+1","Pummel","Reaper","Seeing Red+1","Armaments+1"],"picked":"SKIP","floor":25.0},{"not_picked":["Warcry+1","Run Through+1","Sword Boomerang+1","Rampage+1","Clothesline+1"],"picked":"SKIP","floor":27.0},{"not_picked":["REME_Scribble+1","Heavy Blade+1","Power Through+1","Eclipse+1","Dual Wield+1"],"picked":"SKIP","floor":29.0},{"not_picked":["Infernal Blade+1","Havoc+1","Armaments+1","Second Wind+1","Heavy Blade+1"],"picked":"SKIP","floor":31.0},{"not_picked":["MostiFishMod:Mania","REME_Fury+1","Corruption","Hemogenesis+1"],"picked":"MostiFishMod:OrdinaryWorld+1","floor":33.0},{"not_picked":["Twin Strike+1","Inflame","Body Slam+1","Fire Breathing+1","Clash+1"],"picked":"SKIP","floor":35.0},{"not_picked":["Havoc+1","Infernal Blade+1","Clothesline+1","Wild Strike+1","ReplayTheSpireMod:Strike From Hell+1"],"picked":"SKIP","floor":36.0},{"not_picked":["Dual Wield+1","REME_ACTH+1","Power Through+1","Battle Trance+1","Twin Strike+1"],"picked":"SKIP","floor":38.0},{"not_picked":["Heavy Blade+1","Run Through+1","Thunderclap+1","Life Link+1","Entrench+1"],"picked":"SKIP","floor":40.0},{"not_picked":["Flame Barrier+1","Havoc+1","Perfected Strike+1","Rage+1","Clothesline+1"],"picked":"SKIP","floor":41.0},{"not_picked":["Mercenary","SnowQueen"],"picked":"BlueStar","floor":42.0},{"not_picked":["Burning Pact+1","Rage+1","Armaments+1","Seeing Red+1","ReplayTheSpireMod:Strike From Hell+1"],"picked":"SKIP","floor":42.0},{"not_picked":["Burning Pact+1","Rage+1","Armaments+1","Seeing Red+1","ReplayTheSpireMod:Strike From Hell+1"],"picked":"SKIP","floor":42.0},{"not_picked":["MostiFishMod:OrdinaryWorld+1","Rampage+1","Pommel Strike+1","Perfected Strike+1","ReplayReversal+1"],"picked":"SKIP","floor":44},{"not_picked":["Combust+1","Twin Strike+1","True Grit+1","MostiFishMod:404NotFound+1","Reckless Charge+1"],"picked":"SKIP","floor":45},{"not_picked":["ReplayTheSpireMod:Strike From Hell+1","Armaments+1","Warcry+1","Flex+1","Replay:Undeath\u0027s Touch+1"],"picked":"SKIP","floor":46},{"not_picked":["Corruption","Reckless Charge+1","Defy Death+1","Clash+1","REME_SingleHolding+1"],"picked":"SKIP","floor":47},{"not_picked":["Warcry+1","Thunderclap+1","Wild Strike+1","Seeing Red+1","Clothesline+1"],"picked":"SKIP","floor":48},{"not_picked":["Rage+1","Havoc+1","Replay:Undeath\u0027s Touch+1","MostiFishMod:BrandingRite+1","Defy Death+1"],"picked":"SKIP","floor":55}],"player_experience":434206,"relics_obtained":[{"floor":1.0,"key":"SynthV:TestCard"},{"floor":1.0,"key":"LetterFromLob"},{"floor":6.0,"key":"Replay:Mystery Machine"},{"floor":11.0,"key":"ZombieArmy"},{"floor":12.0,"key":"testmod-InfectionSource"},{"floor":23.0,"key":"ReplayTheSpireMod:Spearhead"},{"floor":25.0,"key":"Replay:Baseball"},{"floor":26.0,"key":"Eternal Feather"},{"floor":27.0,"key":"Molten Egg 2"},{"floor":31.0,"key":"MagicDraw2"},{"floor":38.0,"key":"AtMidnight"},{"floor":40.0,"key":"Replay:Accelerometer"},{"floor":42.0,"key":"testmod-CasingShield"},{"floor":47,"key":"Toy Ornithopter"},{"floor":55,"key":"REME_LimitBreaker"}],"event_choices":[{"cards_removed":["Feel No Pain"],"damage_healed":0.0,"max_hp_gain":0.0,"max_hp_loss":0.0,"gold_gain":0.0,"event_name":"Bonfire Elementals","player_choice":"Offered Uncommon","floor":13.0,"gold_loss":0.0,"damage_taken":0.0},{"damage_healed":0.0,"max_hp_gain":0.0,"max_hp_loss":0.0,"gold_gain":0.0,"event_name":"Drug Dealer","player_choice":"Inject Mutagens","floor":19.0,"gold_loss":0.0,"damage_taken":0.0,"relics_obtained":["MutagenicStrength"]},{"damage_healed":0.0,"max_hp_gain":0.0,"max_hp_loss":0.0,"gold_gain":50.0,"event_name":"Nest","player_choice":"Stole From Cult","floor":22.0,"gold_loss":0.0,"damage_taken":0.0}],"is_beta":false,"boss_relics":[{"not_picked":["RhineCircuit","NightmareShop"],"picked":"Empty Cage"},{"not_picked":["xbg","Busted Crown"],"picked":"Replay:Wanted Poster"}],"items_purged_floors":[],"is_endless":false,"potions_floor_spawned":[5,6,11,23,25,29,33,38,40,41,44,45,48],"ascension_level":20}}