{"host":"msa0wxqjs3jv1k3j","time":1610625763,"event":{"mods":["AchievementEnabler","BaseMod","BetterRewards","Colored Map","Highlight Path","KOR Keyword Fix","Keyboard Shortcuts","Minty Spire (QoL Compilation)","Quick Restart","SuperFastMode","everything is the same but u backflip on backflip"],"gold_per_floor":[116,132,132,144,163,189,189,222,260,17,17,45,10,23,23,134,134,162,171,196,45,69,69,88,117,117,117,117],"floor_reached":27,"language":"KOR","playtime":1166,"items_purged":[],"score":227,"play_id":"a840ddec-9859-4110-99cb-aff80bccfadf","local_time":"20210114210243","is_ascension_mode":false,"campfire_choices":[{"floor":7.0,"key":"REST"},{"data":"Eruption","floor":11.0,"key":"SMITH"},{"data":"BowlingBash","floor":15.0,"key":"SMITH"},{"floor":23,"key":"REST"}],"circlet_count":0,"master_deck":["Strike_P","Strike_P","Strike_P","Strike_P","Defend_P","Defend_P","Eruption+1","Vigilance","BowlingBash+1","Perseverance","MentalFortress","Sanctity","SignatureMove","Protect+1","Alpha+1","MentalFortress","Strike_P","EmptyFist+1","Halt+1","FollowUp+1","Adaptation"],"relics":["PureWater","Dead Branch","ClockworkSouvenir","Centennial Puzzle","Darkstone Periapt","Toxic Egg 2","MawBank","CeramicFish","Eternal Feather","Black Star","Happy Flower","Molten Egg 2"],"acts_visited":["Exordium","TheCity"],"potions_floor_usage":[16,22,24],"damage_taken":[{"damage":3.0,"enemies":"Jaw Worm","floor":1.0,"turns":2.0},{"damage":0.0,"enemies":"Cultist","floor":2.0,"turns":2.0},{"damage":5.0,"enemies":"2 Louse","floor":4.0,"turns":2.0},{"damage":0.0,"enemies":"2 Fungi Beasts","floor":5.0,"turns":2.0},{"damage":27.0,"enemies":"Lagavulin","floor":6.0,"turns":6.0},{"damage":19.0,"enemies":"3 Sentries","floor":8.0,"turns":7.0},{"damage":10.0,"enemies":"Exordium Thugs","floor":12.0,"turns":4.0},{"damage":6.0,"enemies":"3 Louse","floor":14.0,"turns":3.0},{"damage":29,"enemies":"The Guardian","floor":16,"turns":13},{"damage":35,"enemies":"3 Byrds","floor":18,"turns":4},{"damage":24,"enemies":"Shell Parasite","floor":20,"turns":5},{"damage":9,"enemies":"Sentry and Sphere","floor":22,"turns":4},{"damage":1,"enemies":"Snake Plant","floor":24,"turns":4},{"damage":26,"enemies":"Shelled Parasite and Fungi","floor":25,"turns":5}],"seed_played":"7218863243654421280","potions_obtained":[{"floor":1.0,"key":"Explosive Potion"},{"floor":4.0,"key":"Block Potion"},{"floor":12.0,"key":"AttackPotion"},{"floor":16,"key":"Energy Potion"},{"floor":18,"key":"LiquidMemories"},{"floor":25,"key":"PowerPotion"}],"is_trial":false,"path_per_floor":["M","M","?","M","M","E","R","E","T","$","R","M","?","M","R","B",null,"M","?","M","$","M","R","M","M","T","?"],"character_chosen":"WATCHER","items_purchased":["BowlingBash","Perseverance","ClockworkSouvenir","Centennial Puzzle","Darkstone Periapt","Eternal Feather","Happy Flower"],"campfire_rested":2,"item_purchase_floors":[0,0,0,0,0,10,21],"current_hp_per_floor":[69,69,69,64,64,37,58,39,39,39,45,35,53,47,56,27,72,37,37,13,13,4,34,33,7,7,0,0],"gold":117,"neow_bonus":"","is_daily":false,"chose_seed":false,"campfire_upgraded":2,"win_rate":0.0,"timestamp":1610625763,"path_taken":["M","M","?","M","M","E","R","E","T","$","R","?","?","M","R","BOSS","M","?","M","?","M","R","M","?","T","?"],"items_purchased_type":["Card","Card","Relic","Relic","Relic","Relic","Relic"],"build_version":"2020-12-22","purchased_purges":0,"victory":false,"max_hp_per_floor":[72,72,72,72,72,72,72,72,72,72,72,72,72,72,72,72,72,72,72,72,72,72,72,72,72,72,72,72],"card_choices":[{"not_picked":["WheelKick","Perseverance","Evaluate"],"picked":"SKIP","floor":1.0},{"not_picked":["Prostrate","WindmillStrike"],"picked":"MentalFortress","floor":2.0},{"not_picked":["Nirvana","Weave"],"picked":"Sanctity","floor":4.0},{"not_picked":["JustLucky","EmptyFist","Fasting2"],"picked":"SKIP","floor":5.0},{"not_picked":["PathToVictory+1","ReachHeaven"],"picked":"SignatureMove","floor":6.0},{"not_picked":["LikeWater","EmptyFist","ForeignInfluence+1"],"picked":"SKIP","floor":8.0},{"not_picked":["SashWhip","Sanctity+1"],"picked":"Protect+1","floor":12.0},{"not_picked":["ReachHeaven","Blasphemy+1","Protect+1"],"picked":"SKIP","floor":14.0},{"not_picked":["Vault+1","Devotion"],"picked":"Alpha+1","floor":16},{"not_picked":["Protect+1","ThirdEye+1"],"picked":"MentalFortress","floor":18},{"not_picked":["Protect+1","Prostrate+1"],"picked":"EmptyFist+1","floor":20},{"not_picked":["Protect+1","JustLucky+1"],"picked":"Halt+1","floor":22},{"not_picked":["FlyingSleeves","Study+1"],"picked":"FollowUp+1","floor":24},{"not_picked":["Consecrate+1","InnerPeace+1"],"picked":"Adaptation","floor":25}],"player_experience":109213,"relics_obtained":[{"floor":6.0,"key":"Toxic Egg 2"},{"floor":8.0,"key":"MawBank"},{"floor":9.0,"key":"CeramicFish"},{"floor":26,"key":"Molten Egg 2"}],"event_choices":[{"cards_removed":["Defend_P"],"damage_healed":0.0,"max_hp_gain":0.0,"max_hp_loss":0.0,"gold_gain":0.0,"event_name":"Purifier","player_choice":"Purged","floor":3.0,"gold_loss":0.0,"damage_taken":0.0},{"damage_healed":18.0,"max_hp_gain":0.0,"max_hp_loss":0.0,"gold_gain":0.0,"event_name":"The Cleric","player_choice":"Healed","floor":13.0,"gold_loss":35.0,"damage_taken":0.0},{"cards_removed":["Defend_P"],"damage_healed":0,"gold_gain":0,"player_choice":"Took Card","damage_taken":0,"max_hp_gain":0,"max_hp_loss":0,"event_name":"NoteForYourself","floor":19,"gold_loss":0,"cards_obtained":["Strike_P"]}],"is_beta":false,"boss_relics":[{"not_picked":["Velvet Choker","Fusion Hammer"],"picked":"Black Star"}],"items_purged_floors":[],"is_endless":false,"potions_floor_spawned":[1,4,12,16,18,25],"ascension_level":0}}