{"host":"x8gxsinbf7j7wbos","time":1610617295,"event":{"mods":["AchievementEnabler","BaseMod","Better Note","BetterRewards","Colored Powertips","Curses Come First","Minty Spire (QoL Compilation)","Permanent Neow","Poor People Problems","Robot Space Explorer","StSLib"],"gold_per_floor":[111,111,125,125,125,125,150,150,176,210,224,235,235,104,104,213,213,203,226,141,160,177,210,135,135,162,162,187,269,297,320,320,429,429,441,450,450,450,470,470,489,489,538,538,573,64,64,89,89,89,89,89,24,50,50],"floor_reached":56,"language":"ENG","playtime":5667,"items_purged":["RobotSpaceExplorer:Strike","RobotSpaceExplorer:Strike","RobotSpaceExplorer:Defend"],"score":1800,"play_id":"d71aaecb-7e71-489a-a9c8-efd3bd8bab77","local_time":"20210114174135","is_ascension_mode":true,"campfire_choices":[{"data":"RobotSpaceExplorer:Pulsar","floor":6,"key":"SMITH"},{"data":"RobotSpaceExplorer:PlasmaMissile","floor":8,"key":"SMITH"},{"data":"RobotSpaceExplorer:DroneSwarm","floor":15,"key":"SMITH"},{"data":"RobotSpaceExplorer:BlastShield","floor":25,"key":"SMITH"},{"floor":27,"key":"REST"},{"data":"RobotSpaceExplorer:Counterblock","floor":32,"key":"SMITH"},{"data":"RobotSpaceExplorer:Smokescreen","floor":40,"key":"SMITH"},{"data":"RobotSpaceExplorer:FranticSearch","floor":42,"key":"SMITH"},{"data":"RobotSpaceExplorer:IronShell","floor":44,"key":"SMITH"},{"floor":49,"key":"RECALL"},{"data":"RobotSpaceExplorer:Scan","floor":52,"key":"SMITH"}],"circlet_count":0,"master_deck":["RobotSpaceExplorer:Defend+1","RobotSpaceExplorer:Scan+1","RobotSpaceExplorer:MiniLasers","RobotSpaceExplorer:Pulsar+1","RobotSpaceExplorer:MetalStrike","RobotSpaceExplorer:IronShell+1","RobotSpaceExplorer:Counterblock+1","RobotSpaceExplorer:Pulsar+1","RobotSpaceExplorer:PlasmaMissile+1","RobotSpaceExplorer:DroneSwarm+1","RobotSpaceExplorer:Smokescreen+1","RobotSpaceExplorer:BlastShield+1","RobotSpaceExplorer:FranticSearch+1","RobotSpaceExplorer:Pulsar+1","RobotSpaceExplorer:Asteroid+1","Master of Strategy","RobotSpaceExplorer:FreezeRay+1","RobotSpaceExplorer:StarLightning+1"],"relics":["RobotSpaceExplorer:RoboCore","Orrery","War Paint","Blue Candle","CeramicFish","RobotSpaceExplorer:PlasmaHourglass","Philosopher\u0027s Stone","Shovel","Pantograph","Art of War","Molten Egg 2","Velvet Choker","Toy Ornithopter","HornCleat","Chemical X","Letter Opener","Kunai","Shuriken"],"acts_visited":["Exordium","TheCity","TheBeyond","TheEnding"],"potions_floor_usage":[7,10,16,41,48,50,55],"damage_taken":[{"damage":0,"enemies":"Small Slimes","floor":1,"turns":5},{"damage":0,"enemies":"2 Louse","floor":3,"turns":3},{"damage":0,"enemies":"Gremlin Nob","floor":7,"turns":5},{"damage":8,"enemies":"3 Sentries","floor":10,"turns":8},{"damage":0,"enemies":"Cultist","floor":11,"turns":3},{"damage":0,"enemies":"Large Slime","floor":12,"turns":4},{"damage":0,"enemies":"The Guardian","floor":16,"turns":9},{"damage":7,"enemies":"2 Thieves","floor":18,"turns":4},{"damage":0,"enemies":"Spheric Guardian","floor":19,"turns":5},{"damage":8,"enemies":"Snake Plant","floor":21,"turns":5},{"damage":4,"enemies":"Cultist and Chosen","floor":22,"turns":5},{"damage":25,"enemies":"Slavers","floor":23,"turns":5},{"damage":12,"enemies":"Gremlin Leader","floor":28,"turns":7},{"damage":0,"enemies":"3 Cultists","floor":30,"turns":4},{"damage":0,"enemies":"Centurion and Healer","floor":31,"turns":7},{"damage":0,"enemies":"Automaton","floor":33,"turns":10},{"damage":0,"enemies":"3 Darklings","floor":35,"turns":4},{"damage":1,"enemies":"3 Shapes","floor":39,"turns":3},{"damage":4,"enemies":"Jaw Worm Horde","floor":41,"turns":4},{"damage":0,"enemies":"Giant Head","floor":45,"turns":9},{"damage":0,"enemies":"Nemesis","floor":48,"turns":9},{"damage":0,"enemies":"Donu and Deca","floor":50,"turns":7},{"damage":0,"enemies":"Shield and Spear","floor":54,"turns":7},{"damage":9,"enemies":"The Heart","floor":55,"turns":11}],"seed_played":"-3290381094508876845","potions_obtained":[{"floor":3,"key":"BlessingOfTheForge"},{"floor":7,"key":"SpeedPotion"},{"floor":12,"key":"PowerPotion"},{"floor":22,"key":"FearPotion"},{"floor":31,"key":"Block Potion"},{"floor":33,"key":"Swift Potion"},{"floor":35,"key":"DuplicationPotion"},{"floor":41,"key":"DuplicationPotion"}],"is_trial":false,"path_per_floor":["M","?","M","?","?","R","E","R","T","E","M","M","?","$","R","B",null,"M","M","?","M","M","E","?","R","T","R","E","T","M","M","R","B",null,"M","?","?","?","M","R","M","R","T","R","E","$","?","E","R","B",null,"R","$","E","B",null],"character_chosen":"RobotSpaceExplorer","items_purchased":["Orrery","RobotSpaceExplorer:Counterblock","RobotSpaceExplorer:FreezeRay","RobotSpaceExplorer:Smokescreen","Chemical X","Letter Opener","RobotSpaceExplorer:StarLightning+1"],"campfire_rested":1,"item_purchase_floors":[0,0,0,14,46,46,53],"current_hp_per_floor":[67,72,72,72,69,69,69,69,69,61,61,61,61,61,61,61,80,73,73,73,65,61,36,36,36,36,60,48,48,48,48,48,73,80,80,75,75,75,74,74,70,70,70,70,70,70,70,75,75,76,76,76,76,76,67],"gold":50,"neow_bonus":"","is_daily":false,"chose_seed":false,"campfire_upgraded":9,"win_rate":0.0,"timestamp":1610617295,"path_taken":["M","?","M","?","?","R","E","R","T","E","M","M","?","$","R","BOSS","M","?","?","M","M","E","?","R","T","R","E","?","M","M","R","BOSS","M","?","?","?","M","R","M","R","T","R","E","$","?","E","R","BOSS","R","$","E","BOSS"],"items_purchased_type":["Relic","Card","Card","Card","Relic","Relic","Card"],"build_version":"2020-12-22","purchased_purges":3,"victory":true,"max_hp_per_floor":[75,80,80,80,80,80,80,80,80,80,80,80,80,80,80,80,80,80,80,80,80,80,80,80,80,80,80,80,80,80,80,80,80,80,80,80,76,76,76,76,76,76,76,76,76,76,76,76,76,76,76,76,76,76,76],"card_choices":[{"not_picked":["RobotSpaceExplorer:FrostMissile","RobotSpaceExplorer:ExhaustFan"],"picked":"RobotSpaceExplorer:Pulsar","floor":0},{"not_picked":["RobotSpaceExplorer:ShockKick","RobotSpaceExplorer:Ammunition"],"picked":"RobotSpaceExplorer:MetalStrike","floor":0},{"not_picked":["RobotSpaceExplorer:ShockKick","RobotSpaceExplorer:Pulsar"],"picked":"RobotSpaceExplorer:IronShell","floor":0},{"not_picked":["RobotSpaceExplorer:LaserBurst","RobotSpaceExplorer:GlueSpray"],"picked":"RobotSpaceExplorer:Wormhole","floor":0},{"not_picked":["RobotSpaceExplorer:GlueShot","RobotSpaceExplorer:MakeshiftVolley"],"picked":"RobotSpaceExplorer:Jetpack","floor":0},{"not_picked":["RobotSpaceExplorer:SwiftStep","RobotSpaceExplorer:BigMissile","RobotSpaceExplorer:Probe"],"picked":"SKIP","floor":1},{"not_picked":["RobotSpaceExplorer:LuckyStrike","RobotSpaceExplorer:SwiftStep"],"picked":"RobotSpaceExplorer:Pulsar","floor":3},{"not_picked":["RobotSpaceExplorer:RigExplosive","RobotSpaceExplorer:SurgingStrike"],"picked":"RobotSpaceExplorer:PlasmaMissile","floor":7},{"not_picked":["RobotSpaceExplorer:Pulsar","RobotSpaceExplorer:PowerGlove"],"picked":"RobotSpaceExplorer:DroneSwarm","floor":10},{"not_picked":["RobotSpaceExplorer:ScrapMissile","RobotSpaceExplorer:Discharger","RobotSpaceExplorer:ShockKick"],"picked":"SKIP","floor":11},{"not_picked":["RobotSpaceExplorer:StunGrenade","RobotSpaceExplorer:ImprovisedAttack","RobotSpaceExplorer:SurgingShield"],"picked":"SKIP","floor":12},{"not_picked":["RobotSpaceExplorer:Autoloader","RobotSpaceExplorer:HighVoltage"],"picked":"RobotSpaceExplorer:BlastShield","floor":16},{"not_picked":["RobotSpaceExplorer:ScrapToss","RobotSpaceExplorer:SlimeMissile+1","RobotSpaceExplorer:GlueShot+1"],"picked":"SKIP","floor":18},{"not_picked":["RobotSpaceExplorer:Probe","RobotSpaceExplorer:SlimeMissile+1"],"picked":"RobotSpaceExplorer:Wormhole","floor":19},{"not_picked":["RobotSpaceExplorer:DualCore+1","RobotSpaceExplorer:PowerGlove","RobotSpaceExplorer:SlimeMissile"],"picked":"SKIP","floor":21},{"not_picked":["RobotSpaceExplorer:GearShield","RobotSpaceExplorer:SwiftStep","RobotSpaceExplorer:Ammunition"],"picked":"SKIP","floor":22},{"not_picked":["RobotSpaceExplorer:SurgingStrike+1","RobotSpaceExplorer:SurgingShield","RobotSpaceExplorer:SelfCleaning+1"],"picked":"SKIP","floor":23},{"not_picked":["RobotSpaceExplorer:PowerGlove","RobotSpaceExplorer:Jetpack","RobotSpaceExplorer:Electroshield"],"picked":"SKIP","floor":28},{"not_picked":["RobotSpaceExplorer:ShovelStrike+1","RobotSpaceExplorer:Counterblock"],"picked":"RobotSpaceExplorer:FranticSearch","floor":30},{"not_picked":["RobotSpaceExplorer:MakeshiftVolley+1","RobotSpaceExplorer:SurgingStrike+1"],"picked":"RobotSpaceExplorer:Pulsar+1","floor":31},{"not_picked":["RobotSpaceExplorer:TrailblazerForm","RobotSpaceExplorer:BlastShield"],"picked":"RobotSpaceExplorer:Asteroid+1","floor":33},{"not_picked":["RobotSpaceExplorer:Discharger","RobotSpaceExplorer:MiniDrones+1","RobotSpaceExplorer:RigExplosive"],"picked":"SKIP","floor":35},{"not_picked":["Enlightenment","Forethought"],"picked":"Master of Strategy","floor":36},{"not_picked":["RobotSpaceExplorer:ImprovisedAttack+1","RobotSpaceExplorer:Electroshield+1"],"picked":"RobotSpaceExplorer:FreezeRay+1","floor":39},{"not_picked":["RobotSpaceExplorer:PowerGlove","RobotSpaceExplorer:SlimeMissile+1","RobotSpaceExplorer:StunGrenade+1"],"picked":"SKIP","floor":41},{"not_picked":["RobotSpaceExplorer:Pulsar","RobotSpaceExplorer:Ammunition+1","RobotSpaceExplorer:ShovelStrike+1"],"picked":"SKIP","floor":45},{"not_picked":["RobotSpaceExplorer:DualCore+1","RobotSpaceExplorer:MakeshiftVolley+1","RobotSpaceExplorer:Ammunition"],"picked":"SKIP","floor":48},{"not_picked":["RobotSpaceExplorer:StunGrenade+1","RobotSpaceExplorer:TrailblazerForm","RobotSpaceExplorer:DoubleBlock"],"picked":"SKIP","floor":54}],"player_experience":1034234,"relics_obtained":[{"floor":7,"key":"Blue Candle"},{"floor":9,"key":"CeramicFish"},{"floor":10,"key":"RobotSpaceExplorer:PlasmaHourglass"},{"floor":23,"key":"Pantograph"},{"floor":28,"key":"Art of War"},{"floor":29,"key":"Molten Egg 2"},{"floor":43,"key":"Toy Ornithopter"},{"floor":45,"key":"HornCleat"},{"floor":48,"key":"Kunai"},{"floor":54,"key":"Shuriken"}],"event_choices":[{"damage_healed":0,"gold_gain":0,"player_choice":"Donut","damage_taken":0,"max_hp_gain":5,"max_hp_loss":0,"event_name":"Big Fish","floor":2,"gold_loss":0},{"cards_removed":["RobotSpaceExplorer:Strike"],"damage_healed":0,"gold_gain":0,"player_choice":"Forget","damage_taken":0,"max_hp_gain":0,"max_hp_loss":0,"event_name":"Living Wall","floor":4,"gold_loss":0},{"damage_healed":0,"gold_gain":0,"player_choice":"Success","damage_taken":3,"relics_obtained":["War Paint"],"max_hp_gain":0,"max_hp_loss":0,"event_name":"Scrap Ooze","floor":5,"gold_loss":0},{"cards_removed":["RobotSpaceExplorer:Strike"],"damage_healed":0,"gold_gain":0,"player_choice":"Offered Basic","damage_taken":0,"max_hp_gain":0,"max_hp_loss":0,"event_name":"Bonfire Elementals","floor":13,"gold_loss":0},{"damage_healed":0,"gold_gain":0,"player_choice":"Obtained Relic","damage_taken":0,"relics_obtained":["Shovel"],"max_hp_gain":0,"max_hp_loss":0,"event_name":"Addict","floor":20,"gold_loss":85},{"cards_removed":["RobotSpaceExplorer:Defend"],"damage_healed":0,"gold_gain":0,"player_choice":"Gave Gold","damage_taken":0,"max_hp_gain":0,"max_hp_loss":0,"event_name":"Beggar","floor":24,"gold_loss":75},{"damage_healed":0,"gold_gain":0,"player_choice":"Memory 2","damage_taken":5,"max_hp_gain":0,"max_hp_loss":0,"event_name":"SensoryStone","floor":36,"gold_loss":0},{"damage_healed":0,"gold_gain":0,"player_choice":"Max HP","damage_taken":0,"max_hp_gain":0,"max_hp_loss":4,"event_name":"Winding Halls","floor":37,"gold_loss":0},{"damage_healed":0,"gold_gain":0,"player_choice":"Ignored","damage_taken":0,"max_hp_gain":0,"max_hp_loss":0,"event_name":"Tomb of Lord Red Mask","floor":38,"gold_loss":0},{"cards_removed":["RobotSpaceExplorer:FreezeRay"],"damage_healed":0,"gold_gain":0,"player_choice":"Removed Power","damage_taken":0,"max_hp_gain":0,"max_hp_loss":0,"event_name":"Falling","floor":47,"gold_loss":0}],"is_beta":false,"boss_relics":[{"not_picked":["RobotSpaceExplorer:SearchSpecs","Astrolabe"],"picked":"Philosopher\u0027s Stone"},{"not_picked":["Calling Bell","Empty Cage"],"picked":"Velvet Choker"}],"items_purged_floors":[0,14,46],"is_endless":false,"potions_floor_spawned":[3,7,12,22,31,33,35,41],"ascension_level":1}}