{"host":"2qv44oxt58ptq59r","time":1610652120,"event":{"mods":["AchievementEnabler","BaseMod","Colored Powertips","Highlight Path","Minty Spire (QoL Compilation)","Permanent Neow","StSLib"],"gold_per_floor":[112,112,163,14,29,29,47,47,117,127,140,170,198,209,209,313,313,333,333,20,31,42,55,55,74,74,91,91,15,25,25,25,120,120,132,150,161,175,191,191,210,210,237,20,35,54,74,93,93,93,93,93,45,73,73,73],"floor_reached":55,"language":"ENG","playtime":12911,"items_purged":[],"score":656,"play_id":"2b537998-30c5-4bf6-be9e-167ab05c6ac1","local_time":"20210114192200","is_ascension_mode":false,"campfire_choices":[{"data":"Bash","floor":6.0,"key":"SMITH"},{"data":"Metallicize","floor":8.0,"key":"SMITH"},{"data":"Cleave","floor":15.0,"key":"SMITH"},{"data":"Limit Break","floor":24.0,"key":"SMITH"},{"floor":32.0,"key":"REST"},{"floor":40,"key":"RECALL"},{"data":"Inflame","floor":42,"key":"SMITH"},{"floor":49,"key":"REST"},{"data":"Intimidate","floor":52,"key":"SMITH"}],"circlet_count":0,"master_deck":["Strike_R+1","Strike_R+1","Strike_R+1","Strike_R+1","Strike_R+1","Defend_R+1","Defend_R+1","Defend_R+1","Defend_R+1","Bash+1","Headbutt","Blood for Blood","Cleave+1","Metallicize+1","Disarm","Limit Break+1","Inflame+1","Heavy Blade+1","Body Slam+1","Impervious","Heavy Blade+1","Intimidate+1"],"relics":["Burning Blood","Lantern","Pen Nib","Busted Crown","Mummified Hand","Ornamental Fan","MutagenicStrength","Black Star","Nunchaku","DollysMirror","Blue Candle","Shuriken"],"acts_visited":["Exordium","TheCity","TheBeyond","TheEnding"],"potions_floor_usage":[39,41,47,50,55,55,55],"damage_taken":[{"damage":0.0,"enemies":"2 Louse","floor":1.0,"turns":3.0},{"damage":2.0,"enemies":"Small Slimes","floor":5.0,"turns":3.0},{"damage":6.0,"enemies":"Cultist","floor":7.0,"turns":3.0},{"damage":2.0,"enemies":"3 Louse","floor":10.0,"turns":3.0},{"damage":7.0,"enemies":"2 Fungi Beasts","floor":11.0,"turns":2.0},{"damage":14.0,"enemies":"Lagavulin","floor":13.0,"turns":5.0},{"damage":4.0,"enemies":"Gremlin Gang","floor":14.0,"turns":5.0},{"damage":34.0,"enemies":"Slime Boss","floor":16.0,"turns":9.0},{"damage":6.0,"enemies":"Shell Parasite","floor":18.0,"turns":6.0},{"damage":0.0,"enemies":"Chosen","floor":21.0,"turns":3.0},{"damage":10.0,"enemies":"Snecko","floor":22.0,"turns":5.0},{"damage":9.0,"enemies":"Cultist and Chosen","floor":23.0,"turns":5.0},{"damage":20.0,"enemies":"Centurion and Healer","floor":25.0,"turns":6.0},{"damage":20.0,"enemies":"Snake Plant","floor":27.0,"turns":4.0},{"damage":5.0,"enemies":"Snecko","floor":30.0,"turns":4.0},{"damage":40.0,"enemies":"Champ","floor":33.0,"turns":10.0},{"damage":16.0,"enemies":"3 Darklings","floor":35.0,"turns":5.0},{"damage":0.0,"enemies":"3 Shapes","floor":36.0,"turns":4.0},{"damage":3,"enemies":"Transient","floor":37,"turns":5},{"damage":2,"enemies":"Sphere and 2 Shapes","floor":38,"turns":3},{"damage":8,"enemies":"Spire Growth","floor":39,"turns":5},{"damage":0,"enemies":"Jaw Worm Horde","floor":41,"turns":2},{"damage":11,"enemies":"Transient","floor":45,"turns":5},{"damage":40,"enemies":"Spire Growth","floor":46,"turns":4},{"damage":3,"enemies":"Sphere and 2 Shapes","floor":47,"turns":2},{"damage":0,"enemies":"4 Shapes","floor":48,"turns":7},{"damage":44,"enemies":"Donu and Deca","floor":50,"turns":6},{"damage":44,"enemies":"Shield and Spear","floor":54,"turns":6},{"damage":69,"enemies":"The Heart","floor":55,"turns":5}],"seed_played":"5390658961771865595","potions_obtained":[{"floor":1.0,"key":"DistilledChaos"},{"floor":13.0,"key":"SpeedPotion"},{"floor":16.0,"key":"Explosive Potion"},{"floor":18.0,"key":"Weak Potion"},{"floor":22.0,"key":"Block Potion"},{"floor":27.0,"key":"Explosive Potion"},{"floor":30.0,"key":"Weak Potion"},{"floor":35.0,"key":"EssenceOfSteel"},{"floor":39,"key":"DuplicationPotion"},{"floor":45,"key":"BloodPotion"},{"floor":46,"key":"SteroidPotion"},{"floor":47,"key":"SteroidPotion"},{"floor":54,"key":"LiquidMemories"}],"is_trial":false,"path_per_floor":["M","?","?","$","M","R","M","R","T","M","M","?","E","M","R","B",null,"M","?","$","M","M","M","R","M","T","M","?","$","M","?","R","B",null,"M","M","M","M","M","R","M","R","T","$","M","M","M","M","R","B",null,"R","$","E","B"],"character_chosen":"IRONCLAD","items_purchased":["Lantern","Mummified Hand","Inflame","Regen Potion","DollysMirror","Intimidate","AttackPotion"],"campfire_rested":2,"item_purchase_floors":[4,20,20,29,44,44,53],"current_hp_per_floor":[80,80,80,80,80,80,80,80,80,80,79,79,71,73,73,45,80,80,80,80,80,76,73,73,59,59,45,39,39,40,40,64,45,80,70,76,79,80,78,78,80,80,80,80,75,41,44,50,74,36,80,80,80,42,0,0],"gold":73,"neow_bonus":"THREE_CARDS","is_daily":false,"chose_seed":false,"campfire_upgraded":6,"win_rate":0.0,"timestamp":1610652120,"path_taken":["M","?","?","$","M","R","M","R","T","M","M","?","E","M","R","BOSS","M","?","$","M","M","M","R","M","T","M","?","$","?","?","R","BOSS","M","M","M","M","M","R","M","R","T","$","M","M","M","M","R","BOSS","R","$","E","BOSS"],"items_purchased_type":["Relic","Relic","Card","Potion","Relic","Card","Potion"],"build_version":"2020-12-22","purchased_purges":0,"victory":false,"max_hp_per_floor":[80,80,80,80,80,80,80,80,80,80,80,80,80,80,80,80,80,80,80,80,80,80,80,80,80,80,80,80,80,80,80,80,80,80,80,80,80,80,80,80,80,80,80,80,80,80,80,80,80,80,80,80,80,80,80,80],"card_choices":[{"not_picked":["Bloodletting","Sword Boomerang"],"picked":"Headbutt","floor":0.0},{"not_picked":["Sword Boomerang","Body Slam"],"picked":"Blood for Blood","floor":1.0},{"not_picked":["Perfected Strike","Bloodletting"],"picked":"Cleave","floor":5.0},{"not_picked":["Rampage","Whirlwind"],"picked":"Metallicize","floor":7.0},{"not_picked":["Flex","Warcry"],"picked":"Disarm","floor":10.0},{"not_picked":["Searing Blow","Battle Trance","Rupture"],"picked":"SKIP","floor":11.0},{"not_picked":["Body Slam","Dropkick","Armaments"],"picked":"SKIP","floor":13.0},{"not_picked":["Pommel Strike","Fiend Fire","Headbutt"],"picked":"SKIP","floor":14.0},{"not_picked":["Double Tap","Fiend Fire"],"picked":"Limit Break","floor":16.0},{"not_picked":["Anger"],"picked":"SKIP","floor":18.0},{"not_picked":[],"picked":"Heavy Blade+1","floor":21.0},{"not_picked":["Havoc"],"picked":"SKIP","floor":22.0},{"not_picked":[],"picked":"Body Slam+1","floor":23.0},{"not_picked":["Anger"],"picked":"SKIP","floor":25.0},{"not_picked":["Pommel Strike"],"picked":"SKIP","floor":27.0},{"not_picked":["Sword Boomerang"],"picked":"SKIP","floor":30.0},{"not_picked":[],"picked":"Impervious","floor":33.0},{"not_picked":["Anger+1"],"picked":"SKIP","floor":35.0},{"not_picked":["Anger+1"],"picked":"SKIP","floor":36.0},{"not_picked":["Thunderclap"],"picked":"SKIP","floor":37},{"not_picked":["Havoc+1"],"picked":"SKIP","floor":38},{"not_picked":["Cleave"],"picked":"SKIP","floor":39},{"not_picked":["Headbutt"],"picked":"SKIP","floor":41},{"not_picked":["Anger"],"picked":"SKIP","floor":45},{"not_picked":["Offering"],"picked":"SKIP","floor":46},{"not_picked":["True Grit+1"],"picked":"SKIP","floor":47},{"not_picked":["Warcry+1"],"picked":"SKIP","floor":48},{"not_picked":["Flex"],"picked":"SKIP","floor":54}],"player_experience":5332397,"relics_obtained":[{"floor":13.0,"key":"Pen Nib"},{"floor":26.0,"key":"Ornamental Fan"},{"floor":43,"key":"Nunchaku"},{"floor":54,"key":"Blue Candle"},{"floor":54,"key":"Shuriken"}],"event_choices":[{"damage_healed":0.0,"max_hp_gain":0.0,"max_hp_loss":0.0,"gold_gain":0.0,"event_name":"Liars Game","player_choice":"Ignored","floor":2.0,"gold_loss":0.0,"damage_taken":0.0},{"damage_healed":0.0,"max_hp_gain":0.0,"max_hp_loss":0.0,"gold_gain":51.0,"event_name":"Golden Wing","player_choice":"Gained Gold","floor":3.0,"gold_loss":0.0,"damage_taken":0.0},{"damage_healed":0.0,"max_hp_gain":0.0,"max_hp_loss":0.0,"gold_gain":30.0,"event_name":"Dead Adventurer","player_choice":"Searched \u00272\u0027 times","floor":12.0,"gold_loss":0.0,"damage_taken":0.0},{"damage_healed":0.0,"max_hp_gain":0.0,"max_hp_loss":0.0,"gold_gain":0.0,"event_name":"Back to Basics","player_choice":"Simplicity","floor":19.0,"gold_loss":0.0,"damage_taken":0.0,"cards_upgraded":["Strike_R","Strike_R","Strike_R","Strike_R","Strike_R","Defend_R","Defend_R","Defend_R","Defend_R"]},{"damage_healed":0.0,"max_hp_gain":0.0,"max_hp_loss":0.0,"gold_gain":0.0,"event_name":"Knowing Skull","player_choice":"","floor":28.0,"potions_obtained":[],"gold_loss":0.0,"damage_taken":6.0,"cards_obtained":[]},{"damage_healed":0.0,"max_hp_gain":0.0,"max_hp_loss":0.0,"gold_gain":0.0,"event_name":"Drug Dealer","player_choice":"Inject Mutagens","floor":31.0,"gold_loss":0.0,"damage_taken":0.0,"relics_obtained":["MutagenicStrength"]}],"is_beta":false,"boss_relics":[{"not_picked":["Runic Pyramid","Coffee Dripper"],"picked":"Busted Crown"},{"not_picked":["SlaversCollar","Tiny House"],"picked":"Black Star"}],"items_purged_floors":[],"is_endless":false,"potions_floor_spawned":[1,13,16,18,22,27,30,35,39,45,46,47,54],"killed_by":"The Heart","ascension_level":0}}