{"host":"y3h3n3f7seyagppx","time":1610595553,"event":{"mods":["AlwaysNeverKeys","BaseMod","Better Vampires","Colored Powertips","DeckTracker","Emptier Cage","Minty Spire (QoL Compilation)","Permanent Neow","Quick Restart","Rare Cards Sparkle","Relic Sorter","Relic Stats","StSLib","Transform Curses"],"gold_per_floor":[111,131,145,165,175,202,202,219,219,243,243,243,262,299,299,384,384,419,438,447,9,18,45,45,61,134,168,202,241,350,390,390,474,474,491,491,491,510,547,581,610,642,642,660,689,689,718,740,740,740,740,740,740,29,68,68],"floor_reached":57,"language":"ENG","playtime":6539,"items_purged":["Strike_R"],"score":2976,"play_id":"8c5a565c-e78d-450f-9e79-0f63aee8f1a4","local_time":"20210113223913","is_ascension_mode":true,"campfire_choices":[{"data":"Armaments","floor":7,"key":"SMITH"},{"data":"Uppercut","floor":11,"key":"SMITH"},{"data":"Fiend Fire","floor":15,"key":"SMITH"},{"data":"Disarm","floor":32,"key":"SMITH"},{"data":"Flame Barrier","floor":49,"key":"SMITH"},{"floor":53,"key":"REST"}],"circlet_count":0,"master_deck":["AscendersBane","Strike_R","Strike_R","Strike_R","Defend_R","Defend_R","Defend_R","Defend_R","Bash","Twin Strike","Shrug It Off","Armaments+1","Shrug It Off","Hemokinesis","Flame Barrier+1","Uppercut+1","Battle Trance","Disarm+1","Fiend Fire+1","Feed","Shrug It Off+1","Whirlwind+1","RitualDagger","Fiend Fire+1","Impervious+1","Spot Weakness+1","Body Slam+1","Exhume+1","Barricade","Dark Embrace","Disarm+1","True Grit+1","Shrug It Off+1","Heavy Blade+1","Power Through+1","Power Through+1","Evolve","Feel No Pain"],"relics":["Burning Blood","Prayer Wheel","Self Forming Clay","CeramicFish","Bag of Marbles","Snecko Eye","Paper Frog","Medical Kit","Omamori","Toxic Egg 2","The Courier","Molten Egg 2","Bird Faced Urn","Kunai","Lantern","Philosopher\u0027s Stone","Vajra","Shuriken","InkBottle","Centennial Puzzle","Oddly Smooth Stone","HornCleat","Bag of Preparation","Art of War","Akabeko"],"acts_visited":["Exordium","TheCity","TheBeyond","TheEnding"],"potions_floor_usage":[6,14,27,31,48,56],"damage_taken":[{"damage":7,"enemies":"2 Louse","floor":1,"turns":4},{"damage":7,"enemies":"Small Slimes","floor":2,"turns":4},{"damage":1,"enemies":"Cultist","floor":3,"turns":3},{"damage":4,"enemies":"3 Louse","floor":4,"turns":3},{"damage":4,"enemies":"2 Fungi Beasts","floor":5,"turns":4},{"damage":8,"enemies":"Gremlin Nob","floor":6,"turns":3},{"damage":3,"enemies":"Looter","floor":8,"turns":3},{"damage":4,"enemies":"Exordium Wildlife","floor":10,"turns":3},{"damage":0,"enemies":"Blue Slaver","floor":13,"turns":5},{"damage":11,"enemies":"Lagavulin","floor":14,"turns":7},{"damage":9,"enemies":"The Guardian","floor":16,"turns":13},{"damage":2,"enemies":"Spheric Guardian","floor":18,"turns":2},{"damage":0,"enemies":"3 Byrds","floor":19,"turns":7},{"damage":11,"enemies":"Gremlin Leader","floor":23,"turns":5},{"damage":0,"enemies":"Snake Plant","floor":25,"turns":1},{"damage":5,"enemies":"Slavers","floor":27,"turns":3},{"damage":0,"enemies":"Centurion and Healer","floor":28,"turns":4},{"damage":4,"enemies":"Book of Stabbing","floor":29,"turns":3},{"damage":10,"enemies":"Colosseum Slavers","floor":30,"turns":3},{"damage":0,"enemies":"Colosseum Nobs","floor":30,"turns":3},{"damage":13,"enemies":"Slavers","floor":31,"turns":7},{"damage":30,"enemies":"Automaton","floor":33,"turns":8},{"damage":12,"enemies":"Orb Walker","floor":35,"turns":3},{"damage":0,"enemies":"3 Shapes","floor":38,"turns":8},{"damage":39,"enemies":"Sphere and 2 Shapes","floor":39,"turns":8},{"damage":19,"enemies":"Reptomancer","floor":40,"turns":5},{"damage":0,"enemies":"Transient","floor":41,"turns":6},{"damage":5,"enemies":"Giant Head","floor":42,"turns":5},{"damage":14,"enemies":"Writhing Mass","floor":44,"turns":5},{"damage":20,"enemies":"Reptomancer","floor":45,"turns":5},{"damage":0,"enemies":"Jaw Worm Horde","floor":47,"turns":1},{"damage":0,"enemies":"Sphere and 2 Shapes","floor":48,"turns":4},{"damage":1,"enemies":"Time Eater","floor":50,"turns":19},{"damage":39,"enemies":"Donu and Deca","floor":51,"turns":10},{"damage":23,"enemies":"Shield and Spear","floor":55,"turns":6},{"damage":31,"enemies":"The Heart","floor":56,"turns":8}],"seed_played":"-4582652631262981916","potions_obtained":[{"floor":2,"key":"GamblersBrew"},{"floor":3,"key":"SpeedPotion"},{"floor":13,"key":"CultistPotion"},{"floor":14,"key":"AttackPotion"},{"floor":16,"key":"SkillPotion"},{"floor":19,"key":"FairyPotion"},{"floor":29,"key":"LiquidMemories"},{"floor":31,"key":"Dexterity Potion"},{"floor":42,"key":"GamblersBrew"},{"floor":44,"key":"Fruit Juice"},{"floor":48,"key":"SkillPotion"},{"floor":55,"key":"Weak Potion"}],"is_trial":false,"path_per_floor":["M","M","M","M","M","E","R","M","T","M","R","?","M","E","R","B",null,"M","M","?","$","?","E","$","M","T","E","M","E","?","E","R","B",null,"M","?","?","M","M","E","M","E","T","M","E","?","M","M","R","B","B",null,"R","$","E","B",null],"character_chosen":"IRONCLAD","items_purchased":["Paper Frog","Medical Kit","Oddly Smooth Stone","HornCleat","Bag of Preparation","Art of War","Evolve"],"campfire_rested":1,"item_purchase_floors":[21,21,54,54,54,54,54],"current_hp_per_floor":[67,66,68,68,68,66,66,68,68,68,68,61,67,62,62,59,66,68,72,66,66,66,61,61,67,67,71,79,79,79,76,76,52,75,73,63,63,74,44,35,43,48,48,42,30,30,36,49,49,58,29,78,94,94,84,67],"gold":68,"neow_bonus":"ONE_RARE_RELIC","is_daily":false,"chose_seed":false,"campfire_upgraded":5,"win_rate":0.0,"timestamp":1610595553,"path_taken":["M","M","M","M","M","E","R","M","T","M","R","?","M","E","R","BOSS","M","M","?","$","?","E","$","M","T","E","?","E","?","E","R","BOSS","M","?","?","M","M","E","M","E","T","M","E","?","M","M","R","BOSS","BOSS","R","$","E","BOSS"],"items_purchased_type":["Relic","Relic","Relic","Relic","Relic","Relic","Card"],"build_version":"2020-12-22","purchased_purges":1,"victory":true,"max_hp_per_floor":[68,68,68,68,68,68,68,68,68,68,68,68,68,68,68,68,68,68,72,72,72,72,72,72,72,72,75,79,79,79,83,83,83,83,83,83,83,86,89,89,89,89,89,89,89,89,89,94,94,94,94,94,94,94,97,97],"relic_stats":{"counters":[36,191],"Self Forming Clay":[174],"CeramicFish":207,"Bag of Preparation":[4],"Medical Kit":[37],"Burning Blood":192,"Centennial Puzzle":[12],"Shuriken":[13],"Bird Faced Urn":[42],"Snecko Eye":[277,315,280,277],"Prayer Wheel":19,"Art of War":[1],"Kunai":[21],"obtain_stats":[{"Lantern":31,"CeramicFish":9,"Vajra":40,"Bag of Preparation":54,"Burning Blood":0,"Centennial Puzzle":45,"HornCleat":54,"Prayer Wheel":0,"Philosopher\u0027s Stone":34,"Kunai":30,"Toxic Egg 2":26,"InkBottle":43,"Paper Frog":21,"Self Forming Clay":6,"Oddly Smooth Stone":54,"The Courier":27,"Omamori":23,"Medical Kit":21,"Akabeko":55,"Shuriken":42,"Bird Faced Urn":30,"Snecko Eye":17,"Molten Egg 2":29,"Bag of Marbles":14,"Art of War":54},{"Lantern":21,"CeramicFish":7,"Vajra":26,"Bag of Preparation":34,"Burning Blood":0,"Centennial Puzzle":30,"HornCleat":34,"Prayer Wheel":0,"Philosopher\u0027s Stone":22,"Kunai":20,"Toxic Egg 2":15,"InkBottle":28,"Paper Frog":13,"Self Forming Clay":6,"Oddly Smooth Stone":34,"The Courier":16,"Omamori":14,"Medical Kit":13,"Akabeko":35,"Shuriken":28,"Bird Faced Urn":20,"Snecko Eye":11,"Molten Egg 2":18,"Bag of Marbles":10,"Art of War":34},{"Lantern":90,"CeramicFish":24,"Vajra":122,"Bag of Preparation":177,"Burning Blood":0,"Centennial Puzzle":143,"HornCleat":177,"Prayer Wheel":0,"Philosopher\u0027s Stone":98,"Kunai":83,"Toxic Egg 2":67,"InkBottle":133,"Paper Frog":61,"Self Forming Clay":21,"Oddly Smooth Stone":177,"The Courier":70,"Omamori":66,"Medical Kit":61,"Akabeko":183,"Shuriken":133,"Bird Faced Urn":83,"Snecko Eye":52,"Molten Egg 2":77,"Bag of Marbles":39,"Art of War":177}],"InkBottle":[23]},"card_choices":[{"not_picked":["Reckless Charge","Seeing Red"],"picked":"Twin Strike","floor":1},{"not_picked":["Iron Wave","Twin Strike"],"picked":"Shrug It Off","floor":1},{"not_picked":["Sword Boomerang","Perfected Strike"],"picked":"Armaments","floor":2},{"not_picked":["Rampage","Clash","Thunderclap"],"picked":"SKIP","floor":2},{"not_picked":["Blood for Blood","Seeing Red"],"picked":"Shrug It Off","floor":3},{"not_picked":["Clothesline","Warcry"],"picked":"Hemokinesis","floor":3},{"not_picked":["Second Wind","Sever Soul"],"picked":"Flame Barrier","floor":4},{"not_picked":["Clothesline","Iron Wave"],"picked":"Uppercut","floor":4},{"not_picked":["Cleave","Ghostly Armor","Berserk"],"picked":"SKIP","floor":5},{"not_picked":["Rage","Burning Pact","Warcry"],"picked":"SKIP","floor":5},{"not_picked":["Clothesline","Second Wind","Perfected Strike"],"picked":"SKIP","floor":6},{"not_picked":["Burning Pact","Cleave","Anger"],"picked":"SKIP","floor":8},{"not_picked":["Clothesline","Perfected Strike","Headbutt"],"picked":"SKIP","floor":8},{"not_picked":["Juggernaut","Burning Pact"],"picked":"Battle Trance","floor":10},{"not_picked":["Pommel Strike","Sword Boomerang","Clash"],"picked":"SKIP","floor":10},{"not_picked":["Sword Boomerang","Havoc"],"picked":"Disarm","floor":13},{"not_picked":["Pommel Strike","Perfected Strike","Dropkick"],"picked":"SKIP","floor":13},{"not_picked":["Dropkick","Inflame"],"picked":"Fiend Fire","floor":14},{"not_picked":["Impervious","Double Tap"],"picked":"Feed","floor":16},{"not_picked":["Heavy Blade","Headbutt"],"picked":"Shrug It Off+1","floor":18},{"not_picked":["Combust","Clothesline"],"picked":"Whirlwind+1","floor":18},{"not_picked":["Bloodletting+1","Iron Wave","Rampage"],"picked":"SKIP","floor":19},{"not_picked":["Pommel Strike+1","Shrug It Off","Perfected Strike"],"picked":"SKIP","floor":19},{"not_picked":["Bloodletting+1","Iron Wave","Rampage"],"picked":"SKIP","floor":19},{"not_picked":["Pommel Strike+1","Shrug It Off","Perfected Strike"],"picked":"SKIP","floor":19},{"not_picked":["Battle Trance","Iron Wave","Armaments"],"picked":"SKIP","floor":23},{"not_picked":["Anger","Warcry","Thunderclap"],"picked":"SKIP","floor":25},{"not_picked":["Thunderclap","Hemokinesis","Searing Blow+1"],"picked":"SKIP","floor":25},{"not_picked":["Clash","Headbutt+1","Cleave"],"picked":"SKIP","floor":27},{"not_picked":["Perfected Strike","Armaments+1"],"picked":"Impervious+1","floor":28},{"not_picked":["Heavy Blade","Rampage"],"picked":"Dark Embrace","floor":28},{"not_picked":["Perfected Strike+1","Shrug It Off+1"],"picked":"Spot Weakness+1","floor":29},{"not_picked":["Warcry+1","Clash+1"],"picked":"Body Slam+1","floor":30},{"not_picked":["Searing Blow+1","Disarm+1"],"picked":"Exhume+1","floor":31},{"not_picked":["Reaper+1","Immolate+1"],"picked":"Barricade","floor":33},{"not_picked":["Rampage+1","Clothesline+1","Bloodletting+1"],"picked":"SKIP","floor":35},{"not_picked":["Sever Soul+1","Searing Blow+1","Thunderclap+1"],"picked":"SKIP","floor":35},{"not_picked":["Cleave+1","Clash+1"],"picked":"Dark Embrace","floor":38},{"not_picked":["Headbutt+1","Perfected Strike+1","Cleave+1"],"picked":"SKIP","floor":38},{"not_picked":["Headbutt+1","Perfected Strike+1","Cleave+1"],"picked":"SKIP","floor":38},{"not_picked":["Anger+1","Clash+1"],"picked":"Disarm+1","floor":39},{"not_picked":["Body Slam+1","Havoc+1"],"picked":"True Grit+1","floor":39},{"not_picked":["Disarm+1","Pommel Strike+1"],"picked":"Shrug It Off+1","floor":40},{"not_picked":["Clash+1","Ghostly Armor+1"],"picked":"Heavy Blade+1","floor":41},{"not_picked":["Sword Boomerang+1","Immolate+1","Headbutt+1"],"picked":"SKIP","floor":41},{"not_picked":["Sword Boomerang+1","Immolate+1","Headbutt+1"],"picked":"SKIP","floor":41},{"not_picked":["Carnage+1","Heavy Blade+1","Rampage+1"],"picked":"SKIP","floor":42},{"not_picked":["Twin Strike+1","Immolate+1","Fire Breathing+1"],"picked":"SKIP","floor":44},{"not_picked":["Seeing Red+1","Wild Strike+1","Cleave+1"],"picked":"SKIP","floor":44},{"not_picked":["Dropkick+1","Heavy Blade+1","Inflame"],"picked":"SKIP","floor":45},{"not_picked":["Rage+1","Armaments+1"],"picked":"Power Through+1","floor":47},{"not_picked":["Cleave+1","Perfected Strike+1","Dark Embrace"],"picked":"SKIP","floor":47},{"not_picked":["Body Slam+1","Disarm+1"],"picked":"Power Through+1","floor":48},{"not_picked":["Clash+1","Intimidate+1","Havoc+1"],"picked":"SKIP","floor":48},{"not_picked":["Pommel Strike+1","Cleave+1"],"picked":"Feel No Pain","floor":55}],"player_experience":20847543,"relics_obtained":[{"floor":6,"key":"Self Forming Clay"},{"floor":9,"key":"CeramicFish"},{"floor":14,"key":"Bag of Marbles"},{"floor":23,"key":"Omamori"},{"floor":26,"key":"Toxic Egg 2"},{"floor":27,"key":"The Courier"},{"floor":29,"key":"Molten Egg 2"},{"floor":30,"key":"Bird Faced Urn"},{"floor":30,"key":"Kunai"},{"floor":31,"key":"Lantern"},{"floor":40,"key":"Vajra"},{"floor":42,"key":"Shuriken"},{"floor":43,"key":"InkBottle"},{"floor":45,"key":"Centennial Puzzle"},{"floor":55,"key":"Akabeko"}],"event_choices":[{"cards_removed":["Strike_R"],"damage_healed":0,"gold_gain":0,"player_choice":"Card Removal","damage_taken":7,"max_hp_gain":0,"max_hp_loss":0,"event_name":"Golden Wing","floor":12,"gold_loss":0},{"damage_healed":0,"gold_gain":0,"player_choice":"Joined the Cult","damage_taken":6,"max_hp_gain":0,"max_hp_loss":0,"event_name":"Nest","floor":20,"gold_loss":0,"cards_obtained":["RitualDagger"]},{"damage_healed":0,"gold_gain":0,"player_choice":"Copied","damage_taken":0,"max_hp_gain":0,"max_hp_loss":0,"event_name":"Duplicator","floor":22,"gold_loss":0,"cards_obtained":["Fiend Fire"]},{"damage_healed":0,"gold_gain":0,"player_choice":"Fight","damage_taken":0,"max_hp_gain":0,"max_hp_loss":0,"event_name":"Colosseum","floor":30,"gold_loss":0},{"damage_healed":0,"gold_gain":0,"player_choice":"Fought Nobs","damage_taken":0,"max_hp_gain":0,"max_hp_loss":0,"event_name":"Colosseum","floor":30,"gold_loss":0},{"damage_healed":0,"gold_gain":0,"player_choice":"Memory 3","damage_taken":10,"max_hp_gain":0,"max_hp_loss":0,"event_name":"SensoryStone","floor":36,"gold_loss":0},{"cards_removed":["Dark Embrace"],"damage_healed":0,"gold_gain":0,"player_choice":"Removed Power","damage_taken":0,"max_hp_gain":0,"max_hp_loss":0,"event_name":"Falling","floor":37,"gold_loss":0},{"damage_healed":0,"gold_gain":0,"player_choice":"Ignored","damage_taken":0,"max_hp_gain":0,"max_hp_loss":0,"event_name":"Tomb of Lord Red Mask","floor":46,"gold_loss":0}],"is_beta":false,"boss_relics":[{"not_picked":["SlaversCollar","Runic Cube"],"picked":"Snecko Eye"},{"not_picked":["Tiny House","Astrolabe"],"picked":"Philosopher\u0027s Stone"}],"items_purged_floors":[54],"is_endless":false,"potions_floor_spawned":[2,3,4,13,14,16,19,23,25,29,30,31,40,41,42,44,48,55],"ascension_level":20}}