{"host":"0hb9w7uizu7y13wj","time":1610636816,"event":{"mods":["Act Like it!","Aspiration","BaseMod","BetterRewards","Colored Map","Conspire","Downfall","Energized Spire","FTL Soundtrack","Friendly Minions","Halation","Hubris","Infinite Spire","Minty Spire (QoL Compilation)","Quick Restart","Replay The Spire","StSLib","Synergy Search","The Factory","The Hierophant","The Jungle","The Poker Player","Trackpad","everything is the same but u backflip on backflip","vexMod"],"gold_per_floor":[109,109,128,233,233,259,27,68,68,68,68,28,28,28,28,121,121,157,157,184,184,184,198,198],"floor_reached":23,"language":"ENG","playtime":576,"items_purged":["Strike_G"],"score":436,"play_id":"fbb4c093-aa5f-4ae2-b304-c70345e5cd21","local_time":"20210114150656","is_ascension_mode":true,"campfire_choices":[{"data":"Neutralize","floor":11,"key":"SMITH"},{"data":"Blur","floor":13,"key":"SMITH"},{"data":"Noxious Fumes","floor":15,"key":"SMITH"}],"circlet_count":0,"master_deck":["AscendersBane","Strike_G","Strike_G","Strike_G","Strike_G","Defend_G","Defend_G","Defend_G","Defend_G","Survivor","Neutralize+1","Noxious Fumes+1","Poisoned Stab","Deadly Poison","Bane","Backstab","Poisoned Stab","Blur+1","Adrenaline","Sneak Up","Dash"],"relics":["Ring of the Snake","NeowsBlessing","hubris:Towel","Replay:Bandana","TwistedFunnel","trackpad:AdjectivePendant","vexMod:HeadHunter","halation:EternalFortune","energizedSpire:PogoStick"],"acts_visited":["Exordium","TheCity"],"potions_floor_usage":[16],"damage_taken":[{"damage":0,"enemies":"Small Slimes","floor":1,"turns":1},{"damage":0,"enemies":"Cultist","floor":3,"turns":1},{"damage":0,"enemies":"Gremlin Nob","floor":6,"turns":1},{"damage":20,"enemies":"Replay:BlueRogue","floor":8,"turns":5},{"damage":36,"enemies":"Slime Boss","floor":16,"turns":10},{"damage":15,"enemies":"3 Byrds","floor":18,"turns":5},{"damage":22,"enemies":"Shell Parasite","floor":20,"turns":5},{"damage":22,"enemies":"Gremlin Leader","floor":23,"turns":5}],"seed_played":"6194586395764551862","potions_obtained":[{"floor":3,"key":"Explosive Potion"}],"is_trial":false,"path_per_floor":["M","?","M","?","?","E","$","E","T","?","R","$","R","T","R","B",null,"M","$","M","?","?","E"],"character_chosen":"THE_SILENT","items_purchased":["TwistedFunnel","Blur"],"campfire_rested":0,"item_purchase_floors":[7,12],"current_hp_per_floor":[59,59,59,59,59,59,59,39,39,42,42,42,42,42,42,6,53,41,41,19,19,19,0,0],"gold":198,"neow_bonus":"THREE_ENEMY_KILL","is_daily":false,"chose_seed":false,"campfire_upgraded":3,"win_rate":0.0,"timestamp":1610636816,"path_taken":["M","?","?","?","?","E","?","E","T","?","R","$","R","?","R","BOSS","M","$","M","?","?","E"],"items_purchased_type":["Relic","Card"],"build_version":"2020-12-22","purchased_purges":1,"victory":false,"max_hp_per_floor":[66,66,66,66,66,66,66,66,66,69,69,69,69,69,69,69,69,72,72,72,72,72,72,72],"card_choices":[{"not_picked":["Backflip","hubris:Sniper","PiercingWail"],"picked":"SKIP","floor":1},{"not_picked":["Footwork","hubris:SlightOfHand"],"picked":"Noxious Fumes","floor":3},{"not_picked":["Predator","Riddle With Holes"],"picked":"Poisoned Stab","floor":4},{"not_picked":["Heel Hook","Underhanded Strike"],"picked":"Deadly Poison","floor":4},{"not_picked":["Backflip","Underhanded Strike"],"picked":"Bane","floor":4},{"not_picked":["PiercingWail","Acrobatics"],"picked":"Backstab","floor":6},{"not_picked":["Slice","Sucker Punch"],"picked":"Poisoned Stab","floor":8},{"not_picked":["Storm of Steel","aspiration:Lunge"],"picked":"Adrenaline","floor":16},{"not_picked":["Terror","Draining Mist"],"picked":"Sneak Up","floor":18},{"not_picked":["hubris:TrickCloak","Deflect"],"picked":"Dash","floor":20}],"player_experience":940657,"relics_obtained":[{"floor":6,"key":"Replay:Bandana"},{"floor":8,"key":"trackpad:AdjectivePendant"},{"floor":9,"key":"vexMod:HeadHunter"},{"floor":18,"key":"halation:EternalFortune"}],"event_choices":[{"cards_removed":["Defend_G"],"damage_healed":0,"gold_gain":0,"player_choice":"Card Removal","damage_taken":0,"max_hp_gain":0,"max_hp_loss":0,"event_name":"Wheel of Change","floor":2,"gold_loss":0}],"is_beta":false,"boss_relics":[{"not_picked":["energizedSpire:EnergizedDie","Pandora\u0027s Box"],"picked":"energizedSpire:PogoStick"}],"items_purged_floors":[7],"is_endless":false,"potions_floor_spawned":[3],"killed_by":"Gremlin Leader","ascension_level":20}}