{"host":"u7lm8z2rvb4dg2oo","time":1610596227,"event":{"mods":["AchievementEnabler","BaseMod","Bestiary","Block Reminder","Colored Map","Colored Powertips","Curses Come First","DeckTracker","Googly Eyes","Highlight Path","Minty Spire (QoL Compilation)","Quick Restart","StSLib"],"gold_per_floor":[367,381,77,88,88,88,88,109,109,109,145,166,200,200,200,319,319,344,357,66,89,4,4,4,4,73,113,113,113,29,52,52,52,52],"floor_reached":33,"language":"ENG","playtime":1836,"items_purged":[],"score":354,"play_id":"6e0e5e14-9dda-4867-b4e6-cecca9457b2b","local_time":"20210113225027","is_ascension_mode":true,"campfire_choices":[{"floor":6.0,"key":"REST"},{"data":"Caltrops","floor":10.0,"key":"SMITH"},{"floor":15.0,"key":"REST"},{"data":"Phantasmal Killer","floor":23.0,"key":"SMITH"},{"data":"Finisher","floor":25.0,"key":"SMITH"},{"data":"Cloak And Dagger","floor":29.0,"key":"SMITH"},{"floor":32.0,"key":"REST"}],"circlet_count":0,"master_deck":["Strike_G","Strike_G","Strike_G","Strike_G","Strike_G","Defend_G","Defend_G","Defend_G","Defend_G","Defend_G","Survivor","Neutralize","Cloak And Dagger+1","Finisher+1","Caltrops+1","Backstab","Caltrops","Phantasmal Killer+1","PiercingWail","Accuracy","Backflip","Blade Dance+1"],"relics":["Ring of the Snake","Blood Vial","Golden Idol","Pocketwatch","Du-Vu Doll","Anchor","SlaversCollar","Torii","Calipers","HornCleat","Paper Crane"],"acts_visited":["Exordium","TheCity"],"potions_floor_usage":[],"damage_taken":[{"damage":1.0,"enemies":"2 Louse","floor":1.0,"turns":3.0},{"damage":0.0,"enemies":"Small Slimes","floor":2.0,"turns":5.0},{"damage":0.0,"enemies":"Jaw Worm","floor":4.0,"turns":6.0},{"damage":0.0,"enemies":"Gremlin Nob","floor":7.0,"turns":1.0},{"damage":1.0,"enemies":"Exordium Wildlife","floor":8.0,"turns":6.0},{"damage":34.0,"enemies":"Lagavulin","floor":11.0,"turns":9.0},{"damage":0.0,"enemies":"Looter","floor":12.0,"turns":1.0},{"damage":17.0,"enemies":"Gremlin Nob","floor":13.0,"turns":4.0},{"damage":30.0,"enemies":"Hexaghost","floor":16.0,"turns":9.0},{"damage":8.0,"enemies":"Chosen","floor":18.0,"turns":5.0},{"damage":1.0,"enemies":"3 Byrds","floor":19.0,"turns":4.0},{"damage":13.0,"enemies":"Snake Plant","floor":21.0,"turns":3.0},{"damage":1.0,"enemies":"Book of Stabbing","floor":27.0,"turns":6.0},{"damage":36.0,"enemies":"Sentry and Sphere","floor":31.0,"turns":7.0},{"damage":17,"enemies":"Automaton","floor":33,"turns":6}],"seed_played":"-9030092923961014193","potions_obtained":[{"floor":4.0,"key":"SmokeBomb"},{"floor":11.0,"key":"SkillPotion"},{"floor":18.0,"key":"AttackPotion"},{"floor":27.0,"key":"AttackPotion"},{"floor":31.0,"key":"Poison Potion"}],"is_trial":false,"path_per_floor":["M","M","$","M","?","R","E","M","T","R","E","M","E","?","R","B",null,"M","M","$","M","?","R","?","R","T","E","?","R","$","M","R","B"],"character_chosen":"THE_SILENT","items_purchased":["Blood Vial","Finisher","Caltrops","Torii","Accuracy","Backflip"],"campfire_rested":3,"item_purchase_floors":[3,3,3,20,30,30],"current_hp_per_floor":[48,48,48,50,33,54,56,57,57,57,25,27,12,12,33,5,54,48,49,49,38,38,38,61,61,61,62,62,62,62,28,49,34,34],"gold":52,"neow_bonus":"TWO_FIFTY_GOLD","is_daily":false,"chose_seed":false,"campfire_upgraded":4,"win_rate":0.0,"timestamp":1610596227,"path_taken":["M","M","$","M","?","R","E","M","T","R","E","M","E","?","R","BOSS","M","M","$","M","?","R","?","R","T","E","?","R","$","M","R","BOSS"],"items_purchased_type":["Relic","Card","Card","Relic","Card","Card"],"build_version":"2020-12-22","purchased_purges":0,"victory":false,"max_hp_per_floor":[70,70,70,70,70,70,70,70,70,70,70,70,70,70,70,70,70,70,70,70,70,70,70,70,70,70,70,70,70,70,70,70,70,70],"card_choices":[{"not_picked":["Flying Knee","Outmaneuver","Deflect"],"picked":"SKIP","floor":1.0},{"not_picked":["Bane","Flying Knee"],"picked":"Cloak And Dagger","floor":2.0},{"not_picked":["Sucker Punch","Infinite Blades","Bane"],"picked":"SKIP","floor":4.0},{"not_picked":["Dodge and Roll","Flying Knee","Quick Slash"],"picked":"SKIP","floor":8.0},{"not_picked":["Dagger Spray","Acrobatics"],"picked":"Backstab","floor":11.0},{"not_picked":["Bane","Escape Plan","Doppelganger"],"picked":"SKIP","floor":12.0},{"not_picked":["All Out Attack","Dagger Spray"],"picked":"Caltrops","floor":13.0},{"not_picked":["Bullet Time","A Thousand Cuts"],"picked":"Phantasmal Killer","floor":16.0},{"not_picked":["Concentrate","Deflect","Sucker Punch"],"picked":"SKIP","floor":18.0},{"not_picked":["Slice","Calculated Gamble"],"picked":"PiercingWail","floor":19.0},{"not_picked":["Underhanded Strike","Dodge and Roll","Bouncing Flask"],"picked":"SKIP","floor":21.0},{"not_picked":["Outmaneuver","Acrobatics+1","Deadly Poison"],"picked":"SKIP","floor":27.0},{"not_picked":["Calculated Gamble","Backflip"],"picked":"Blade Dance+1","floor":31.0}],"player_experience":979530,"relics_obtained":[{"floor":9.0,"key":"Pocketwatch"},{"floor":11.0,"key":"Du-Vu Doll"},{"floor":13.0,"key":"Anchor"},{"floor":26.0,"key":"HornCleat"},{"floor":27.0,"key":"Paper Crane"}],"event_choices":[{"damage_healed":0.0,"max_hp_gain":0.0,"max_hp_loss":0.0,"gold_gain":0.0,"event_name":"Golden Idol","player_choice":"Take Damage","floor":5.0,"gold_loss":0.0,"damage_taken":17.0,"relics_obtained":["Golden Idol"]},{"damage_healed":0.0,"max_hp_gain":0.0,"max_hp_loss":0.0,"gold_gain":0.0,"event_name":"Shining Light","player_choice":"Ignored","floor":14.0,"gold_loss":0.0,"damage_taken":0.0},{"damage_healed":0.0,"max_hp_gain":0.0,"max_hp_loss":0.0,"gold_gain":0.0,"event_name":"Addict","player_choice":"Obtained Relic","floor":22.0,"gold_loss":85.0,"damage_taken":0.0,"relics_obtained":["Calipers"]},{"damage_healed":23.0,"max_hp_gain":0.0,"max_hp_loss":0.0,"gold_gain":0.0,"event_name":"The Library","player_choice":"Heal","floor":24.0,"gold_loss":0.0,"damage_taken":0.0},{"damage_healed":0.0,"max_hp_gain":0.0,"max_hp_loss":0.0,"gold_gain":0.0,"event_name":"Ghosts","player_choice":"Ignored","floor":28.0,"gold_loss":0.0,"damage_taken":0.0}],"is_beta":false,"boss_relics":[{"not_picked":["Philosopher\u0027s Stone","Busted Crown"],"picked":"SlaversCollar"}],"items_purged_floors":[],"is_endless":false,"potions_floor_spawned":[4,7,11,18,27,31],"killed_by":"Automaton","ascension_level":5}}