{"host":"wha9hktbkslqvblg","time":1610630445,"event":{"mods":["BaseMod","Colored Map","Minty Spire (QoL Compilation)","Relic Stats","SuperFastMode","everything is the same but u backflip on backflip"],"gold_per_floor":[115,115,115,29,29,29,87,118,118,118,128,148,148,17,17,17,17],"floor_reached":16,"language":"KOR","playtime":170,"items_purged":["Strike_R"],"score":242,"play_id":"a4f5e4db-f8d5-42a8-8ee3-41e50f90c868","local_time":"20210114222045","is_ascension_mode":true,"campfire_choices":[{"data":"Body Slam","floor":6,"key":"SMITH"},{"data":"Evolve","floor":10,"key":"SMITH"},{"floor":15,"key":"DIG"}],"circlet_count":0,"master_deck":["AscendersBane","Strike_R","Strike_R","Strike_R","Defend_R+1","Defend_R+1","Defend_R","Defend_R","Bash","Body Slam+1","Evolve+1"],"relics":["Burning Blood","NeowsBlessing","Blood Vial","PreservedInsect","InkBottle","Shovel","Ice Cream"],"acts_visited":["Exordium"],"potions_floor_usage":[],"damage_taken":[{"damage":0,"enemies":"Cultist","floor":1,"turns":1},{"damage":0,"enemies":"Lagavulin Event","floor":7,"turns":1},{"damage":0,"enemies":"3 Sentries","floor":8,"turns":2},{"damage":16,"enemies":"Jaw Worm","floor":11,"turns":4},{"damage":5,"enemies":"2 Louse","floor":12,"turns":3},{"damage":11,"enemies":"Hexaghost","floor":16,"turns":6}],"seed_played":"-3456529258794127791","potions_obtained":[{"floor":12,"key":"BloodPotion"}],"is_trial":false,"path_per_floor":["M","?","T","$","?","R","?","E","T","R","M","M","?","$","R","B"],"character_chosen":"IRONCLAD","items_purchased":["Evolve","Swift Potion"],"campfire_rested":0,"item_purchase_floors":[4,14],"current_hp_per_floor":[74,67,67,67,44,44,50,58,58,58,50,53,35,35,35,26,26],"gold":17,"neow_bonus":"THREE_ENEMY_KILL","is_daily":false,"chose_seed":false,"campfire_upgraded":2,"win_rate":0.0,"timestamp":1610630445,"path_taken":["M","?","?","$","?","R","?","E","T","R","M","M","?","$","R","BOSS"],"items_purchased_type":["Card","Potion"],"build_version":"2020-12-22","purchased_purges":1,"victory":false,"max_hp_per_floor":[75,75,75,75,75,75,75,75,75,75,75,75,75,75,75,75,75],"relic_stats":{"Blood Vial":8,"Shovel":1,"counters":[6,17],"PreservedInsect":0,"obtain_stats":[{"Blood Vial":7,"Ice Cream":15,"Shovel":13,"NeowsBlessing":0,"PreservedInsect":8,"Burning Blood":0,"InkBottle":9},{"Blood Vial":2,"Ice Cream":5,"Shovel":5,"NeowsBlessing":0,"PreservedInsect":3,"Burning Blood":0,"InkBottle":3},{"Blood Vial":2,"Ice Cream":11,"Shovel":11,"NeowsBlessing":0,"PreservedInsect":4,"Burning Blood":0,"InkBottle":4}],"Burning Blood":30,"InkBottle":[3]},"card_choices":[{"not_picked":["Flex","Cleave"],"picked":"Body Slam","floor":1},{"not_picked":["Dual Wield","Anger","Clothesline"],"picked":"SKIP","floor":8},{"not_picked":["Clash","Headbutt","Perfected Strike"],"picked":"SKIP","floor":11},{"not_picked":["Intimidate","Inflame","Havoc"],"picked":"SKIP","floor":12}],"player_experience":972046,"relics_obtained":[{"floor":7,"key":"Blood Vial"},{"floor":8,"key":"PreservedInsect"},{"floor":9,"key":"InkBottle"},{"floor":15,"key":"Ice Cream"}],"event_choices":[{"cards_removed":["Strike_R"],"damage_healed":0,"gold_gain":0,"player_choice":"Card Removal","damage_taken":7,"max_hp_gain":0,"max_hp_loss":0,"event_name":"Golden Wing","floor":2,"gold_loss":0},{"damage_healed":0,"gold_gain":0,"player_choice":"Entered Light","damage_taken":23,"max_hp_gain":0,"max_hp_loss":0,"event_name":"Shining Light","floor":5,"gold_loss":0,"cards_upgraded":["Defend_R","Defend_R"]},{"damage_healed":0,"gold_gain":0,"player_choice":"Searched \u00271\u0027 times","damage_taken":0,"max_hp_gain":0,"max_hp_loss":0,"event_name":"Dead Adventurer","floor":7,"gold_loss":0},{"damage_healed":0,"gold_gain":0,"player_choice":"Success","damage_taken":18,"relics_obtained":["Shovel"],"max_hp_gain":0,"max_hp_loss":0,"event_name":"Scrap Ooze","floor":13,"gold_loss":0}],"is_beta":false,"boss_relics":[],"items_purged_floors":[14],"is_endless":false,"potions_floor_spawned":[12],"killed_by":"Hexaghost","ascension_level":20}}