{"host":"fre309isb0zq7f4i","time":1610588533,"event":{"mods":["BaseMod","Beaked The Cultist","Downfall","Mad Scientist","Minty Spire (QoL Compilation)","Quick Restart","StSLib","The Bug Knight","The Construct","The Mystic","The Senshi","The Servant 0.9.4","The Witch"],"gold_per_floor":[99,112,128,139,139,169,169,169,169,78,93,171,171,198,208,305,305,305,318,318,318,334,346,346,360,373,373,389,404,404,420,431,530,530,530,49,59,79,89,123,148,175,175,175,193,193,211,211,228,228],"floor_reached":51,"language":"ENG","playtime":5103,"items_purged":[],"score":750,"play_id":"089d6761-29ca-4b44-85e8-f5ca18ac4bbe","local_time":"20210113184213","is_ascension_mode":false,"campfire_choices":[{"data":"Slimebound:Split","floor":1.0,"key":"SMITH"},{"floor":9.0,"key":"REST"},{"data":"Slimebound:GoopSpray","floor":13.0,"key":"SMITH"},{"floor":18.0,"key":"RECALL"},{"data":"Slimebound:SlimeTap","floor":27.0,"key":"SMITH"},{"data":"Slimebound:Defend_Slimebound","floor":30.0,"key":"SMITH"},{"data":"Slimebound:SlimeSlap","floor":35,"key":"SMITH"},{"data":"1","floor":43,"key":"LIFT"}],"circlet_count":0,"master_deck":["Slimebound:Strike_Slimebound","Slimebound:Strike_Slimebound","Slimebound:Tackle","Slimebound:Defend_Slimebound","Slimebound:Defend_Slimebound","Slimebound:Defend_Slimebound+1","Slimebound:Defend_Slimebound+1","Slimebound:Split+1","Slimebound:CorrosiveSpit","Slimebound:GoopSpray+1","Slimebound:SplitBruiser","Slimebound:LeadByExample","Slimebound:MegaLick+1","Slimebound:WasteNot+1","Slimebound:Replication+1","Slimebound:LeechingTouch","Slimebound:RejuvenatingLick+1","Slimebound:Gluttony+1","Slimebound:MassRepurpose","Slimebound:LivingWall+1","Slimebound:ViciousTackle+1","Clumsy","Slimebound:SlimeTap+1","Slimebound:SlimeSlap+1","Slimebound:MegaLick+1","Slimebound:ProtectTheBoss","sneckomod:Bewildered","Slimebound:ComboTackle+1"],"relics":["Slimebound:AbsorbEndCombat","Gremlin Horn","Singing Bowl","Girya","Cursed Key","Letter Opener","Busted Crown","theSenshi:FeatherClipsRelic","Lee\u0027s Waffle","Regal Pillow","Centennial Puzzle","Slimebound:MaxSlimesRelic","downfall:TeleportStone"],"acts_visited":["Exordium","TheCity","TheBeyond"],"potions_floor_usage":[39,42],"damage_taken":[{"damage":14.0,"enemies":"Small Slimes","floor":2.0,"turns":3.0},{"damage":14.0,"enemies":"Cultist","floor":3.0,"turns":3.0},{"damage":13.0,"enemies":"2 Louse","floor":4.0,"turns":2.0},{"damage":48.0,"enemies":"Lagavulin","floor":6.0,"turns":5.0},{"damage":15.0,"enemies":"downfall:FleeingMerchant","floor":10.0,"turns":4.0},{"damage":5.0,"enemies":"Red Slaver","floor":11.0,"turns":2.0},{"damage":43.0,"enemies":"Gremlin Nob","floor":14.0,"turns":4.0},{"damage":15.0,"enemies":"2 Fungi Beasts","floor":15.0,"turns":2.0},{"damage":42.0,"enemies":"downfall:Ironclad","floor":16.0,"turns":9.0},{"damage":22.0,"enemies":"3 Byrds","floor":19.0,"turns":3.0},{"damage":34.0,"enemies":"Centurion and Healer","floor":22.0,"turns":5.0},{"damage":24.0,"enemies":"Cultist and Chosen","floor":23.0,"turns":7.0},{"damage":11.0,"enemies":"Snecko","floor":25.0,"turns":3.0},{"damage":40.0,"enemies":"Snake Plant","floor":26.0,"turns":4.0},{"damage":12.0,"enemies":"Centurion and Healer","floor":28.0,"turns":4.0},{"damage":46.0,"enemies":"Snecko","floor":29.0,"turns":6.0},{"damage":10.0,"enemies":"Snake Plant","floor":31.0,"turns":3.0},{"damage":19.0,"enemies":"3 Cultists","floor":32.0,"turns":3.0},{"damage":73.0,"enemies":"downfall:Defect","floor":33.0,"turns":8.0},{"damage":22,"enemies":"downfall:FleeingMerchant","floor":36,"turns":4},{"damage":8,"enemies":"3 Shapes","floor":37,"turns":3},{"damage":24,"enemies":"3 Darklings","floor":38,"turns":3},{"damage":34,"enemies":"Sphere and 2 Shapes","floor":39,"turns":4},{"damage":58,"enemies":"Giant Head","floor":40,"turns":6},{"damage":58,"enemies":"Nemesis","floor":42,"turns":5},{"damage":15,"enemies":"Jaw Worm Horde","floor":45,"turns":2},{"damage":52,"enemies":"4 Shapes","floor":47,"turns":2},{"damage":12,"enemies":"3 Darklings","floor":49,"turns":2},{"damage":23,"enemies":"downfall:Watcher","floor":50,"turns":6}],"seed_played":"-7973005853203381416","potions_obtained":[{"floor":3.0,"key":"ColorlessPotion"},{"floor":14.0,"key":"Regen Potion"},{"floor":16.0,"key":"SpeedPotion"},{"floor":19.0,"key":"Weak Potion"},{"floor":28.0,"key":"Strength Potion"},{"floor":31.0,"key":"BlessingOfTheForge"},{"floor":33.0,"key":"Fruit Juice"},{"floor":37,"key":"Fruit Juice"},{"floor":40,"key":"Regen Potion"},{"floor":47,"key":"SteroidPotion"}],"is_trial":false,"path_per_floor":["R","M","M","M","?","E","T","?","R","$","M","T","R","E","M","B",null,"R","M","?","?","M","M","T","M","M","R","M","M","R","M","M","B",null,"R","$","M","M","M","E","T","E","R","?","M","?","M","?","M","B",null],"character_chosen":"SLIMEBOUND","items_purchased":["Slimebound:Replication+1","theSenshi:FeatherClipsRelic","Lee\u0027s Waffle","Slimebound:ProtectTheBoss"],"campfire_rested":1,"item_purchase_floors":[10,36,36,36],"current_hp_per_floor":[66,64,62,63,56,30,30,30,49,48,49,49,49,26,30,32,70,70,70,70,70,66,70,70,71,56,56,66,44,44,48,63,50,80,80,87,89,91,88,76,76,82,82,82,104,103,98,98,110,110],"gold":228,"neow_bonus":"TEN_PERCENT_HP_BONUS","is_daily":false,"chose_seed":false,"campfire_upgraded":5,"win_rate":0.0,"timestamp":1610588533,"path_taken":["R","M","M","M","?","E","T","?","R","$","?","?","R","E","M","BOSS","R","M","?","?","M","M","T","M","M","R","?","M","R","M","M","BOSS","R","$","M","M","M","E","T","E","R","?","M","?","M","?","M","BOSS"],"items_purchased_type":["Card","Relic","Relic","Card"],"build_version":"2020-12-22","purchased_purges":0,"victory":true,"max_hp_per_floor":[66,66,66,66,66,66,66,66,66,66,66,66,66,66,68,70,70,70,70,70,70,70,70,70,72,72,72,74,76,76,78,80,80,80,80,87,89,91,98,100,100,102,102,102,104,108,108,108,110,110],"card_choices":[{"not_picked":["Slimebound:SplitLeeching","Slimebound:ComboTackle"],"picked":"Slimebound:GoopSpray","floor":2.0},{"not_picked":["Slimebound:SplitLeeching","Slimebound:Chomp"],"picked":"Slimebound:SplitBruiser","floor":3.0},{"not_picked":["Slimebound:Gluttony","Slimebound:SplitLeeching"],"picked":"Slimebound:LeadByExample","floor":4.0},{"not_picked":["Slimebound:HauntingLick+1","Slimebound:Schlurp+1"],"picked":"Slimebound:MegaLick+1","floor":6.0},{"not_picked":["Slimebound:LeechingTouch","Slimebound:GoopSpray+1"],"picked":"Slimebound:WasteNot+1","floor":10.0},{"not_picked":["Slimebound:SpikyOuterGoop","Slimebound:SplitBruiser+1"],"picked":"Slimebound:LeechingTouch","floor":11.0},{"not_picked":["Slimebound:LeechingTouch","Slimebound:MegaLick+1"],"picked":"Slimebound:RejuvenatingLick+1","floor":14.0},{"not_picked":["Slimebound:GrowthPunch","Slimebound:SplitAcid+1","Slimebound:LeechingTouch"],"picked":"Singing Bowl","floor":15.0},{"not_picked":["Slimebound:Teamwork+1","Slimebound:WasteNot+1","Slimebound:SelfFormingGoo"],"picked":"Singing Bowl","floor":16.0},{"not_picked":["Slimebound:GoopSpray+1","Slimebound:FinishingTackle"],"picked":"Slimebound:Gluttony+1","floor":19.0},{"not_picked":["Slimebound:GrowthPunch","Slimebound:ComboTackle+1"],"picked":"Slimebound:LivingWall+1","floor":22.0},{"not_picked":["Slimebound:GrowthPunch","Slimebound:SplitAcid"],"picked":"Slimebound:ViciousTackle+1","floor":23.0},{"not_picked":["Slimebound:DuplicatedForm","Slimebound:GoopSpray","Slimebound:HauntingLick"],"picked":"Singing Bowl","floor":25.0},{"not_picked":["Slimebound:ViciousTackle","Slimebound:Schlurp"],"picked":"Slimebound:SlimeTap","floor":26.0},{"not_picked":["Slimebound:GoopTackle","Slimebound:FinishingTackle","Slimebound:Schlurp"],"picked":"Singing Bowl","floor":28.0},{"not_picked":["Slimebound:FinishingTackle","Slimebound:ComboTackle","Slimebound:MinionMaster"],"picked":"Singing Bowl","floor":29.0},{"not_picked":["Slimebound:PressTheAttack+1","Slimebound:SlimeSpikes+1","Slimebound:LivingWall"],"picked":"Singing Bowl","floor":31.0},{"not_picked":["Slimebound:Chomp+1","Slimebound:SlimeSpikes","Slimebound:SplitBruiser+1"],"picked":"Singing Bowl","floor":32.0},{"not_picked":["Slimebound:PrepareCrush","Slimebound:MinionMaster"],"picked":"Slimebound:SlimeSlap","floor":33.0},{"not_picked":[],"picked":"Slimebound:MegaLick+1","floor":36},{"not_picked":["Slimebound:ProtectTheBoss"],"picked":"Singing Bowl","floor":37},{"not_picked":["Slimebound:PressTheAttack+1"],"picked":"Singing Bowl","floor":38},{"not_picked":["Slimebound:Prepare"],"picked":"Singing Bowl","floor":39},{"not_picked":["Slimebound:SlimeSpikes"],"picked":"Singing Bowl","floor":40},{"not_picked":["Slimebound:Schlurp"],"picked":"Singing Bowl","floor":42},{"not_picked":["Slimebound:GrowthPunch"],"picked":"Singing Bowl","floor":45},{"not_picked":["expansioncontent:Hexaburn"],"picked":"Singing Bowl","floor":46},{"not_picked":["expansioncontent:GuardianWhirl"],"picked":"Singing Bowl","floor":46},{"not_picked":[],"picked":"Slimebound:ComboTackle+1","floor":47},{"not_picked":["Slimebound:LeechingTouch"],"picked":"Singing Bowl","floor":49}],"player_experience":187132,"relics_obtained":[{"floor":6.0,"key":"Toxic Egg 2"},{"floor":12.0,"key":"Singing Bowl"},{"floor":14.0,"key":"Girya"},{"floor":24.0,"key":"Letter Opener"},{"floor":40,"key":"Regal Pillow"},{"floor":41,"key":"Centennial Puzzle"},{"floor":42,"key":"Slimebound:MaxSlimesRelic"}],"event_choices":[{"damage_healed":0.0,"max_hp_gain":0.0,"max_hp_loss":0.0,"gold_gain":0.0,"event_name":"Scrap Ooze","player_choice":"Success","floor":5.0,"gold_loss":0.0,"damage_taken":7.0,"relics_obtained":["Gremlin Horn"]},{"damage_healed":0.0,"max_hp_gain":0.0,"max_hp_loss":0.0,"gold_gain":0.0,"event_name":"Upgrade Shrine","player_choice":"Upgraded","floor":8.0,"gold_loss":0.0,"damage_taken":0.0,"cards_upgraded":["Slimebound:Defend_Slimebound"]},{"cards_removed":["Slimebound:Strike_Slimebound"],"damage_healed":0,"gold_gain":0,"player_choice":"Removed Attack","damage_taken":0,"max_hp_gain":0,"max_hp_loss":0,"event_name":"Falling","floor":44,"gold_loss":0}],"is_beta":false,"boss_relics":[{"not_picked":["Philosopher\u0027s Stone","Coffee Dripper"],"picked":"Cursed Key"},{"not_picked":["Fusion Hammer","SacredBark"],"picked":"Busted Crown"}],"items_purged_floors":[],"is_endless":false,"potions_floor_spawned":[3,14,16,19,28,31,33,37,40,47,49],"ascension_level":0}}