{"host":"Á¤±Û¸µ","time":1610644144,"event":{"mods":["AchievementEnabler","BaseMod","Colored Map","DeckTracker","Highlight Path","Keyboard Shortcuts","Minty Spire (QoL Compilation)","Permanent Neow","Quick Restart","Rare Cards Sparkle","everything is the same but u backflip on backflip"],"gold_per_floor":[118,133,146,159,170,170,170,209,209,209,243,243,543,581,581,581,581],"floor_reached":16,"language":"KOR","playtime":752,"items_purged":[],"score":306,"play_id":"d424f15d-229b-46be-8fd9-1eab578b2df6","local_time":"20210115020904","is_ascension_mode":true,"campfire_choices":[{"data":"Eruption","floor":6.0,"key":"SMITH"},{"data":"MentalFortress","floor":10.0,"key":"SMITH"},{"data":"TalkToTheHand","floor":12.0,"key":"SMITH"},{"data":"EmptyMind","floor":15.0,"key":"SMITH"}],"circlet_count":0,"master_deck":["AscendersBane","Strike_P","Strike_P","Strike_P","Strike_P","Defend_P","Defend_P","Defend_P","Defend_P","Eruption+1","Vigilance","MentalFortress+1","WheelKick","Judgement","TalkToTheHand+1","EmptyMind+1"],"relics":["PureWater","FossilizedHelix","Golden Idol","Orichalcum","Bird Faced Urn","TeardropLocket","Old Coin","Incense Burner"],"acts_visited":["Exordium"],"potions_floor_usage":[16,16],"damage_taken":[{"damage":0.0,"enemies":"Cultist","floor":1.0,"turns":4.0},{"damage":0.0,"enemies":"Jaw Worm","floor":2.0,"turns":2.0},{"damage":0.0,"enemies":"Small Slimes","floor":3.0,"turns":4.0},{"damage":0.0,"enemies":"Exordium Wildlife","floor":4.0,"turns":5.0},{"damage":0.0,"enemies":"3 Louse","floor":5.0,"turns":3.0},{"damage":8.0,"enemies":"Lagavulin","floor":8.0,"turns":6.0},{"damage":0.0,"enemies":"Gremlin Nob","floor":11.0,"turns":3.0},{"damage":0.0,"enemies":"Lagavulin","floor":14.0,"turns":7.0},{"damage":40,"enemies":"Hexaghost","floor":16,"turns":11}],"seed_played":"-3073875313729415703","potions_obtained":[{"floor":2.0,"key":"Block Potion"},{"floor":4.0,"key":"DuplicationPotion"},{"floor":8.0,"key":"StancePotion"}],"is_trial":false,"path_per_floor":["M","M","M","M","M","R","?","E","T","R","E","R","?","E","R","B"],"character_chosen":"WATCHER","items_purchased":[],"campfire_rested":0,"item_purchase_floors":[],"current_hp_per_floor":[43,43,43,43,43,43,43,35,35,35,37,37,37,39,39,1,1],"gold":581,"neow_bonus":"ONE_RARE_RELIC","is_daily":false,"chose_seed":false,"campfire_upgraded":4,"win_rate":0.0,"timestamp":1610644144,"path_taken":["M","M","?","M","M","R","?","E","T","R","E","R","?","E","R","BOSS"],"items_purchased_type":[],"build_version":"2020-12-18","purchased_purges":0,"victory":false,"max_hp_per_floor":[68,68,68,68,68,68,62,62,62,62,62,62,62,62,62,62,62],"card_choices":[{"not_picked":["EmptyBody","LikeWater","FollowUp"],"picked":"SKIP","floor":1.0},{"not_picked":["Protect","JustLucky","Study"],"picked":"SKIP","floor":2.0},{"not_picked":["SashWhip","Worship"],"picked":"MentalFortress","floor":3.0},{"not_picked":["CutThroughFate","Conclude"],"picked":"WheelKick","floor":4.0},{"not_picked":["BowlingBash","Vengeance","Crescendo"],"picked":"SKIP","floor":5.0},{"not_picked":["Halt","Vengeance"],"picked":"Judgement","floor":8.0},{"not_picked":["ThirdEye","Halt"],"picked":"TalkToTheHand","floor":11.0},{"not_picked":["Consecrate","BowlingBash","EmptyMind"],"picked":"SKIP","floor":14.0},{"not_picked":["Consecrate","BowlingBash"],"picked":"EmptyMind","floor":14.0}],"player_experience":487465,"relics_obtained":[{"floor":8.0,"key":"Orichalcum"},{"floor":9.0,"key":"Bird Faced Urn"},{"floor":11.0,"key":"TeardropLocket"},{"floor":13.0,"key":"Old Coin"},{"floor":14.0,"key":"Incense Burner"}],"event_choices":[{"damage_healed":0.0,"max_hp_gain":0.0,"max_hp_loss":6.0,"gold_gain":0.0,"event_name":"Golden Idol","player_choice":"Lose Max HP","floor":7.0,"gold_loss":0.0,"damage_taken":0.0,"relics_obtained":["Golden Idol"]},{"damage_healed":0.0,"max_hp_gain":0.0,"max_hp_loss":0.0,"gold_gain":0.0,"event_name":"Wheel of Change","player_choice":"Relic","floor":13.0,"gold_loss":0.0,"damage_taken":0.0}],"is_beta":true,"boss_relics":[],"items_purged_floors":[],"is_endless":false,"potions_floor_spawned":[2,4,8,14],"killed_by":"Hexaghost","ascension_level":16}}