{"host":"h5mpg8xef8fl8s1y","time":1610649110,"event":{"mods":["100% Spire Juice","AchievementEnabler","BaseMod","Bestiary","Block Reminder","Colored Map","Colored Powertips","Curses Come First","Dark Map","Displayed Cursed Tome","Googly Eyes","Marisa????????","Minty Spire (QoL Compilation)","Permanent Neow","Quick Restart","Random Character Button","Rare Cards Sparkle","Relic Stats","StSLib","Starting Relic: Pandora\u0027s Box","The Marked","The Senshi","The Servant 0.9.4","TheVelvet","Waifu the Spire","Yakumo Yukari mod","everything is the same but u backflip on backflip"],"gold_per_floor":[109,127,127,151,151,151,216,231,258,114,114,129,142,157,157,157,157],"floor_reached":16,"language":"ENG","playtime":1331,"items_purged":[],"score":92,"play_id":"b4cb6c55-345f-4247-869c-6878b6458c86","local_time":"20210114133150","is_ascension_mode":false,"campfire_choices":[{"data":"hadesmod:Snipe","floor":6,"key":"SMITH"},{"floor":15,"key":"REST"}],"circlet_count":0,"master_deck":["hadesmod:SwapStrike","hadesmod:Dash","hadesmod:RuyiJinguBang","hadesmod:YatsuhashisDefence","hadesmod:FierceCry","hadesmod:DigIn","hadesmod:ArcFortify","hadesmod:BitByBit","hadesmod:IThinkEyePatchesAreHot","hadesmod:Hitpower","hadesmod:Snipe+","hadesmod:Slide","hadesmod:Snapshoot","hadesmod:GunCameras","hadesmod:Claws","hadesmod:JinnsKnowledge"],"relics":["hadesmod:WeaponCharger","Tiny Chest","Potion Belt","Omamori","Oddly Smooth Stone","Strange Spoon","Bottled Flame"],"acts_visited":["Exordium"],"potions_floor_usage":[],"damage_taken":[{"damage":0,"enemies":"Cultist","floor":1,"turns":4},{"damage":0,"enemies":"Small Slimes","floor":2,"turns":4},{"damage":0,"enemies":"2 Louse","floor":8,"turns":4},{"damage":6,"enemies":"Blue Slaver","floor":12,"turns":4},{"damage":11,"enemies":"Looter","floor":13,"turns":3},{"damage":0,"enemies":"Exordium Wildlife","floor":14,"turns":4},{"damage":50,"enemies":"The Guardian","floor":16,"turns":8}],"seed_played":"5830950513633650903","potions_obtained":[{"floor":13,"key":"CultistPotion"},{"floor":14,"key":"FearPotion"}],"is_trial":false,"path_per_floor":["M","M","$","T","?","R","?","M","T","$","T","M","M","M","R","B"],"character_chosen":"THE_HUNTRESS","items_purchased":["Strange Spoon"],"campfire_rested":1,"item_purchase_floors":[10],"current_hp_per_floor":[60,60,60,60,48,48,48,48,48,48,48,42,31,31,49,0,0],"gold":157,"neow_bonus":"RANDOM_COMMON_RELIC","is_daily":false,"chose_seed":false,"campfire_upgraded":1,"win_rate":0.0,"timestamp":1610649110,"path_taken":["M","M","$","?","?","R","?","M","T","$","?","M","?","M","R","BOSS"],"items_purchased_type":["Relic"],"build_version":"2020-12-22","purchased_purges":0,"victory":false,"max_hp_per_floor":[60,60,60,60,60,60,60,60,60,60,60,60,60,60,60,60,60],"relic_stats":{"Strange Spoon":[23],"counters":[7,31],"Tiny Chest":1,"obtain_stats":[{"Potion Belt":4,"Strange Spoon":10,"hadesmod:WeaponCharger":0,"Bottled Flame":11,"Oddly Smooth Stone":9,"Tiny Chest":0,"Omamori":5},{"Potion Belt":2,"Strange Spoon":3,"hadesmod:WeaponCharger":0,"Bottled Flame":3,"Oddly Smooth Stone":3,"Tiny Chest":0,"Omamori":2},{"Potion Belt":8,"Strange Spoon":12,"hadesmod:WeaponCharger":0,"Bottled Flame":12,"Oddly Smooth Stone":12,"Tiny Chest":0,"Omamori":8}]},"card_choices":[{"not_picked":["hadesmod:GlanceShot","hadesmod:Flamesmash"],"picked":"hadesmod:Snipe","floor":1},{"not_picked":["hadesmod:Spin","hadesmod:PrepareAttack"],"picked":"hadesmod:Slide","floor":2},{"not_picked":["hadesmod:StrikeBooster","hadesmod:AuraAmp"],"picked":"hadesmod:Snapshoot","floor":8},{"not_picked":["hadesmod:Hitpower","hadesmod:CameraSmack"],"picked":"hadesmod:GunCameras","floor":12},{"not_picked":["hadesmod:GlanceShot","hadesmod:YatsuhashisDefence"],"picked":"hadesmod:Claws","floor":13},{"not_picked":["hadesmod:CrescentDexterity","hadesmod:ArrayBlast"],"picked":"hadesmod:JinnsKnowledge","floor":14}],"player_experience":223228,"relics_obtained":[{"floor":4,"key":"Potion Belt"},{"floor":9,"key":"Oddly Smooth Stone"},{"floor":11,"key":"Bottled Flame"}],"event_choices":[{"damage_healed":0,"gold_gain":0,"player_choice":"Success","damage_taken":12,"relics_obtained":["Omamori"],"max_hp_gain":0,"max_hp_loss":0,"event_name":"Scrap Ooze","floor":5,"gold_loss":0},{"damage_healed":0,"gold_gain":65,"player_choice":"Gained Gold","damage_taken":0,"max_hp_gain":0,"max_hp_loss":0,"event_name":"Golden Wing","floor":7,"gold_loss":0}],"is_beta":false,"boss_relics":[],"items_purged_floors":[],"is_endless":false,"potions_floor_spawned":[13,14],"killed_by":"The Guardian","ascension_level":0}}