{"host":"nz11ypxva4e39b7q","time":1610642044,"event":{"mods":["BaseMod","Better Altar","Better Skull","Better Third Choice","Better Vampires","Colored Map","Minty Spire (QoL Compilation)","Spicy Shops","StSLib","The Marked"],"gold_per_floor":[363,0,12,187,187,231,252,252,252,276,276,276,299,324,324,324,324],"floor_reached":16,"language":"ENG","playtime":675,"items_purged":["theMarked:Defend"],"score":128,"play_id":"e1f97db4-f952-4cc4-b319-45f93f0b441a","local_time":"20210114173404","is_ascension_mode":true,"campfire_choices":[{"data":"theMarked:SoldierOfQuellstein","floor":8.0,"key":"SMITH"},{"floor":12.0,"key":"REST"},{"data":"theMarked:AttractMetal","floor":15.0,"key":"SMITH"}],"circlet_count":0,"master_deck":["theMarked:Strike","theMarked:Strike","theMarked:Strike","theMarked:Strike","theMarked:Strike","theMarked:Defend","theMarked:Defend","theMarked:Defend","theMarked:SoldierOfQuellstein+1","theMarked:AttractMetal+1","theMarked:ElementalBlade","Doubt","theMarked:EmpowerWeapon","theMarked:Overcharge"],"relics":["theMarked:ArtifactOfAir","InkBottle","Golden Idol","The Courier","Frozen Egg 2"],"acts_visited":["Exordium"],"potions_floor_usage":[16],"damage_taken":[{"damage":3.0,"enemies":"2 Louse","floor":1.0,"turns":3.0},{"damage":5.0,"enemies":"Small Slimes","floor":3.0,"turns":3.0},{"damage":36.0,"enemies":"Gremlin Nob","floor":6.0,"turns":4.0},{"damage":7.0,"enemies":"Jaw Worm","floor":7.0,"turns":4.0},{"damage":5.0,"enemies":"Large Slime","floor":10.0,"turns":5.0},{"damage":0.0,"enemies":"Blue Slaver","floor":13.0,"turns":5.0},{"damage":1.0,"enemies":"Red Slaver","floor":14.0,"turns":3.0},{"damage":29,"enemies":"The Guardian","floor":16,"turns":10}],"seed_played":"-4038591930484663480","potions_obtained":[{"floor":1.0,"key":"SkillPotion"},{"floor":3.0,"key":"BlessingOfTheForge"},{"floor":10.0,"key":"ColorlessPotion"}],"is_trial":false,"path_per_floor":["M","$","M","?","?","E","M","R","T","M","?","R","M","M","R","B"],"character_chosen":"THE_DEFAULT","items_purchased":["InkBottle","theMarked:ElementalBlade"],"campfire_rested":1,"item_purchase_floors":[2,2],"current_hp_per_floor":[60,60,55,55,55,19,12,12,12,7,7,24,24,23,23,0,0],"gold":324,"neow_bonus":"TWO_FIFTY_GOLD","is_daily":false,"chose_seed":false,"campfire_upgraded":2,"win_rate":0.0,"timestamp":1610642044,"path_taken":["M","$","M","?","?","E","M","R","T","?","?","R","M","M","R","BOSS"],"items_purchased_type":["Relic","Card"],"build_version":"2020-12-22","purchased_purges":1,"victory":false,"max_hp_per_floor":[63,63,63,63,58,58,58,58,58,58,58,58,58,58,58,58,58],"card_choices":[{"not_picked":["theMarked:ReduceFriction","theMarked:ElectricStrings"],"picked":"theMarked:AttractMetal","floor":1.0},{"not_picked":["theMarked:WastefulDefense","theMarked:RepellingDischarge","theMarked:Frustration"],"picked":"SKIP","floor":3.0},{"not_picked":["theMarked:Static","theMarked:SelfDefenseTraining","theMarked:WastefulAttack"],"picked":"SKIP","floor":6.0},{"not_picked":["theMarked:SwordAndMagic","theMarked:Convert"],"picked":"theMarked:EmpowerWeapon","floor":7.0},{"not_picked":["theMarked:Improvise","theMarked:ChainLightning","theMarked:TwofoldDefense"],"picked":"SKIP","floor":10.0},{"not_picked":["theMarked:Abjuration","theMarked:Electrocute"],"picked":"theMarked:Overcharge","floor":13.0},{"not_picked":["theMarked:BanishingStrike","theMarked:WastefulAttack","theMarked:WardOff"],"picked":"SKIP","floor":14.0}],"player_experience":1000897,"relics_obtained":[{"floor":6.0,"key":"The Courier"},{"floor":9.0,"key":"Frozen Egg 2"}],"event_choices":[{"damage_healed":0.0,"max_hp_gain":0.0,"max_hp_loss":0.0,"gold_gain":175.0,"event_name":"betterThird:BetterSerpent","player_choice":"AGREE","floor":4.0,"gold_loss":0.0,"damage_taken":12.0},{"damage_healed":0.0,"max_hp_gain":0.0,"max_hp_loss":5.0,"gold_gain":0.0,"event_name":"Golden Idol","player_choice":"Lose Max HP","floor":5.0,"gold_loss":0.0,"damage_taken":0.0,"relics_obtained":["Golden Idol"]},{"damage_healed":0.0,"max_hp_gain":0.0,"max_hp_loss":0.0,"gold_gain":0.0,"event_name":"Dead Adventurer","player_choice":"Searched \u00271\u0027 times","floor":11.0,"gold_loss":0.0,"damage_taken":0.0}],"is_beta":false,"boss_relics":[],"items_purged_floors":[2],"is_endless":false,"potions_floor_spawned":[1,3,10],"killed_by":"The Guardian","ascension_level":5}}