{"host":"rewczy2ihmzhwqlt","time":1610626861,"event":{"mods":["2.2 Compatiblity","Act Like it!","BaseMod","Gensokyo","Minty Spire (QoL Compilation)","Permanent Neow","Quick Restart","Rare Cards Sparkle","StSLib"],"gold_per_floor":[109,124,124,140,170,203,203,231,231,257,9,9,9,28,28,128,128,148,98,98,48,63,97,122,160,172,216,228,240,60,22,34,145,157,186,198,72,84,115,127,139,183,195,221,253,265,310,336,357,369],"floor_reached":51,"language":"ZHS","playtime":3371,"items_purged":["Defend_P","Strike_P","Strike_P"],"score":1416,"play_id":"4a86364b-3c03-4de3-ad25-2fff714a2d7a","local_time":"20210114202101","is_ascension_mode":true,"campfire_choices":[{"data":"Eruption","floor":7.0,"key":"SMITH"},{"data":"Adaptation","floor":13.0,"key":"SMITH"},{"data":"Meditate","floor":15.0,"key":"SMITH"},{"data":"FearNoEvil","floor":29.0,"key":"SMITH"},{"floor":32.0,"key":"REST"},{"floor":40,"key":"RECALL"},{"floor":46,"key":"REST"},{"floor":49,"key":"REST"}],"circlet_count":0,"master_deck":["AscendersBane","Strike_P+1","Defend_P+1","Defend_P+1","Eruption+1","CutThroughFate+1","Meditate+1","LessonLearned+1","Halt+1","FearNoEvil+1","Adaptation+1","Gensokyo:Taser","Scrawl+1","MentalFortress+1","Adaptation"],"relics":["Black Star","Smiling Mask","Ornamental Fan","The Courier","Bottled Tornado","Happy Flower","White Beast Statue","Pantograph","Pen Nib","Bottled Flame","TeardropLocket","Gensokyo:Justice","Empty Cage","Gensokyo:SongOfSouls","Letter Opener","MawBank","Dream Catcher","Bottled Lightning","Eternal Feather","TungstenRod","Anchor","Fusion Hammer","War Paint","TheAbacus","Gensokyo:DualWield","Strawberry","Omamori","Vajra","CeramicFish","Singing Bowl"],"acts_visited":["Exordium","Gensokyo:Gensokyo","Gensokyo:Gensokyoer"],"potions_floor_usage":[50],"damage_taken":[{"damage":6.0,"enemies":"Gensokyo:Gryphon","floor":1.0,"turns":5.0},{"damage":13.0,"enemies":"Gensokyo:3_Fairies","floor":2.0,"turns":5.0},{"damage":9.0,"enemies":"Gensokyo:2_Kodama","floor":4.0,"turns":5.0},{"damage":0.0,"enemies":"Gensokyo:Mamizou","floor":5.0,"turns":7.0},{"damage":37.0,"enemies":"Gensokyo:Cirno","floor":6.0,"turns":6.0},{"damage":0.0,"enemies":"Gensokyo:Mamizou","floor":8.0,"turns":7.0},{"damage":8.0,"enemies":"Gensokyo:Cirno","floor":10.0,"turns":7.0},{"damage":0.0,"enemies":"Gensokyo:5_Fairies","floor":14.0,"turns":3.0},{"damage":21.0,"enemies":"Gensokyo:Kokoro","floor":16.0,"turns":7.0},{"damage":23.0,"enemies":"Gensokyo:3_Dogs","floor":18.0,"turns":4.0},{"damage":0.0,"enemies":"Gensokyo:2_Gloops","floor":22.0,"turns":2.0},{"damage":12.0,"enemies":"Gensokyo:Koishi","floor":23.0,"turns":4.0},{"damage":0.0,"enemies":"Gensokyo:Slime_Group","floor":24.0,"turns":2.0},{"damage":4.0,"enemies":"Gensokyo:Tenshi","floor":25.0,"turns":3.0},{"damage":4.0,"enemies":"Gensokyo:Reisen","floor":27.0,"turns":4.0},{"damage":7.0,"enemies":"Gensokyo:Eternal_Rivals","floor":33.0,"turns":6.0},{"damage":0.0,"enemies":"Gensokyo:AncientGuardian","floor":35.0,"turns":2.0},{"damage":0,"enemies":"Gensokyo:3_Bats","floor":39,"turns":2},{"damage":0,"enemies":"Gensokyo:Doremy","floor":42,"turns":2},{"damage":0,"enemies":"Gensokyo:3_Boulders","floor":44,"turns":2},{"damage":0,"enemies":"Gensokyo:4_Bats","floor":45,"turns":1},{"damage":0,"enemies":"Gensokyo:Kasen","floor":47,"turns":2},{"damage":0,"enemies":"Gensokyo:Sharpion","floor":48,"turns":2},{"damage":14,"enemies":"Gensokyo:Shinki","floor":50,"turns":4}],"seed_played":"7734548141089576280","potions_obtained":[{"floor":1.0,"key":"Strength Potion"},{"floor":2.0,"key":"Ancient Potion"},{"floor":10.0,"key":"BlessingOfTheForge"},{"floor":14.0,"key":"Weak Potion"},{"floor":16.0,"key":"Strength Potion"},{"floor":18.0,"key":"BlessingOfTheForge"},{"floor":22.0,"key":"DistilledChaos"},{"floor":23.0,"key":"DistilledChaos"},{"floor":25.0,"key":"Dexterity Potion"},{"floor":27.0,"key":"PowerPotion"},{"floor":33.0,"key":"DuplicationPotion"},{"floor":44,"key":"DuplicationPotion"}],"is_trial":false,"path_per_floor":["M","M","?","M","?","E","R","E","T","E","$","?","R","M","R","B",null,"M","$","?","$","M","E","M","E","T","E","?","R","COS","?","R","B",null,"M","?","COS","?","M","R","?","E","T","M","M","R","E","M","R","B",null],"character_chosen":"WATCHER","items_purchased":["TeardropLocket"],"campfire_rested":3,"item_purchase_floors":[11],"current_hp_per_floor":[59,46,68,59,59,22,22,22,22,14,14,14,14,14,14,18,59,36,36,36,36,36,24,24,20,20,16,16,22,22,29,61,72,77,77,67,67,67,67,76,76,83,83,83,83,86,88,90,90,90],"gold":381,"neow_bonus":"BOSS_RELIC","is_daily":false,"chose_seed":false,"campfire_upgraded":4,"win_rate":0.0,"timestamp":1610626861,"path_taken":["M","M","?","M","?","E","R","E","T","E","?","?","R","?","R","BOSS","M","$","?","$","M","E","M","E","T","E","?","R","COS","?","R","BOSS","M","?","COS","?","M","R","?","E","T","M","M","R","E","?","R","BOSS"],"items_purchased_type":["Relic"],"build_version":"2020-12-22","purchased_purges":3,"victory":true,"max_hp_per_floor":[72,72,72,72,72,72,72,72,72,72,72,72,72,72,72,72,72,72,72,72,72,72,72,72,72,72,72,72,72,72,79,79,79,79,79,79,79,79,79,79,79,86,86,86,86,86,88,90,90,90],"card_choices":[{"not_picked":["Prostrate","ForeignInfluence"],"picked":"Adaptation","floor":1.0},{"not_picked":["Worship","Crescendo"],"picked":"CutThroughFate","floor":2.0},{"not_picked":["Weave","SashWhip","Evaluate"],"picked":"SKIP","floor":4.0},{"not_picked":["Wish","Evaluate"],"picked":"Meditate","floor":5.0},{"not_picked":["Evaluate","Crescendo","Nirvana"],"picked":"SKIP","floor":6.0},{"not_picked":["EmptyFist","Devotion","Vengeance"],"picked":"SKIP","floor":8.0},{"not_picked":["Nirvana","Crescendo","ClearTheMind"],"picked":"SKIP","floor":10.0},{"not_picked":["FollowUp","WaveOfTheHand","FlyingSleeves"],"picked":"SKIP","floor":14.0},{"not_picked":["SpiritShield","Devotion"],"picked":"LessonLearned","floor":16.0},{"not_picked":["EmptyBody","Crescendo","Protect"],"picked":"SKIP","floor":18.0},{"not_picked":["DeusExMachina","Conclude","EmptyBody"],"picked":"SKIP","floor":22.0},{"not_picked":["ThirdEye","Crescendo+1"],"picked":"Halt","floor":23.0},{"not_picked":["EmptyBody","EmptyFist","DevaForm"],"picked":"SKIP","floor":24.0},{"not_picked":["Halt","EmptyFist"],"picked":"FearNoEvil","floor":25.0},{"not_picked":["SignatureMove+1","Protect+1"],"picked":"Adaptation+1","floor":27.0},{"not_picked":["Ragnarok","DevaForm"],"picked":"Scrawl","floor":33.0},{"not_picked":["ThirdEye+1","SashWhip+1","SandsOfTime"],"picked":"SKIP","floor":35.0},{"not_picked":["PathToVictory","SignatureMove","BowlingBash"],"picked":"SKIP","floor":39},{"not_picked":["EmptyFist","PathToVictory","Pray+1"],"picked":"SKIP","floor":42},{"not_picked":["WindmillStrike","Evaluate","Wireheading"],"picked":"SKIP","floor":44},{"not_picked":["EmptyFist+1","FollowUp+1"],"picked":"MentalFortress+1","floor":45},{"not_picked":["Swivel+1","Omniscience","Protect+1"],"picked":"Singing Bowl","floor":47},{"not_picked":["ClearTheMind","Crescendo","ThirdEye"],"picked":"Singing Bowl","floor":48},{"not_picked":["FollowUp","Halt"],"picked":"Adaptation","floor":49}],"player_experience":584919,"relics_obtained":[{"floor":5.0,"key":"Smiling Mask"},{"floor":5.0,"key":"Ornamental Fan"},{"floor":6.0,"key":"The Courier"},{"floor":6.0,"key":"Bottled Tornado"},{"floor":8.0,"key":"Happy Flower"},{"floor":8.0,"key":"White Beast Statue"},{"floor":9.0,"key":"Pantograph"},{"floor":10.0,"key":"Pen Nib"},{"floor":10.0,"key":"Bottled Flame"},{"floor":23.0,"key":"Letter Opener"},{"floor":23.0,"key":"MawBank"},{"floor":25.0,"key":"Dream Catcher"},{"floor":25.0,"key":"Bottled Lightning"},{"floor":26.0,"key":"Eternal Feather"},{"floor":27.0,"key":"TungstenRod"},{"floor":27.0,"key":"Anchor"},{"floor":42,"key":"Strawberry"},{"floor":42,"key":"Omamori"},{"floor":43,"key":"Vajra"},{"floor":47,"key":"CeramicFish"},{"floor":47,"key":"Singing Bowl"}],"event_choices":[],"is_beta":false,"boss_relics":[{"not_picked":["Busted Crown","Snecko Eye"],"picked":"Empty Cage"},{"not_picked":["Velvet Choker","Runic Dome"],"picked":"Fusion Hammer"}],"items_purged_floors":[11,19,21],"is_endless":false,"potions_floor_spawned":[1,2,10,14,16,18,22,23,24,25,27,33,35,39,42,44,45,47,48],"ascension_level":10}}