{"host":"0009l0kk6tb2u2kt","time":1610622194,"event":{"mods":["BaseMod","Downfall","Hermit","Hubris","Minty Spire (QoL Compilation)","Replay The Spire","StSLib"],"gold_per_floor":[112,62,5,18,18,18,50,60,60,71,71,0,27,42,42,144,144,184,99,115,115,127,127,152,171,198,198,203,203],"floor_reached":28,"language":"ENG","playtime":1559,"items_purged":[],"score":255,"play_id":"f6f679fb-ebd4-46aa-a0aa-562c8ab5d155","local_time":"20210114120314","is_ascension_mode":false,"campfire_choices":[{"data":"hermit:Snapshot","floor":6,"key":"SMITH"},{"data":"hermit:HighCaliber","floor":11,"key":"SMITH"},{"data":"1","floor":15,"key":"LIFT"},{"data":"hermit:TakeCover","floor":23,"key":"SMITH"}],"circlet_count":0,"master_deck":["hermit:Strike_Hermit","hermit:Strike_Hermit","hermit:Strike_Hermit","hermit:Strike_Hermit","hermit:Defend_Hermit","hermit:Defend_Hermit","hermit:Defend_Hermit","hermit:Defend_Hermit","hermit:Snapshot+1","hermit:Covet","hermit:Spite","hermit:HighCaliber+1","hermit:Vantage","hermit:GoldenBullet","hermit:Shortfuse","hermit:Scavenge","hermit:Vantage","hermit:DeadOrAlive","hermit:Brawl+1","hermit:TakeCover+1","hermit:Shortfuse","hermit:Dive+1"],"relics":["hermit:Momento","NeowsBlessing","Ice Cream","Peace Pipe","hubris:Zylophone","Girya","Black Star","Thread and Needle","hubris:Towel","Oddly Smooth Stone"],"acts_visited":["Exordium","TheCity"],"potions_floor_usage":[16,16,20,25,28],"damage_taken":[{"damage":0,"enemies":"Cultist","floor":1,"turns":1},{"damage":0,"enemies":"Small Slimes","floor":4,"turns":1},{"damage":0,"enemies":"Gremlin Nob","floor":7,"turns":1},{"damage":1,"enemies":"2 Louse","floor":8,"turns":2},{"damage":12,"enemies":"Blue Slaver","floor":10,"turns":4},{"damage":16,"enemies":"3 Sentries","floor":13,"turns":8},{"damage":3,"enemies":"3 Louse","floor":14,"turns":3},{"damage":37,"enemies":"Slime Boss","floor":16,"turns":13},{"damage":15,"enemies":"Shell Parasite","floor":18,"turns":6},{"damage":6,"enemies":"2 Thieves","floor":20,"turns":3},{"damage":23,"enemies":"Snecko","floor":22,"turns":4},{"damage":0,"enemies":"3 Cultists","floor":24,"turns":7},{"damage":13,"enemies":"Shelled Parasite and Fungi","floor":25,"turns":4},{"damage":19,"enemies":"Slavers","floor":28,"turns":4}],"seed_played":"4523222269265214446","potions_obtained":[{"floor":7,"key":"PowerPotion"},{"floor":10,"key":"Toxic Potion"},{"floor":14,"key":"SkillPotion"},{"floor":16,"key":"Elixir"},{"floor":24,"key":"LiquidMemories"},{"floor":25,"key":"BlessingOfTheForge"}],"is_trial":false,"path_per_floor":["M","?","?","M","$","R","E","M","T","M","R","$","E","M","R","B",null,"M","?","M","?","M","R","M","M","T","?","E"],"character_chosen":"HERMIT","items_purchased":["hermit:Shortfuse"],"campfire_rested":0,"item_purchase_floors":[12],"current_hp_per_floor":[75,75,75,75,75,75,75,74,74,62,62,62,46,43,43,6,75,60,60,54,54,31,31,31,18,18,18,0,0],"gold":203,"neow_bonus":"THREE_ENEMY_KILL","is_daily":false,"chose_seed":false,"campfire_upgraded":3,"win_rate":0.0,"timestamp":1610622194,"path_taken":["M","?","?","?","$","R","E","M","T","M","R","$","E","M","R","BOSS","M","?","M","?","M","R","M","M","T","?","E"],"items_purchased_type":["Card"],"build_version":"2020-12-22","purchased_purges":0,"victory":false,"max_hp_per_floor":[75,75,75,75,75,75,75,75,75,75,75,75,75,75,75,75,75,75,75,75,75,75,75,75,75,75,75,75,75],"card_choices":[{"not_picked":["hermit:CalledShot","hermit:Misfire"],"picked":"hermit:Coalescence","floor":1},{"not_picked":["hermit:LowProfile","hermit:Feint"],"picked":"hermit:Spite","floor":4},{"not_picked":["hermit:DeadMansHand","hermit:TakeCover"],"picked":"hermit:HighCaliber","floor":7},{"not_picked":["hermit:Midnight","hermit:TrackingShot"],"picked":"hermit:Vantage","floor":8},{"not_picked":["hermit:Feint","hermit:NoHoldsBarred"],"picked":"hermit:GoldenBullet","floor":10},{"not_picked":["hermit:Coalescence","hermit:FromBeyond"],"picked":"hermit:Scavenge","floor":13},{"not_picked":["hermit:Quickdraw","hermit:Headshot"],"picked":"hermit:Vantage","floor":14},{"not_picked":["hermit:EternalForm","hermit:Reprieve"],"picked":"hermit:DeadOrAlive","floor":16},{"not_picked":["hermit:SprayPray+1","hermit:Headshot","hermit:Feint"],"picked":"SKIP","floor":18},{"not_picked":["hermit:WideOpen","hermit:Determination"],"picked":"hermit:Brawl+1","floor":20},{"not_picked":["hermit:Glare","hermit:TrackingShot"],"picked":"hermit:TakeCover","floor":22},{"not_picked":["hermit:Spite","hermit:FlashPowder"],"picked":"hermit:Shortfuse","floor":24},{"not_picked":["hermit:BigShot+1","hermit:Shortfuse+1"],"picked":"hermit:Dive+1","floor":25}],"player_experience":207829,"relics_obtained":[{"floor":7,"key":"Peace Pipe"},{"floor":9,"key":"hubris:Zylophone"},{"floor":13,"key":"Girya"},{"floor":26,"key":"Oddly Smooth Stone"}],"event_choices":[{"cards_removed":["hermit:Coalescence"],"damage_healed":0,"gold_gain":0,"player_choice":"Card Removal","damage_taken":0,"max_hp_gain":0,"max_hp_loss":0,"event_name":"The Cleric","floor":2,"gold_loss":50},{"damage_healed":0,"gold_gain":0,"player_choice":"Paid Gold","damage_taken":0,"relics_obtained":["Ice Cream"],"max_hp_gain":0,"max_hp_loss":0,"event_name":"WeMeetAgain","floor":3,"gold_loss":57},{"damage_healed":0,"gold_gain":0,"player_choice":"Obtained Relic","damage_taken":0,"relics_obtained":["Thread and Needle"],"max_hp_gain":0,"max_hp_loss":0,"event_name":"Addict","floor":19,"gold_loss":85}],"is_beta":false,"boss_relics":[{"not_picked":["Ring of Chaos","hubris:BlackHole"],"picked":"Black Star"}],"items_purged_floors":[],"is_endless":false,"potions_floor_spawned":[7,10,14,16,24,25],"killed_by":"Slavers","ascension_level":0}}