{"host":"blqtz7f1wyqlnbm9","time":1610637434,"event":{"mods":["BaseMod","Minty Spire (QoL Compilation)","Replay The Spire","StSLib"],"gold_per_floor":[110,110,125,125,186,186,186,186,186,186,42,59,69,80,80,179,179,195,195,207,217,67,67,86,6,6,25,35,35,35,45,45,63,63,162,162,181,181,181,27,27,27],"floor_reached":41,"language":"ZHS","playtime":1339,"items_purged":[],"score":440,"play_id":"07e2e544-d4fb-497a-a501-e8b14c61fbaf","local_time":"20210114231714","is_ascension_mode":true,"campfire_choices":[{"data":"Replay:Poison Smokescreen","floor":6,"key":"SMITH"},{"data":"Bouncing Flask","floor":8,"key":"SMITH"},{"data":"Infinite Blades","floor":10,"key":"SMITH"},{"data":"Bane","floor":15,"key":"SMITH"},{"data":"Catalyst","floor":23,"key":"SMITH"},{"data":"RitualDagger","floor":32,"key":"SMITH"},{"floor":34,"key":"REST"}],"circlet_count":0,"master_deck":["Survivor","Neutralize","Infinite Blades+1","Backstab","Bouncing Flask+1","Replay:Poison Smokescreen+1","Bane+1","Adrenaline+1","Toxin Wave","PiercingWail","Deflect","Masterful Stab","Slice","ReplayTheSpireMod:Shiv Toss","Leg Sweep+1","Bullet Time+1","Endless Agony","Backflip+1","RitualDagger+1","Catalyst+1","Accuracy+1","ReplayTheSpireMod:Scrap Shanks+1","Adrenaline+1","Blade Dance+1","Storm of Steel+1"],"relics":["Ring of the Snake","Golden Egg","Chemical X","Pandora\u0027s Box","War Paint","Singing Bowl","Cursed Key"],"acts_visited":["Exordium","TheCity","TheBeyond"],"potions_floor_usage":[16,35,35,35,35,37,37],"damage_taken":[{"damage":7,"enemies":"Small Slimes","floor":1,"turns":3},{"damage":0,"enemies":"2 Louse","floor":3,"turns":2},{"damage":2,"enemies":"Jaw Worm","floor":12,"turns":4},{"damage":2,"enemies":"Blue Slaver","floor":13,"turns":2},{"damage":7,"enemies":"Large Slime","floor":14,"turns":5},{"damage":20,"enemies":"Hexaghost","floor":16,"turns":8},{"damage":0,"enemies":"3 Byrds","floor":18,"turns":4},{"damage":6,"enemies":"Shell Parasite","floor":20,"turns":4},{"damage":0,"enemies":"Snake Plant","floor":21,"turns":3},{"damage":12,"enemies":"Cultist and Chosen","floor":24,"turns":4},{"damage":8,"enemies":"Chosen and Byrds","floor":27,"turns":5},{"damage":18,"enemies":"Sentry and Sphere","floor":28,"turns":4},{"damage":5,"enemies":"Snecko","floor":31,"turns":4},{"damage":2,"enemies":"Centurion and Healer","floor":33,"turns":3},{"damage":41,"enemies":"Collector","floor":35,"turns":5},{"damage":1,"enemies":"3 Darklings","floor":37,"turns":5},{"damage":79,"enemies":"2 Orb Walkers","floor":41,"turns":4}],"seed_played":"-248314564348437261","potions_obtained":[{"floor":3,"key":"Languid Potion"},{"floor":5,"key":"CultistPotion"},{"floor":5,"key":"CultistPotion"},{"floor":5,"key":"Weak Potion"},{"floor":16,"key":"Adrenaline Potion"},{"floor":28,"key":"EntropicBrew"},{"floor":35,"key":"DistilledChaos"}],"is_trial":false,"path_per_floor":["M","?","M","?","?","R","?","R","T","R","$","M","M","M","R","B",null,"M","?","M","M","$","R","M","$","T","M","M","PTL","PTL","M","R","M","R","B",null,"M","?","?","$","?"],"character_chosen":"THE_SILENT","items_purchased":["Chemical X","War Paint","Accuracy","Storm of Steel"],"campfire_rested":1,"item_purchase_floors":[11,22,25,40],"current_hp_per_floor":[63,68,68,53,53,53,53,53,53,53,53,51,49,42,42,22,75,75,69,63,63,63,63,51,51,51,43,27,27,27,24,24,24,48,7,81,80,82,79,79,0,0],"gold":27,"neow_bonus":"TRANSFORM_CARD","is_daily":false,"chose_seed":false,"campfire_upgraded":6,"win_rate":0.0,"timestamp":1610637434,"path_taken":["M","?","M","?","?","R","?","R","T","R","$","?","M","M","R","BOSS","M","?","M","M","$","R","M","$","T","M","M","PTL","PTL","M","R","M","R","BOSS","M","?","?","?","?"],"items_purchased_type":["Relic","Relic","Card","Card"],"build_version":"2020-12-22","purchased_purges":0,"victory":false,"max_hp_per_floor":[70,75,75,75,75,75,75,75,75,75,75,75,75,75,75,75,75,75,75,75,75,75,75,75,75,75,75,77,77,77,79,79,81,81,81,81,81,83,79,79,79,79],"card_choices":[{"not_picked":["Backflip","Sucker Punch"],"picked":"Backstab","floor":1},{"not_picked":["ReplayTheSpireMod:Exploit Weakness","Tactician"],"picked":"Bouncing Flask","floor":3},{"not_picked":["Dodge and Roll","Acrobatics"],"picked":"Replay:Poison Smokescreen","floor":5},{"not_picked":["Finisher","Prepared"],"picked":"Bane","floor":12},{"not_picked":["Flechettes","Outmaneuver","ReplayTheSpireMod:Exploit Weakness"],"picked":"SKIP","floor":13},{"not_picked":["Quick Slash","Replay:Poison Smokescreen","Expertise"],"picked":"SKIP","floor":14},{"not_picked":["Glass Knife","Envenom"],"picked":"Adrenaline","floor":16},{"not_picked":["Sucker Punch","Slice"],"picked":"Backflip","floor":18},{"not_picked":["Hidden Blade","Reflex","Backflip"],"picked":"SKIP","floor":20},{"not_picked":["Dagger Throw","Prepared+1"],"picked":"Catalyst","floor":21},{"not_picked":["Prepared","Sucker Punch","Replay:Poison Smokescreen"],"picked":"SKIP","floor":24},{"not_picked":["Prepared","Backflip"],"picked":"ReplayTheSpireMod:Scrap Shanks+1","floor":27},{"not_picked":["Flying Knee+1","PiercingWail+1","Poisoned Stab+1"],"picked":"Singing Bowl","floor":28},{"not_picked":["ReplayTheSpireMod:Scrap Shanks","Replay:Poison Smokescreen","Infinite Blades"],"picked":"Singing Bowl","floor":31},{"not_picked":["Underhanded Strike","Dagger Throw","All Out Attack"],"picked":"Singing Bowl","floor":33},{"not_picked":["Malaise","Bullet Time"],"picked":"Adrenaline","floor":35},{"not_picked":["PiercingWail","Dagger Throw+1"],"picked":"Blade Dance+1","floor":37},{"not_picked":["Blind","Replay:Sssssssssstrike","Swift Strike"],"picked":"Singing Bowl","floor":38}],"player_experience":203286,"relics_obtained":[{"floor":9,"key":"Golden Egg"},{"floor":26,"key":"Singing Bowl"}],"event_choices":[{"damage_healed":0,"gold_gain":0,"player_choice":"Donut","damage_taken":0,"max_hp_gain":5,"max_hp_loss":0,"event_name":"Big Fish","floor":2,"gold_loss":0},{"damage_healed":0,"gold_gain":0,"player_choice":"Entered Light","damage_taken":15,"max_hp_gain":0,"max_hp_loss":0,"event_name":"Shining Light","floor":4,"gold_loss":0,"cards_upgraded":["Defend_G","Defend_G"]},{"damage_healed":0,"gold_gain":0,"player_choice":"Got Potions","damage_taken":0,"max_hp_gain":0,"max_hp_loss":0,"event_name":"Lab","floor":7,"gold_loss":0},{"damage_healed":0,"gold_gain":0,"player_choice":"Joined the Cult","damage_taken":6,"max_hp_gain":0,"max_hp_loss":0,"event_name":"Nest","floor":19,"gold_loss":0,"cards_obtained":["RitualDagger"]},{"damage_healed":0,"gold_gain":0,"player_choice":"Memory 1","damage_taken":0,"max_hp_gain":0,"max_hp_loss":0,"event_name":"SensoryStone","floor":38,"gold_loss":0},{"damage_healed":0,"gold_gain":0,"player_choice":"Max HP","damage_taken":0,"max_hp_gain":0,"max_hp_loss":4,"event_name":"Winding Halls","floor":39,"gold_loss":0},{"damage_healed":0,"gold_gain":0,"player_choice":"Fight","damage_taken":0,"max_hp_gain":0,"max_hp_loss":0,"event_name":"Mysterious Sphere","floor":41,"gold_loss":0}],"is_beta":false,"boss_relics":[{"not_picked":["Snecko Scales","Painkiller Herb"],"picked":"Pandora\u0027s Box"},{"not_picked":["ChewingGum","ReplayTheSpireMod:DimensionalGlitch"],"picked":"Cursed Key"}],"items_purged_floors":[],"is_endless":false,"potions_floor_spawned":[3,16,20,21,28,31,35],"killed_by":"2 Orb Walkers","ascension_level":3}}