{"host":"6gwm7y0tp7acoxay","time":1610620785,"event":{"mods":["BaseMod","Colored Map","Keyboard Shortcuts","Minty Spire (QoL Compilation)","Quick Restart","StSLib","SuperFastMode","everything is the same but u backflip on backflip"],"gold_per_floor":[117,31,55,55,55,88,88,115,115,115,115,95,95,121,121,192,192,202,202,202,202,45,45,74,74,97,125,125,125],"floor_reached":28,"language":"KOR","playtime":828,"items_purged":["Glass Knife"],"score":678,"play_id":"3507ed2f-84e6-4fcb-9438-9980067fda7e","local_time":"20210114193945","daily_mods":["SealedDeck","Heirloom","Flight"],"is_ascension_mode":true,"campfire_choices":[{"floor":7,"key":"REST"},{"floor":10,"key":"REST"},{"data":"Tactician","floor":13,"key":"SMITH"},{"floor":15,"key":"RECALL"},{"floor":23,"key":"REST"}],"circlet_count":0,"master_deck":["AscendersBane","Acrobatics","PiercingWail","Backstab","Tactician+1","Escape Plan","Footwork","Deflect","Blur","Grand Finale","Riddle With Holes","Tools of the Trade","Backflip","Dagger Throw","Phantasmal Killer"],"relics":["Ring of the Snake","Peace Pipe","Juzu Bracelet","Tingsha","Singing Bowl","Empty Cage","Nloth\u0027s Gift","Smiling Mask","Boot"],"acts_visited":["Exordium","TheCity"],"potions_floor_usage":[16,27,28],"damage_taken":[{"damage":0,"enemies":"Cultist","floor":1,"turns":2},{"damage":41,"enemies":"Gremlin Nob","floor":6,"turns":4},{"damage":20,"enemies":"3 Sentries","floor":8,"turns":6},{"damage":0,"enemies":"Lagavulin","floor":14,"turns":5},{"damage":34,"enemies":"Slime Boss","floor":16,"turns":11},{"damage":20,"enemies":"Chosen","floor":18,"turns":8},{"damage":0,"enemies":"Slavers","floor":24,"turns":1},{"damage":2,"enemies":"Book of Stabbing","floor":27,"turns":3},{"damage":41,"enemies":"Slavers","floor":28,"turns":3}],"seed_played":"-5208035736336325179","potions_obtained":[{"floor":6,"key":"Fire Potion"},{"floor":12,"key":"Dexterity Potion"},{"floor":18,"key":"Fire Potion"},{"floor":24,"key":"Energy Potion"}],"is_trial":true,"path_per_floor":["M","$","T","?","?","E","R","E","T","R","?","?","R","E","R","B",null,"M","?","?","?","$","R","E","?","T","E","E"],"character_chosen":"THE_SILENT","items_purchased":["Blur","Backflip","Dagger Throw"],"campfire_rested":3,"item_purchase_floors":[2,22,22],"current_hp_per_floor":[59,59,59,52,52,11,30,10,10,29,51,51,51,53,53,19,56,38,38,18,18,18,40,40,40,40,40,0,0],"gold":125,"neow_bonus":"","is_daily":false,"chose_seed":false,"campfire_upgraded":1,"win_rate":0.0,"timestamp":1610620785,"path_taken":["M","?","?","?","?","E","R","E","T","R","?","?","R","E","R","BOSS","M","?","?","?","?","R","E","?","T","E","E"],"items_purchased_type":["Card","Card","Card"],"build_version":"2020-12-22","purchased_purges":1,"victory":false,"max_hp_per_floor":[66,66,66,66,66,66,66,66,66,66,66,66,66,68,68,68,68,70,70,75,75,75,75,75,75,75,77,77,77],"card_choices":[{"not_picked":["Poisoned Stab","Dash"],"picked":"Deflect","floor":1},{"not_picked":["Reflex","Tactician"],"picked":"Sucker Punch","floor":6},{"not_picked":["Deflect","Blade Dance"],"picked":"Glass Knife","floor":8},{"not_picked":["Expertise","Riddle With Holes","Flechettes"],"picked":"Singing Bowl","floor":14},{"not_picked":["Night Terror","Bullet Time"],"picked":"Grand Finale","floor":16},{"not_picked":["Underhanded Strike","Bane","Expertise"],"picked":"Singing Bowl","floor":18},{"not_picked":["Deadly Poison","Night Terror"],"picked":"Phantasmal Killer","floor":24},{"not_picked":["Backstab","Choke","Dagger Spray"],"picked":"Singing Bowl","floor":27}],"player_experience":4398460,"relics_obtained":[{"floor":3,"key":"Juzu Bracelet"},{"floor":6,"key":"Lizard Tail"},{"floor":8,"key":"Tingsha"},{"floor":9,"key":"Singing Bowl"},{"floor":24,"key":"Smiling Mask"},{"floor":27,"key":"Boot"}],"event_choices":[{"cards_removed":["Cloak And Dagger"],"damage_healed":0,"gold_gain":0,"player_choice":"Card Removal","damage_taken":7,"max_hp_gain":0,"max_hp_loss":0,"event_name":"Golden Wing","floor":4,"gold_loss":0},{"damage_healed":0,"gold_gain":0,"player_choice":"Leave","damage_taken":0,"max_hp_gain":0,"max_hp_loss":0,"event_name":"The Cleric","floor":5,"gold_loss":0},{"damage_healed":22,"gold_gain":0,"player_choice":"Banana","damage_taken":0,"max_hp_gain":0,"max_hp_loss":0,"event_name":"Big Fish","floor":11,"gold_loss":0},{"damage_healed":0,"gold_gain":0,"player_choice":"Bought 1 Potion","damage_taken":0,"max_hp_gain":0,"max_hp_loss":0,"event_name":"The Woman in Blue","floor":12,"gold_loss":0},{"damage_healed":0,"gold_gain":0,"player_choice":"Traded Relic","damage_taken":0,"relics_obtained":["Nloth\u0027s Gift"],"max_hp_gain":0,"max_hp_loss":0,"event_name":"N\u0027loth","floor":19,"relics_lost":["Lizard Tail"],"gold_loss":0},{"damage_healed":0,"gold_gain":0,"player_choice":"Shed Blood","damage_taken":25,"max_hp_gain":5,"max_hp_loss":0,"event_name":"Forgotten Altar","floor":20,"gold_loss":0},{"damage_healed":0,"gold_gain":0,"cards_transformed":["Heel Hook","Sucker Punch"],"player_choice":"Became Test Subject","damage_taken":0,"max_hp_gain":0,"max_hp_loss":0,"event_name":"Drug Dealer","floor":21,"gold_loss":0,"cards_obtained":["Riddle With Holes","Tools of the Trade"]},{"damage_healed":0,"gold_gain":0,"player_choice":"Ignored","damage_taken":0,"max_hp_gain":0,"max_hp_loss":0,"event_name":"Duplicator","floor":25,"gold_loss":0}],"is_beta":false,"boss_relics":[{"not_picked":["Ring of the Serpent","Velvet Choker"],"picked":"Empty Cage"}],"items_purged_floors":[22],"is_endless":false,"potions_floor_spawned":[6,14,18,24],"killed_by":"Slavers","ascension_level":20}}