{"host":"22s5scuj7mu87reg","time":1610658721,"event":{"mods":["BaseMod","Colored Powertips","Dota2Spire","Downfall","Duelist Mod","GungeonMod","Halation","Hubris","Infinite Spire","Koishi","KomeijiMod","Minty Spire (QoL Compilation)","Replay The Spire","StSLib","SuperFastMode","The Jungle","The Mystic","The Necromancer","Wandering Minibosses"],"gold_per_floor":[115,40,40,40,54,54,54,54,54,54,68,95,95,143,143,143,143],"floor_reached":16,"language":"POL","playtime":625,"items_purged":["DemoMod:Strike_Huntress"],"score":198,"play_id":"9b672918-7c35-442b-9d91-be148e68cd36","local_time":"20210114221201","daily_mods":["downfall:ChampStances","ControlledChaos","downfall:ExchangeController"],"is_ascension_mode":false,"campfire_choices":[{"data":"DemoMod:DoubleSwitch","floor":6,"key":"SMITH"},{"data":"DemoMod:Roll","floor":8,"key":"SMITH"},{"floor":15,"key":"REST"}],"circlet_count":0,"master_deck":["DemoMod:Strike_Huntress","DemoMod:Strike_Huntress","DemoMod:Defend_Huntress","DemoMod:Defend_Huntress","DemoMod:Defend_Huntress","DemoMod:Defend_Huntress","DemoMod:Roll+1","DemoMod:ManualReload","DemoMod:RustySidearm","DemoMod:CrossBow","DemoMod:DoubleSwitch+1","Pain","DemoMod:Desperate"],"relics":["DemoMod:Dog","Frozen Eye","champ:ChampStancesModRelic","downfall:NeowBlessing_Player","WarpedTongs","hubris:BottledRain","DemoMod:BigBoy","Bird Faced Urn"],"acts_visited":["Exordium"],"potions_floor_usage":[],"damage_taken":[{"damage":1,"enemies":"2 Louse","floor":1,"turns":4},{"damage":11,"enemies":"Jaw Worm","floor":5,"turns":5},{"damage":11,"enemies":"Cultist","floor":11,"turns":4},{"damage":74,"enemies":"Lagavulin","floor":12,"turns":8},{"damage":6,"enemies":"Large Slime","floor":14,"turns":7}],"seed_played":"4406612884978560177","potions_obtained":[{"floor":10,"key":"sneckomod:MuddlingPotion"},{"floor":10,"key":"CalmPotion"},{"floor":10,"key":"ExcitationPotion"},{"floor":11,"key":"Strength Potion"},{"floor":12,"key":"Regen Potion"},{"floor":14,"key":"sneckomod:MuddlingPotion"}],"is_trial":true,"path_per_floor":["M","$","?","?","M","R","T","R","T","?","M","E","$","M","R","B"],"character_chosen":"HUNTRESS","items_purchased":[],"campfire_rested":1,"item_purchase_floors":[],"current_hp_per_floor":[169,169,170,170,159,159,159,159,159,159,148,74,74,72,123,0,0],"gold":143,"neow_bonus":"","is_daily":false,"chose_seed":true,"campfire_upgraded":2,"win_rate":0.0,"timestamp":1610658721,"path_taken":["M","$","?","?","?","R","?","R","T","?","?","E","?","M","R","BOSS"],"items_purchased_type":[],"build_version":"2020-12-13","purchased_purges":1,"victory":false,"max_hp_per_floor":[170,170,170,170,170,170,170,170,170,170,170,170,170,170,170,170,170],"card_choices":[{"not_picked":["DemoMod:HungryBullets","DemoMod:HighKaliber"],"picked":"DemoMod:DoubleSwitch","floor":1},{"not_picked":["DemoMod:TripleGun","DemoMod:RadGun","DemoMod:LifeOrb"],"picked":"SKIP","floor":5},{"not_picked":["DemoMod:ChanceBullets","DemoMod:BattleInHaste","DemoMod:BoxingGlove"],"picked":"SKIP","floor":5},{"not_picked":["DemoMod:DirectionalPad","DemoMod:TripleGun","DemoMod:DoubleSwitch"],"picked":"SKIP","floor":11},{"not_picked":["DemoMod:PotionOfGunFriendShip","DemoMod:CursedBullets"],"picked":"DemoMod:Desperate","floor":12},{"not_picked":["DemoMod:SkilledReload","DemoMod:BattleInHaste","DemoMod:DoubleSwitch"],"picked":"SKIP","floor":14}],"player_experience":138771,"relics_obtained":[{"floor":7,"key":"hubris:BottledRain"},{"floor":9,"key":"DemoMod:BigBoy"},{"floor":12,"key":"Bird Faced Urn"}],"event_choices":[{"damage_healed":0,"gold_gain":0,"player_choice":"Rummage","damage_taken":0,"relics_obtained":["WarpedTongs"],"max_hp_gain":0,"max_hp_loss":0,"event_name":"Accursed Blacksmith","floor":4,"gold_loss":0,"cards_obtained":["Pain"]},{"damage_healed":0,"gold_gain":0,"player_choice":"Got Potions","damage_taken":0,"max_hp_gain":0,"max_hp_loss":0,"event_name":"Lab","floor":10,"gold_loss":0}],"is_beta":false,"boss_relics":[],"items_purged_floors":[2],"is_endless":false,"potions_floor_spawned":[11,12,14],"killed_by":"The Guardian","ascension_level":0}}