{"host":"dftyqn972q7tuon4","time":1610587992,"event":{"mods":["AchievementEnabler","BaseMod","Better Altar","Better Match","Better Note","Better Sensory Stone","Better Skull","Better Third Choice","Colored Powertips","Highlight Path","Minty Spire (QoL Compilation)","Permanent Neow","Quick Restart","StSLib"],"gold_per_floor":[114,129,144,159,84,114,129,144,169,169,184,184,84,99,99,199,199,214,229,244,259,9,9,24,24,49,49,64,64,79,109,109,209,209,224,239,239,254,269,269,299,299,349,364,379,379,29,54,54,54],"floor_reached":51,"language":"ENG","playtime":3388,"items_purged":["Distraction","Distraction","Dodge and Roll"],"score":882,"play_id":"f04f4444-f3bd-4ee6-be9b-635e42728bbc","local_time":"20210114023312","daily_mods":["Insanity","Uncertain Future","Binary"],"is_ascension_mode":false,"campfire_choices":[{"floor":12,"key":"REST"},{"data":"Catalyst","floor":15,"key":"SMITH"},{"data":"Adrenaline","floor":23,"key":"SMITH"},{"data":"Crippling Poison","floor":27,"key":"SMITH"},{"data":"Catalyst","floor":32,"key":"SMITH"},{"floor":40,"key":"REST"},{"floor":42,"key":"REST"},{"floor":49,"key":"REST"}],"circlet_count":0,"master_deck":["Dash","Accuracy","Deadly Poison","Terror","Poisoned Stab","Distraction","Backstab","Blade Dance","Dagger Throw","Dodge and Roll","Concentrate","Crippling Poison+1","Acrobatics","Distraction","Dash","Skewer+1","Expertise","Deflect","Heel Hook","Deadly Poison","Deflect","Acrobatics","PiercingWail","Dodge and Roll","Cloak And Dagger","Outmaneuver","Leg Sweep","Bane","Prepared","Catalyst","Blade Dance","Flying Knee","Acrobatics","Prepared","All Out Attack","Backflip","Reflex","Predator","Dagger Spray","Catalyst+1","Slice","Tactician","Eviscerate","PiercingWail","Well Laid Plans","Deadly Poison","Underhanded Strike","Blade Dance","Finisher","Dagger Throw","Adrenaline+1","Jack Of All Trades","Footwork","Catalyst+1","Phantasmal Killer","Deadly Poison+1","Unload+1","Prepared","Deflect","Flying Knee","Flying Knee","Adrenaline+1","Prepared","Backstab","Phantasmal Killer","CurseOfTheBell","Backstab+1","Madness","Madness","Calculated Gamble","Caltrops","Well Laid Plans+1","Tactician","Deflect+1","Riddle With Holes+1"],"relics":["Ring of the Snake","Regal Pillow","Oddly Smooth Stone","Sozu","Bottled Lightning","Whetstone","Smiling Mask","Calling Bell","Ancient Tea Set","Letter Opener","Gambling Chip","Strawberry","Bag of Preparation","TungstenRod","Pocketwatch"],"acts_visited":["Exordium","TheCity","TheBeyond"],"potions_floor_usage":[16,41,50],"damage_taken":[{"damage":0,"enemies":"Cultist","floor":1,"turns":3},{"damage":4,"enemies":"2 Louse","floor":2,"turns":2},{"damage":0,"enemies":"Small Slimes","floor":3,"turns":2},{"damage":5,"enemies":"Blue Slaver","floor":4,"turns":3},{"damage":17,"enemies":"Lagavulin","floor":6,"turns":6},{"damage":0,"enemies":"3 Louse","floor":7,"turns":2},{"damage":9,"enemies":"Gremlin Gang","floor":8,"turns":2},{"damage":0,"enemies":"Red Slaver","floor":11,"turns":2},{"damage":7,"enemies":"Blue Slaver","floor":14,"turns":3},{"damage":0,"enemies":"Slime Boss","floor":16,"turns":7},{"damage":0,"enemies":"Chosen","floor":18,"turns":4},{"damage":3,"enemies":"2 Thieves","floor":19,"turns":4},{"damage":2,"enemies":"Centurion and Healer","floor":20,"turns":5},{"damage":5,"enemies":"Snake Plant","floor":21,"turns":2},{"damage":0,"enemies":"Sentry and Sphere","floor":24,"turns":3},{"damage":0,"enemies":"Snecko","floor":28,"turns":2},{"damage":0,"enemies":"Snake Plant","floor":30,"turns":4},{"damage":4,"enemies":"Slavers","floor":31,"turns":3},{"damage":39,"enemies":"Champ","floor":33,"turns":8},{"damage":0,"enemies":"3 Darklings","floor":35,"turns":2},{"damage":7,"enemies":"3 Shapes","floor":36,"turns":5},{"damage":7,"enemies":"Jaw Worm Horde","floor":38,"turns":3},{"damage":20,"enemies":"Spire Growth","floor":39,"turns":3},{"damage":55,"enemies":"Reptomancer","floor":41,"turns":7},{"damage":0,"enemies":"Transient","floor":44,"turns":5},{"damage":0,"enemies":"Sphere and 2 Shapes","floor":45,"turns":2},{"damage":6,"enemies":"2 Orb Walkers","floor":48,"turns":2},{"damage":56,"enemies":"Donu and Deca","floor":50,"turns":8}],"seed_played":"-4891952413640654339","potions_obtained":[{"floor":1,"key":"SkillPotion"},{"floor":4,"key":"Poison Potion"},{"floor":6,"key":"CultistPotion"},{"floor":8,"key":"FearPotion"},{"floor":16,"key":"ColorlessPotion"}],"is_trial":false,"path_per_floor":["M","M","M","M","$","E","M","M","T","?","M","R","$","M","R","B",null,"M","M","M","M","$","R","M","?","T","R","M","?","M","E","R","B",null,"M","M","?","M","M","R","E","R","T","M","M","?","$","?","R","B",null],"character_chosen":"THE_SILENT","items_purchased":["Bottled Lightning","TungstenRod"],"campfire_rested":4,"item_purchase_floors":[22,47],"current_hp_per_floor":[70,66,66,61,61,44,44,35,35,35,35,70,70,63,63,63,70,70,67,65,60,60,60,60,60,60,60,60,60,60,56,56,17,70,70,63,54,47,27,63,15,53,53,53,53,53,53,47,77,21],"gold":54,"neow_bonus":"","is_daily":true,"chose_seed":false,"campfire_upgraded":4,"win_rate":0.0,"timestamp":1610587992,"path_taken":["M","M","M","?","?","E","M","M","T","?","M","R","$","M","R","BOSS","M","M","M","M","$","R","M","?","T","R","M","?","?","E","R","BOSS","M","M","?","M","M","R","E","R","T","M","M","?","$","?","R","BOSS"],"items_purchased_type":["Relic","Relic"],"build_version":"2020-12-22","purchased_purges":3,"victory":true,"max_hp_per_floor":[70,70,70,70,70,70,70,70,70,70,70,70,70,70,70,70,70,70,70,70,70,70,70,70,70,70,70,70,70,70,70,70,70,70,70,70,70,70,70,70,77,77,77,77,77,77,77,77,77,77],"card_choices":[{"not_picked":["Blade Dance","Dodge and Roll"],"picked":"SKIP","floor":1},{"not_picked":["Sucker Punch","PiercingWail"],"picked":"SKIP","floor":2},{"not_picked":["Acrobatics"],"picked":"Underhanded Strike","floor":3},{"not_picked":["Flying Knee"],"picked":"Blade Dance","floor":4},{"not_picked":["PiercingWail"],"picked":"Finisher","floor":6},{"not_picked":["Crippling Poison"],"picked":"Dagger Throw","floor":7},{"not_picked":["Prepared"],"picked":"Adrenaline","floor":8},{"not_picked":["PanicButton"],"picked":"Jack Of All Trades","floor":10},{"not_picked":["Poisoned Stab"],"picked":"Footwork","floor":11},{"not_picked":["Sucker Punch"],"picked":"Catalyst","floor":14},{"not_picked":["Malaise"],"picked":"Phantasmal Killer","floor":16},{"not_picked":["Sucker Punch+1"],"picked":"Deadly Poison+1","floor":18},{"not_picked":["Outmaneuver"],"picked":"Unload","floor":19},{"not_picked":["Sucker Punch"],"picked":"Prepared","floor":20},{"not_picked":["Dodge and Roll"],"picked":"Deflect","floor":21},{"not_picked":["Blade Dance+1"],"picked":"Flying Knee","floor":24},{"not_picked":["Infinite Blades"],"picked":"Flying Knee","floor":28},{"not_picked":["Dagger Throw"],"picked":"Prepared","floor":30},{"not_picked":["Dash"],"picked":"Backstab","floor":31},{"not_picked":["Venomology"],"picked":"Phantasmal Killer","floor":33},{"not_picked":["Quick Slash+1"],"picked":"Backstab+1","floor":35},{"not_picked":["Dodge and Roll","Masterful Stab+1"],"picked":"SKIP","floor":36},{"not_picked":["Cloak And Dagger+1"],"picked":"Calculated Gamble","floor":38},{"not_picked":["Flying Knee"],"picked":"Caltrops","floor":39},{"not_picked":["Quick Slash"],"picked":"Well Laid Plans+1","floor":41},{"not_picked":["Poisoned Stab"],"picked":"Tactician","floor":44},{"not_picked":["Leg Sweep+1"],"picked":"Deflect+1","floor":45},{"not_picked":["Poisoned Stab"],"picked":"Riddle With Holes+1","floor":48}],"player_experience":641862,"relics_obtained":[{"floor":6,"key":"Regal Pillow"},{"floor":9,"key":"Oddly Smooth Stone"},{"floor":26,"key":"Whetstone"},{"floor":31,"key":"Smiling Mask"},{"floor":34,"key":"Ancient Tea Set"},{"floor":34,"key":"Letter Opener"},{"floor":34,"key":"Gambling Chip"},{"floor":41,"key":"Strawberry"},{"floor":43,"key":"Bag of Preparation"},{"floor":48,"key":"Pocketwatch"}],"event_choices":[{"damage_healed":0,"gold_gain":1,"player_choice":"1","damage_taken":0,"max_hp_gain":0,"max_hp_loss":0,"event_name":"betterStone:BetterStone","floor":10,"gold_loss":0},{"damage_healed":0,"gold_gain":0,"player_choice":"Ignored","damage_taken":0,"max_hp_gain":0,"max_hp_loss":0,"event_name":"Ghosts","floor":25,"gold_loss":0},{"damage_healed":0,"gold_gain":0,"player_choice":"Copied","damage_taken":0,"max_hp_gain":0,"max_hp_loss":0,"event_name":"Duplicator","floor":29,"gold_loss":0,"cards_obtained":["Adrenaline"]},{"damage_healed":0,"gold_gain":0,"player_choice":"Embrace Madness","damage_taken":9,"max_hp_gain":0,"max_hp_loss":0,"event_name":"Winding Halls","floor":37,"gold_loss":0,"cards_obtained":["Madness","Madness"]},{"cards_removed":["Sucker Punch"],"damage_healed":0,"gold_gain":0,"player_choice":"Removed Attack","damage_taken":0,"max_hp_gain":0,"max_hp_loss":0,"event_name":"Falling","floor":46,"gold_loss":0},{"damage_healed":0,"gold_gain":0,"player_choice":"Fight","damage_taken":0,"max_hp_gain":0,"max_hp_loss":0,"event_name":"Mysterious Sphere","floor":48,"gold_loss":0}],"is_beta":false,"boss_relics":[{"not_picked":["SacredBark","Ectoplasm"],"picked":"Sozu"},{"not_picked":["Empty Cage","SlaversCollar"],"picked":"Calling Bell"}],"items_purged_floors":[5,13,47],"is_endless":false,"potions_floor_spawned":[1,4,6,8,16,19,20,28,31,36,38,44,45,48],"ascension_level":0}}