{"host":"qik6c64y69p9jmph","time":1610608156,"event":{"mods":["AchievementEnabler","BaseMod","BetterRewards","Highlight Path","Minty Spire (QoL Compilation)","Quick Restart","Replay The Spire","StSLib","Synergy Search"],"gold_per_floor":[118,137,152,152,77,77,97,431,512,512,138,138,138,150,162,294,306,336,348,378,390,390],"floor_reached":21,"language":"ENG","playtime":923,"items_purged":["Delirium"],"score":242,"play_id":"144559a8-8e2b-440c-af1f-edc78f40d8b9","local_time":"20210114020916","is_ascension_mode":true,"campfire_choices":[{"data":"Demon Form","floor":6,"key":"SMITH"},{"floor":10,"key":"REST"},{"data":"Body Slam","floor":12,"key":"SMITH"},{"floor":15,"key":"REST"}],"circlet_count":0,"master_deck":["Strike_R","Strike_R","Strike_R","Strike_R","Strike_R","Defend_R","Defend_R","Defend_R","Defend_R","Bash","Run Through","Body Slam+1","Demon Form+1","Heavy Blade","Iron Wave","Spot Weakness","Reaper","ReplayTheSpireMod:Stacked+1","ReplayReversal+1"],"relics":["Burning Blood","NeowsBlessing","ReplayTheSpireMod:Ring of Collecting","Old Coin","Ring of Hypnosis","Replay:WaspNest","Ice Cream","MawBank","Golden Idol","Philosopher\u0027s Stone"],"acts_visited":["Exordium","TheCity"],"potions_floor_usage":[16],"damage_taken":[{"damage":0,"enemies":"Cultist","floor":1,"turns":1},{"damage":0,"enemies":"2 Louse","floor":2,"turns":1},{"damage":0,"enemies":"Small Slimes","floor":3,"turns":1},{"damage":17,"enemies":"2 Fungi Beasts","floor":7,"turns":4},{"damage":48,"enemies":"Gremlin Nob","floor":8,"turns":5},{"damage":39,"enemies":"Fading Forest","floor":16,"turns":11},{"damage":24,"enemies":"3 Byrds","floor":18,"turns":3},{"damage":19,"enemies":"Chosen","floor":20,"turns":4},{"damage":63,"enemies":"Masked Bandits","floor":21,"turns":3}],"seed_played":"-5400960014521877331","potions_obtained":[{"floor":1,"key":"Doom Potion"},{"floor":7,"key":"ElixirPotion"},{"floor":8,"key":"HeartOfIron"},{"floor":19,"key":"Ancient Potion"},{"floor":19,"key":"Ancient Potion"}],"is_trial":false,"path_per_floor":["M","M","M","?","$","R","M","E","T","R","$","R","?","?","R","B",null,"M","?","M","?"],"character_chosen":"IRONCLAD","items_purchased":["Spot Weakness","Ice Cream"],"campfire_rested":2,"item_purchase_floors":[11,11],"current_hp_per_floor":[80,80,80,80,80,80,69,27,27,51,51,51,39,39,61,36,74,56,56,43,0,0],"gold":390,"neow_bonus":"THREE_ENEMY_KILL","is_daily":false,"chose_seed":false,"campfire_upgraded":2,"win_rate":0.0,"timestamp":1610608156,"path_taken":["M","?","M","?","$","R","M","E","T","R","$","R","?","?","R","BOSS","M","?","?","?"],"items_purchased_type":["Card","Relic"],"build_version":"2020-12-22","purchased_purges":1,"victory":false,"max_hp_per_floor":[80,80,80,80,80,80,80,80,80,80,80,80,80,74,74,74,74,74,74,74,74,74],"card_choices":[{"not_picked":["Sever Soul","Bloodletting"],"picked":"Run Through","floor":1},{"not_picked":["Twin Strike","Warcry"],"picked":"Body Slam","floor":2},{"not_picked":["Sword Boomerang","Dual Wield"],"picked":"Demon Form","floor":3},{"not_picked":["Warcry","Twin Strike"],"picked":"Heavy Blade","floor":7},{"not_picked":["Second Wind","ReplayTheSpireMod:Strike From Hell"],"picked":"Iron Wave","floor":8},{"not_picked":["Demon Form","Berserk"],"picked":"Reaper","floor":16},{"not_picked":["Headbutt+1","Shrug It Off"],"picked":"ReplayTheSpireMod:Stacked+1","floor":18},{"not_picked":["Life Link","Clothesline+1"],"picked":"ReplayReversal+1","floor":20}],"player_experience":491317,"relics_obtained":[{"floor":4,"key":"ReplayTheSpireMod:Ring of Collecting"},{"floor":8,"key":"Old Coin"},{"floor":9,"key":"Ring of Hypnosis"},{"floor":9,"key":"Replay:WaspNest"}],"event_choices":[{"damage_healed":0,"gold_gain":0,"player_choice":"Success","damage_taken":12,"relics_obtained":["MawBank"],"max_hp_gain":0,"max_hp_loss":0,"event_name":"Scrap Ooze","floor":13,"gold_loss":0},{"damage_healed":0,"gold_gain":0,"player_choice":"Lose Max HP","damage_taken":0,"relics_obtained":["Golden Idol"],"max_hp_gain":0,"max_hp_loss":6,"event_name":"Golden Idol","floor":14,"gold_loss":0},{"damage_healed":0,"gold_gain":0,"player_choice":"Got Potions","damage_taken":0,"max_hp_gain":0,"max_hp_loss":0,"event_name":"Lab","floor":19,"gold_loss":0},{"damage_healed":0,"gold_gain":0,"player_choice":"Fought Bandits","damage_taken":0,"max_hp_gain":0,"max_hp_loss":0,"event_name":"Masked Bandits","floor":21,"gold_loss":0}],"is_beta":false,"boss_relics":[{"not_picked":["Coffee Dripper","Snecko Eye"],"picked":"Philosopher\u0027s Stone"}],"items_purged_floors":[5],"is_endless":false,"potions_floor_spawned":[1,7,8],"killed_by":"Masked Bandits","ascension_level":4}}