{"host":"obplhmlw33xb91v8","time":1610645099,"event":{"mods":["BaseMod","Block Reminder","Curses Come First","Evolution","Minty Spire (QoL Compilation)","Quick Restart","Relic Stats","Spicy Shops","StSLib","Uncapped","Waifu the Spire","slay the spire mod where everything is the same but ironclad has a cowboy hat"],"gold_per_floor":[114,132,146,246,264,264,280,280,280,315,327,358,378,404,404,404,404],"floor_reached":16,"language":"ENG","playtime":469,"items_purged":[],"score":149,"play_id":"8fe96858-4acc-4449-814b-0ed9ea758812","local_time":"20210114122459","is_ascension_mode":true,"campfire_choices":[{"data":"Thunderclap","floor":6,"key":"SMITH"},{"data":"Shrug It Off","floor":8,"key":"SMITH"},{"data":"Feed","floor":15,"key":"SMITH"}],"circlet_count":0,"master_deck":["Strike_R","Strike_R","Strike_R","Strike_R","Strike_R","Defend_R","Defend_R","Defend_R","Defend_R","Bash","Shrug It Off+1","Cleave","Thunderclap+1","Feed+1","Cleave","Shockwave","Pummel"],"relics":["EVO:Axolotl","Coffee Dripper","Mercury Hourglass","Matryoshka","Self Forming Clay","PreservedInsect"],"acts_visited":["Exordium"],"potions_floor_usage":[11,14,14],"damage_taken":[{"damage":10,"enemies":"2 Louse","floor":1,"turns":2},{"damage":1,"enemies":"Cultist","floor":2,"turns":3},{"damage":2,"enemies":"Jaw Worm","floor":3,"turns":3},{"damage":1,"enemies":"Looter","floor":5,"turns":3},{"damage":11,"enemies":"Exordium Thugs","floor":7,"turns":3},{"damage":16,"enemies":"Gremlin Nob","floor":10,"turns":3},{"damage":0,"enemies":"Large Slime","floor":11,"turns":4},{"damage":14,"enemies":"3 Sentries","floor":12,"turns":4},{"damage":12,"enemies":"Exordium Wildlife","floor":13,"turns":2},{"damage":16,"enemies":"Gremlin Nob","floor":14,"turns":3},{"damage":7,"enemies":"The Guardian","floor":16,"turns":9}],"seed_played":"-747358951282712625","potions_obtained":[{"floor":7,"key":"Ancient Potion"},{"floor":10,"key":"Explosive Potion"},{"floor":11,"key":"DuplicationPotion"},{"floor":12,"key":"DuplicationPotion"},{"floor":14,"key":"SmokeBomb"}],"is_trial":false,"path_per_floor":["M","M","M","?","M","R","M","R","T","E","M","E","M","E","R","B"],"character_chosen":"IRONCLAD","items_purchased":[],"campfire_rested":0,"item_purchase_floors":[],"current_hp_per_floor":[70,69,67,67,66,66,55,55,55,39,39,28,19,6,6,0,0],"gold":404,"neow_bonus":"BOSS_RELIC","is_daily":false,"chose_seed":false,"campfire_upgraded":3,"win_rate":0.0,"timestamp":1610645099,"path_taken":["M","M","M","?","M","R","M","R","T","E","M","E","M","E","R","BOSS"],"items_purchased_type":[],"build_version":"2020-12-22","purchased_purges":0,"victory":false,"max_hp_per_floor":[80,80,80,80,80,80,80,80,80,80,80,83,86,89,89,89,89],"relic_stats":{"counters":[11,38],"Self Forming Clay":[9],"PreservedInsect":0,"obtain_stats":[{"Matryoshka":10,"Self Forming Clay":12,"PreservedInsect":14,"Coffee Dripper":0,"EVO:Axolotl":0,"Burning Blood":0,"Mercury Hourglass":9},{"Matryoshka":6,"Self Forming Clay":8,"PreservedInsect":10,"Coffee Dripper":0,"EVO:Axolotl":0,"Burning Blood":0,"Mercury Hourglass":5},{"Matryoshka":17,"Self Forming Clay":24,"PreservedInsect":29,"Coffee Dripper":0,"EVO:Axolotl":0,"Burning Blood":0,"Mercury Hourglass":14}],"Mercury Hourglass":[101]},"card_choices":[{"not_picked":["Havoc","Wild Strike"],"picked":"Shrug It Off","floor":1},{"not_picked":["Clothesline","Flex"],"picked":"Cleave","floor":2},{"not_picked":["Second Wind","Searing Blow","Havoc"],"picked":"SKIP","floor":3},{"not_picked":["Blood for Blood","Iron Wave"],"picked":"Thunderclap","floor":5},{"not_picked":["Heavy Blade","Burning Pact","Bloodletting"],"picked":"SKIP","floor":7},{"not_picked":["Burning Pact","Spot Weakness"],"picked":"Feed","floor":10},{"not_picked":["Armaments","Anger","Perfected Strike"],"picked":"SKIP","floor":11},{"not_picked":["Body Slam","Headbutt"],"picked":"Cleave","floor":12},{"not_picked":["Anger","Shrug It Off"],"picked":"Shockwave","floor":13},{"not_picked":["Burning Pact","Warcry"],"picked":"Pummel","floor":14}],"player_experience":196525,"relics_obtained":[{"floor":9,"key":"Mercury Hourglass"},{"floor":10,"key":"Matryoshka"},{"floor":12,"key":"Self Forming Clay"},{"floor":14,"key":"PreservedInsect"}],"event_choices":[{"damage_healed":0,"gold_gain":100,"player_choice":"Pray","damage_taken":0,"max_hp_gain":0,"max_hp_loss":0,"event_name":"Golden Shrine","floor":4,"gold_loss":0}],"is_beta":false,"boss_relics":[],"items_purged_floors":[],"is_endless":false,"potions_floor_spawned":[7,10,11,12,13,14],"killed_by":"The Guardian","ascension_level":4}}