{"host":"uceopoba4zvqsgiy","time":1610625477,"event":{"mods":["Act Like it!","BaseMod","Better Skull","Better Third Choice","Elementarium","Evolution","GifTheSpireLib","Hermit","Humility","Infinite Spire","Jorbs\u0027s Wanderer Trilogy","Marked Mod","Minty Spire (QoL Compilation)","Potionbrewer","Replay The Spire","Robot Space Explorer","Shade Mod","Spicy Shops","StSLib","Stuff the Spire","The Blue Laboratory","The Caster","The Cursed","The Dragon Tamer","The Hierophant","The Judge","The Jungle","Wandering Minibosses"],"gold_per_floor":[118,168,189,124,143,87,87,124,124,124,148,196,116,149,149,171,171],"floor_reached":16,"language":"ENG","playtime":5360,"items_purged":[],"score":252,"play_id":"44da813b-b013-40d7-ad15-df84afd0a419","local_time":"20210114222757","is_ascension_mode":true,"campfire_choices":[{"data":"Demonic Infusion","floor":7.0,"key":"SMITH"},{"data":"Metallicize","floor":15,"key":"SMITH"}],"circlet_count":0,"master_deck":["Strike_R","Strike_R","Strike_R","Strike_R","Strike_R","Defend_R","Defend_R","Defend_R","Defend_R","Bash","Delirium","ReplayTheSpireMod:Limb From Limb","ReplayTheSpireMod:IOU","ReplayTheSpireMod:Faulty Equipment","Cleave","WordoMod:Infected","Demonic Infusion+1","Second Wind","Whirlwind","Disarm","Metallicize+1","Overencumbered","WordoMod:FoggyMind","StuffTheSpire:Incineration"],"relics":["Burning Blood","EVO:Axolotl","NeowsBlessing","Ring of Greed","Ring of Fury","Replay:Wax Seal","Replay:Bandana","StuffTheSpire:DullRazor","Omamori","Orichalcum","PreservedInsect","Meat on the Bone","Replay:Baseball","Golden Idol","Bird Faced Urn"],"acts_visited":["Exordium"],"potions_floor_usage":[],"damage_taken":[{"damage":0.0,"enemies":"Small Slimes","floor":1.0,"turns":1.0},{"damage":0.0,"enemies":"Jaw Worm","floor":3.0,"turns":1.0},{"damage":0.0,"enemies":"infinitespire:Voidling","floor":5.0,"turns":1.0},{"damage":22.0,"enemies":"Lagavulin","floor":6.0,"turns":5.0},{"damage":32.0,"enemies":"Gremlin Nob","floor":8.0,"turns":4.0},{"damage":4.0,"enemies":"Blue Slaver","floor":11.0,"turns":3.0},{"damage":12.0,"enemies":"Lagavulin","floor":12.0,"turns":2.0},{"damage":2.0,"enemies":"Large Slime","floor":14.0,"turns":5.0},{"damage":84,"enemies":"Fading Forest","floor":16,"turns":9}],"seed_played":"-1683702865185093107","potions_obtained":[{"floor":5.0,"key":"potionbrewer:FreezingPotion"},{"floor":6.0,"key":"Energy Potion"},{"floor":11.0,"key":"Death Potion"}],"is_trial":false,"path_per_floor":["M","?","M","$","M","E","R","E","T","?","M","E","$","M","R","B"],"character_chosen":"IRONCLAD","items_purchased":["StuffTheSpire:DullRazor","Omamori","Orichalcum","Metallicize"],"campfire_rested":0,"item_purchase_floors":[4,4,4,13],"current_hp_per_floor":[80,80,80,80,80,64,64,38,38,18,32,38,38,56,56,0,0],"gold":171,"neow_bonus":"THREE_ENEMY_KILL","is_daily":false,"chose_seed":false,"campfire_upgraded":2,"win_rate":0.0,"timestamp":1610625477,"path_taken":["M","?","M","$","M","E","R","E","T","?","M","E","?","M","R","BOSS"],"items_purchased_type":["Relic","Relic","Relic","Card"],"build_version":"2020-12-22","purchased_purges":0,"victory":false,"max_hp_per_floor":[80,80,80,80,80,80,80,80,80,80,80,80,80,80,80,80,80],"card_choices":[{"not_picked":["Perfected Strike","Clothesline","StuffTheSpire:Incineration"],"picked":"SKIP","floor":1.0},{"not_picked":["StuffTheSpire:Slingshot","Iron Wave"],"picked":"ReplayTheSpireMod:Limb From Limb","floor":3.0},{"not_picked":["StuffTheSpire:Slingshot","Reckless Charge"],"picked":"Cleave","floor":5.0},{"not_picked":["True Grit","Thunderclap"],"picked":"Demonic Infusion","floor":6.0},{"not_picked":["Havoc","Uppercut"],"picked":"Second Wind","floor":8.0},{"not_picked":["Hemokinesis","Headbutt"],"picked":"Whirlwind","floor":11.0},{"not_picked":["Hemokinesis","ReplayTheSpireMod:Strike From Hell","Disarm"],"picked":"SKIP","floor":12.0},{"not_picked":["Hemokinesis","ReplayTheSpireMod:Strike From Hell"],"picked":"Disarm","floor":12.0},{"not_picked":["Anger","Disarm"],"picked":"StuffTheSpire:Incineration","floor":14}],"player_experience":1674539,"relics_obtained":[{"floor":2.0,"key":"Ring of Greed"},{"floor":2.0,"key":"Ring of Fury"},{"floor":2.0,"key":"Replay:Wax Seal"},{"floor":2.0,"key":"Replay:Bandana"},{"floor":6.0,"key":"PreservedInsect"},{"floor":8.0,"key":"Meat on the Bone"},{"floor":9.0,"key":"Replay:Baseball"},{"floor":12.0,"key":"Bird Faced Urn"}],"event_choices":[{"damage_healed":0.0,"max_hp_gain":0.0,"max_hp_loss":0.0,"gold_gain":0.0,"event_name":"Golden Idol","player_choice":"Take Damage","floor":10.0,"gold_loss":0.0,"damage_taken":20.0,"relics_obtained":["Golden Idol"]}],"is_beta":false,"boss_relics":[],"items_purged_floors":[],"is_endless":false,"potions_floor_spawned":[5,6,11],"killed_by":"Fading Forest","ascension_level":1}}