{"host":"9kesdg97wkrx2bva","time":1610607860,"event":{"mods":["AchievementEnabler","BaseMod","Colored Map","Downfall","GifTheSpireLib","Infinite Spire","Minty Spire (QoL Compilation)","Replay The Spire","StSLib"],"gold_per_floor":[119,119,133,4,18,18,36,36,82,115,26,26,26,26,26,115,115,140,40,40,40,61,61,61,61],"floor_reached":24,"language":"ENG","playtime":434,"items_purged":["Strike_B","Spreading Infection","Strike_B"],"score":346,"play_id":"83cf1875-d991-4c7c-9bda-d346ca3f2f35","local_time":"20210114020420","is_ascension_mode":true,"campfire_choices":[{"data":"Ball Lightning","floor":6,"key":"SMITH"},{"floor":12,"key":"REST"},{"data":"Defragment","floor":15,"key":"SMITH"},{"data":"Dualcast","floor":23,"key":"SMITH"}],"circlet_count":0,"master_deck":["AscendersBane","Strike_B","Strike_B","Defend_B","Defend_B+1","Defend_B+1","Defend_B","Zap+1","Dualcast+1","Ball Lightning+1","Cold Snap","Beam Cell+1","Compile Driver","Ball Lightning","Defragment+1","ReplayRNGCard","FIFO Queue","infinitespire:Punishment","Gash"],"relics":["Cracked Core","Gremlin Food","Replay:Baseball","Golden Idol","Inserter","The Courier"],"acts_visited":["Exordium","TheCity"],"potions_floor_usage":[22,22],"damage_taken":[{"damage":4,"enemies":"Jaw Worm","floor":1,"turns":3},{"damage":9,"enemies":"2 Louse","floor":3,"turns":3},{"damage":0,"enemies":"Small Slimes","floor":5,"turns":2},{"damage":3,"enemies":"Blue Slaver","floor":7,"turns":2},{"damage":15,"enemies":"Lagavulin","floor":10,"turns":6},{"damage":32,"enemies":"Slime Boss","floor":16,"turns":8},{"damage":0,"enemies":"Spheric Guardian","floor":18,"turns":4},{"damage":19,"enemies":"Shell Parasite","floor":22,"turns":3},{"damage":37,"enemies":"Gremlin Leader","floor":24,"turns":4}],"seed_played":"-4491420742142336014","potions_obtained":[{"floor":10,"key":"sneckomod:MuddlingPotion"},{"floor":16,"key":"AttackPotion"}],"is_trial":false,"path_per_floor":["M","?","M","$","M","R","M","$","T","E","$","R","?","?","R","B",null,"M","$","?","AVR","M","R","E"],"character_chosen":"DEFECT","items_purchased":["Cold Snap","Defragment"],"campfire_rested":1,"item_purchase_floors":[4,11],"current_hp_per_floor":[60,39,30,30,30,30,27,27,27,12,12,33,33,33,33,1,48,48,48,48,48,29,29,0,0],"gold":61,"neow_bonus":"UPGRADE_CARD","is_daily":false,"chose_seed":false,"campfire_upgraded":3,"win_rate":0.0,"timestamp":1610607860,"path_taken":["M","?","M","$","M","R","M","$","T","E","$","R","?","?","R","BOSS","M","$","?","AVR","M","R","E"],"items_purchased_type":["Card","Card"],"build_version":"2020-12-22","purchased_purges":3,"victory":false,"max_hp_per_floor":[71,71,71,71,71,71,71,71,71,71,71,71,64,64,64,64,64,64,64,64,64,64,64,64,64],"card_choices":[{"not_picked":["ReplayTheSpireMod:GoodbyeWorld","Steam","Turbo"],"picked":"SKIP","floor":1},{"not_picked":["Crystallizer","Turbo"],"picked":"Ball Lightning","floor":3},{"not_picked":["Reinforced Body","Hologram"],"picked":"Beam Cell","floor":5},{"not_picked":["Conserve Battery","Steam"],"picked":"Compile Driver","floor":7},{"not_picked":["Reboot","Chill"],"picked":"Ball Lightning","floor":10},{"not_picked":["Mirror Shield","Biased Cognition"],"picked":"ReplayRNGCard","floor":16},{"not_picked":["ReplaySolidLightProjector","Panic Button"],"picked":"FIFO Queue","floor":18},{"not_picked":["ReplayTheSpireMod:GoodbyeWorld+1","Redo"],"picked":"Gash","floor":22}],"player_experience":932425,"relics_obtained":[{"floor":9,"key":"Gremlin Food"},{"floor":10,"key":"Replay:Baseball"}],"event_choices":[{"damage_healed":0,"gold_gain":0,"player_choice":"Entered Light","damage_taken":21,"max_hp_gain":0,"max_hp_loss":0,"event_name":"Shining Light","floor":2,"gold_loss":0,"cards_upgraded":["Defend_B","Defend_B"]},{"damage_healed":0,"gold_gain":0,"player_choice":"Lose Max HP","damage_taken":0,"relics_obtained":["Golden Idol"],"max_hp_gain":0,"max_hp_loss":7,"event_name":"Golden Idol","floor":13,"gold_loss":0},{"damage_healed":0,"gold_gain":0,"player_choice":"Ignored","damage_taken":0,"max_hp_gain":0,"max_hp_loss":0,"event_name":"The Mausoleum","floor":20,"gold_loss":0}],"is_beta":false,"boss_relics":[{"not_picked":["Replay:Grab Bag","Empty Cage"],"picked":"Inserter"}],"items_purged_floors":[4,19,21],"is_endless":false,"potions_floor_spawned":[10,16],"killed_by":"Gremlin Leader","ascension_level":16}}