{"host":"qxeepl7ydvsgmfdb","time":1610627935,"event":{"mods":["AchievementEnabler","BaseMod","Colored Powertips","Minty Spire (QoL Compilation)","Quick Restart","slay the spire mod where everything is the same but ironclad has a cowboy hat"],"gold_per_floor":[119,119,119,194,194,222,222,147,147,175,193,224,238,252,252,348,348],"floor_reached":16,"language":"ENG","playtime":777,"items_purged":["Strike_B"],"score":281,"play_id":"46fbdbd4-2cba-4557-b419-65f30ea88c45","local_time":"20210114073854","is_ascension_mode":true,"campfire_choices":[{"floor":15,"key":"REST"}],"circlet_count":0,"master_deck":["Strike_B","Strike_B","Strike_B","Defend_B+1","Defend_B","Defend_B+1","Defend_B","Zap+1","Dualcast","Sweeping Beam","Doom and Gloom","Redo","Fusion","Machine Learning"],"relics":["Cracked Core","NeowsBlessing","Strawberry","Shuriken","Symbiotic Virus","Bottled Flame","Meat on the Bone","Dream Catcher"],"acts_visited":["Exordium"],"potions_floor_usage":[12,16,16,16],"damage_taken":[{"damage":0,"enemies":"2 Louse","floor":1,"turns":1},{"damage":0,"enemies":"Gremlin Nob","floor":6,"turns":1},{"damage":0,"enemies":"Lagavulin","floor":10,"turns":1},{"damage":0,"enemies":"Small Slimes","floor":11,"turns":2},{"damage":2,"enemies":"Gremlin Nob","floor":12,"turns":3},{"damage":3,"enemies":"Jaw Worm","floor":13,"turns":2},{"damage":19,"enemies":"Exordium Thugs","floor":14,"turns":3},{"damage":0,"enemies":"Slime Boss","floor":16,"turns":4}],"seed_played":"286883841059065026","potions_obtained":[{"floor":1,"key":"SneckoOil"},{"floor":12,"key":"DistilledChaos"},{"floor":13,"key":"AttackPotion"},{"floor":14,"key":"Fire Potion"}],"is_trial":false,"path_per_floor":["M","?","?","?","?","E","T","$","T","E","M","E","M","M","R","B"],"character_chosen":"DEFECT","items_purchased":[],"campfire_rested":1,"item_purchase_floors":[],"current_hp_per_floor":[75,60,60,49,49,49,49,49,49,49,49,47,44,37,61,61,61],"gold":348,"neow_bonus":"THREE_ENEMY_KILL","is_daily":false,"chose_seed":false,"campfire_upgraded":0,"win_rate":0.0,"timestamp":1610627934,"path_taken":["M","?","?","?","?","E","?","$","T","E","?","E","M","M","R","BOSS"],"items_purchased_type":[],"build_version":"2020-12-22","purchased_purges":1,"victory":false,"max_hp_per_floor":[75,75,75,75,82,82,82,82,82,82,82,82,82,82,82,82,82],"card_choices":[{"not_picked":["Sunder","Consume","Steam"],"picked":"SKIP","floor":1},{"not_picked":["Loop","Stack"],"picked":"Sweeping Beam","floor":6},{"not_picked":["Hologram","Go for the Eyes"],"picked":"Doom and Gloom","floor":10},{"not_picked":["Consume","Sweeping Beam","Steam"],"picked":"SKIP","floor":11},{"not_picked":["Reinforced Body","Melter","Rip and Tear"],"picked":"SKIP","floor":12},{"not_picked":["Hologram","Barrage","Auto Shields"],"picked":"SKIP","floor":13},{"not_picked":["Reinforced Body","Rebound"],"picked":"Redo","floor":14},{"not_picked":["Sweeping Beam","Buffer"],"picked":"Fusion","floor":15},{"not_picked":["All For One","Electrodynamics"],"picked":"Machine Learning","floor":16}],"player_experience":135385,"relics_obtained":[{"floor":6,"key":"Shuriken"},{"floor":7,"key":"Symbiotic Virus"},{"floor":9,"key":"Bottled Flame"},{"floor":10,"key":"Meat on the Bone"},{"floor":12,"key":"Dream Catcher"}],"event_choices":[{"damage_healed":0,"gold_gain":0,"player_choice":"Entered Light","damage_taken":15,"max_hp_gain":0,"max_hp_loss":0,"event_name":"Shining Light","floor":2,"gold_loss":0,"cards_upgraded":["Defend_B","Defend_B"]},{"damage_healed":0,"gold_gain":0,"player_choice":"Grow","damage_taken":0,"max_hp_gain":0,"max_hp_loss":0,"event_name":"Living Wall","floor":3,"gold_loss":0,"cards_upgraded":["Zap"]},{"damage_healed":0,"gold_gain":75,"player_choice":"Gather Gold","damage_taken":11,"max_hp_gain":0,"max_hp_loss":0,"event_name":"World of Goop","floor":4,"gold_loss":0},{"damage_healed":0,"gold_gain":0,"player_choice":"Success","damage_taken":7,"relics_obtained":["Strawberry"],"max_hp_gain":0,"max_hp_loss":0,"event_name":"Scrap Ooze","floor":5,"gold_loss":0}],"is_beta":false,"boss_relics":[],"items_purged_floors":[8],"is_endless":false,"potions_floor_spawned":[1,12,13,14],"killed_by":"Slime Boss","ascension_level":1}}