{"host":"llpusn9usp8rznkj","time":1610659500,"event":{"mods":["2.2 Compatiblity","Aspiration","BaseMod","Colored Map","Colored Powertips","Conspire","Hubris","Minty Spire (QoL Compilation)","Quick Restart","Rare Cards Sparkle","Replay The Spire","StSLib","The Cursed"],"gold_per_floor":[11,21,21,21,32,32,64,64,64,74,93,106,106,122,122,195,195,207,207,207,217,233,233,183,23,23,40,40,66,104,127,127,127,127],"floor_reached":33,"language":"ENG","playtime":1436,"items_purged":["Strike_G"],"score":667,"play_id":"20ff5d8f-eb14-4987-8042-d3dcbae3dfe3","local_time":"20210114162500","is_ascension_mode":true,"campfire_choices":[{"data":"Poisoned Stab","floor":6.0,"key":"SMITH"},{"data":"Poisoned Stab","floor":8.0,"key":"SMITH"},{"data":"Prepared","floor":13.0,"key":"SMITH"},{"floor":15.0,"key":"REST"},{"data":"conspire:PoisonWeapons","floor":23,"key":"SMITH"},{"floor":28,"key":"REST"},{"floor":32,"key":"REST"}],"circlet_count":0,"master_deck":["AscendersBane","Strike_G","Strike_G","Strike_G","Defend_G","Defend_G","Defend_G","Defend_G","Survivor","Neutralize","Acrobatics","Poisoned Stab+1","Poisoned Stab+1","Prepared+1","Malaise","Escape Plan","Poisoned Stab","conspire:PoisonWeapons+1","conspire:SpireCoStock","Noxious Fumes"],"relics":["Ring of the Snake","FossilizedHelix","Bag of Marbles","Singing Bowl","conspire:SpecialSausage","Bottled Flame"],"acts_visited":["Exordium","TheCity"],"potions_floor_usage":[21,27,29,31,31],"damage_taken":[{"damage":1.0,"enemies":"2 Louse","floor":1.0,"turns":3.0},{"damage":0.0,"enemies":"Cultist","floor":2.0,"turns":4.0},{"damage":0.0,"enemies":"Jaw Worm","floor":5.0,"turns":2.0},{"damage":47.0,"enemies":"3 Sentries","floor":7.0,"turns":14.0},{"damage":0.0,"enemies":"Large Slime","floor":10.0,"turns":6.0},{"damage":14.0,"enemies":"Exordium Thugs","floor":11.0,"turns":6.0},{"damage":0.0,"enemies":"2 Fungi Beasts","floor":12.0,"turns":3.0},{"damage":0.0,"enemies":"Looter","floor":14.0,"turns":2.0},{"damage":0.0,"enemies":"The Guardian","floor":16.0,"turns":9.0},{"damage":10.0,"enemies":"3 Byrds","floor":18.0,"turns":7.0},{"damage":0,"enemies":"Spheric Guardian","floor":21,"turns":3},{"damage":19,"enemies":"Snecko","floor":22,"turns":5},{"damage":0,"enemies":"Snake Plant","floor":27,"turns":2},{"damage":24,"enemies":"Book of Stabbing","floor":29,"turns":7},{"damage":0,"enemies":"Centurion and Healer","floor":30,"turns":6},{"damage":14,"enemies":"Snecko","floor":31,"turns":6},{"damage":0,"enemies":"Collector","floor":33,"turns":2}],"seed_played":"-6221888919577033565","potions_obtained":[{"floor":10.0,"key":"LiquidBronze"},{"floor":11.0,"key":"PowerPotion"},{"floor":16.0,"key":"SpeedPotion"},{"floor":20.0,"key":"Explosive Potion"},{"floor":20.0,"key":"LiquidMemories"},{"floor":22,"key":"Cursed Concoction"},{"floor":29,"key":"Swift Potion"},{"floor":30,"key":"Languid Potion"}],"is_trial":false,"path_per_floor":["M","M","?","?","M","R","E","R","T","M","M","M","R","M","R","B",null,"M","?","?","M","M","R","?","$","T","M","R","E","M","M","R","B"],"character_chosen":"THE_SILENT","items_purchased":["Noxious Fumes"],"campfire_rested":3,"item_purchase_floors":[25],"current_hp_per_floor":[58,58,47,76,76,76,29,29,29,31,17,19,19,21,45,47,75,67,42,42,42,23,23,23,23,23,25,52,30,32,20,49,49,49],"gold":127,"neow_bonus":"TRANSFORM_TWO_CARDS","is_daily":false,"chose_seed":false,"campfire_upgraded":4,"win_rate":0.0,"timestamp":1610659500,"path_taken":["M","M","?","?","?","R","E","R","T","M","M","M","R","M","R","BOSS","M","?","?","?","M","R","?","?","T","M","R","E","?","?","R","BOSS"],"items_purchased_type":["Card"],"build_version":"2020-12-22","purchased_purges":1,"victory":false,"max_hp_per_floor":[66,66,66,76,76,76,76,76,76,78,78,80,80,82,82,84,84,86,91,91,91,91,91,91,91,91,93,93,95,97,99,99,99,99],"card_choices":[{"not_picked":["Bane","Deflect"],"picked":"Poisoned Stab","floor":1.0},{"not_picked":["Deadly Poison","hubris:Counter"],"picked":"Poisoned Stab","floor":2.0},{"not_picked":["Slice","Flying Knee"],"picked":"Prepared","floor":5.0},{"not_picked":["Eviscerate","Cloak And Dagger"],"picked":"Malaise","floor":7.0},{"not_picked":["Fluid Movement","PiercingWail","hubris:SlightOfHand"],"picked":"Singing Bowl","floor":10.0},{"not_picked":["Dagger Spray","Dodge and Roll"],"picked":"Escape Plan","floor":11.0},{"not_picked":["Dagger Spray","Draining Mist","Flechettes"],"picked":"Singing Bowl","floor":12.0},{"not_picked":["hubris:SlightOfHand","Leg Sweep","Glass Knife"],"picked":"Singing Bowl","floor":14.0},{"not_picked":["Atom Bomb","Glass Knife","Bullet Time"],"picked":"Singing Bowl","floor":16.0},{"not_picked":["Underhanded Strike","Sucker Punch","hubris:SlightOfHand"],"picked":"Singing Bowl","floor":18.0},{"not_picked":["Dagger Spray","ReplayTheSpireMod:Shiv Toss"],"picked":"Poisoned Stab","floor":21},{"not_picked":["Quick Slash+1","Sucker Punch"],"picked":"conspire:PoisonWeapons","floor":22},{"not_picked":["Reflex","Hidden Blade","Leg Sweep"],"picked":"Singing Bowl","floor":27},{"not_picked":["Die Die Die","hubris:SlightOfHand","Flying Knee"],"picked":"Singing Bowl","floor":29},{"not_picked":["hubris:SlightOfHand","Accuracy","Underhanded Strike"],"picked":"Singing Bowl","floor":30},{"not_picked":["Deflect","ReplayTheSpireMod:Tripwire","Cloak And Dagger"],"picked":"Singing Bowl","floor":31}],"player_experience":1146562,"relics_obtained":[{"floor":7.0,"key":"Bag of Marbles"},{"floor":9.0,"key":"Singing Bowl"},{"floor":29,"key":"Bottled Flame"}],"event_choices":[{"damage_healed":0.0,"max_hp_gain":0.0,"max_hp_loss":0.0,"gold_gain":0.0,"event_name":"Scrap Ooze","player_choice":"Success","floor":3.0,"gold_loss":0.0,"damage_taken":11.0,"relics_obtained":["FossilizedHelix"]},{"cards_removed":["Grand Finale"],"damage_healed":19.0,"max_hp_gain":10.0,"max_hp_loss":0.0,"gold_gain":0.0,"event_name":"Bonfire Elementals","player_choice":"Offered Rare","floor":4.0,"gold_loss":0.0,"damage_taken":0.0},{"damage_healed":0.0,"max_hp_gain":5.0,"max_hp_loss":0.0,"gold_gain":0.0,"event_name":"Forgotten Altar","player_choice":"Shed Blood","floor":19.0,"gold_loss":0.0,"damage_taken":30.0},{"damage_healed":0.0,"max_hp_gain":0.0,"max_hp_loss":0.0,"gold_gain":0.0,"event_name":"Lab","player_choice":"Got Potions","floor":20.0,"gold_loss":0.0,"damage_taken":0.0},{"damage_healed":0,"gold_gain":0,"player_choice":"Invest 1","damage_taken":0,"max_hp_gain":0,"max_hp_loss":0,"event_name":"conspire:Investor","floor":24,"gold_loss":0}],"is_beta":false,"boss_relics":[{"not_picked":["Pandora\u0027s Box","Abe\u0027s Treasure"],"picked":"conspire:SpecialSausage"}],"items_purged_floors":[25],"is_endless":false,"potions_floor_spawned":[10,11,16,22,29,30],"killed_by":"Collector","ascension_level":20}}