{"host":"xpzu3ao9bvbn9hmu","time":1610608406,"event":{"mods":["100% Spire Juice","ATMod(∞¢Ë™Mod)","Alarm Clock","Arknights The Spire","BaseMod","Colored Powertips","Decade(Õı–°√˜)","Dota2Spire","GifTheSpireLib","KinomotoSakuraMod(ƒæ÷Æ±æ”£)","Lobotomy","LobotomyExtend","Luminous","Marisa£®ÏF”Í°°ƒß¿Ì…≥£©","Minty Spire (QoL Compilation)","MostiFishMod","Reimu£®≤©¿ˆ¡È√Œ£©","Relic Stats","Remilia£®¿Ÿ√◊¿Ú—«£©","Replay The Spire","Spicy Shops","StSLib","The Gatherer","The Runesmith","The Servant 0.9.4","Waifu the Spire","WarShipGirlsR/’ΩΩ¢…Ÿ≈ÆR mod","Yakumo Yukari mod","Youmu£®ªÍ∆«—˝√Œ£©","[IsaacMod]“‘»ˆº‚À˛","≤–¡Ù÷ÆŒÔ"],"gold_per_floor":[117,133,133,133,133,157,181,224,303,42,128,174,209,209,238,276,276,417,417,445,485,485,410,443,493,27,69,152,180,205,145,170,27,27,147,147,173,173,207,24,51,94,126,41,80,145,191,191,118,118,118,118,118,118,38,87,87],"floor_reached":58,"language":"ZHS","playtime":2951,"items_purged":["ats:Strike S","Shame","Parasite"],"score":1319,"play_id":"1c16fd03-fbcc-43c3-9535-46099db0dff2","local_time":"20210114151326","is_ascension_mode":false,"campfire_choices":[{"floor":17,"key":"RECALL"},{"data":"ats:Shadow Assault","floor":34,"key":"SMITH"},{"data":"AT_LightSaberMaster","floor":51,"key":"SMITH"},{"data":"ats:Strike G","floor":54,"key":"SMITH"}],"circlet_count":0,"master_deck":["ats:Strike G+1","ats:Armor Crushing Shot","ats:Defend","ats:Defend","ats:Defend","ats:Defend","ats:Emotion Absorption","DoctorFetus","MostiFishMod:SephirahHod","ats:Disruption Kick","ats:Automatic Cover+1","ats:Sword Rain","ats:Demon Strength","ats:Soul Rend","ats:Directed Diagnosis+1","ats:Thorns+1","ats:Shell Defense","ats:Wolf Pack","ats:Soul Absorption","ats:Explosion Area Strengthen","ats:Soul Rend","ats:Powerful Strike","ats:Magnetic Hammer","AT_LightSaberMaster+1","ats:Calcification","ats:Poison Spread","ats:Shadow Assault+1","ats:Leaping Hammer","ats:Nebulous Foxfire","MostiFishMod:FrostNova","MostiFishMod:WinterMarkForm","ats:Support Order","ats:Closed Bolt Burst Fire","ats:Song Of Battle+1","ats:Magnetic Hammer+1","ats:Counter Healing Mode","ats:Defend Order+1","ats:Roar Of Ursus"],"relics":["ats:Sanity","AT_ATBox","DaveBox","HushsDoor","SatanicBible","MostiFishMod:Hod","LetterFromLob","Bloody Idol","ats:Originium","ats:Gyao","Shuriken","Technique","Dota2Spire:Desolator","Pen Nib","MagicMushroom","RuthlessExorcism:ReiMu","AT_ChloranthyRing","YumHeart","Replay:WaspNest","PlaceholderMod:DeVermisMysteriis","FrostBlade","Simple Rune","Bronze Scales","Calipers","Thread and Needle","Dota2Spire:BlackKingBar","Sling","ReplayTheSpireMod:TigerMarble"],"acts_visited":["Exordium","TheCity","TheBeyond","TheEnding"],"potions_floor_usage":[27,29,57],"damage_taken":[{"damage":0,"enemies":"Jaw Worm","floor":1,"turns":4},{"damage":5,"enemies":"2 Louse","floor":2,"turns":3},{"damage":0,"enemies":"Cultist","floor":6,"turns":3},{"damage":6,"enemies":"3 Louse","floor":7,"turns":2},{"damage":2,"enemies":"Replay:BlueRogue","floor":8,"turns":4},{"damage":0,"enemies":"Gremlin Nob","floor":12,"turns":3},{"damage":0,"enemies":"Exordium Wildlife","floor":13,"turns":5},{"damage":0,"enemies":"2 Fungi Beasts","floor":15,"turns":3},{"damage":0,"enemies":"Large Slime","floor":16,"turns":4},{"damage":8,"enemies":"Fading Forest","floor":18,"turns":10},{"damage":0,"enemies":"Spheric Guardian","floor":20,"turns":4},{"damage":0,"enemies":"3 Byrds","floor":21,"turns":3},{"damage":5,"enemies":"Snecko","floor":24,"turns":4},{"damage":5,"enemies":"Replay:Snechameleon","floor":25,"turns":3},{"damage":36,"enemies":"Slavers","floor":27,"turns":4},{"damage":0,"enemies":"Centurion and Healer","floor":29,"turns":3},{"damage":0,"enemies":"Snake Plant","floor":30,"turns":3},{"damage":0,"enemies":"Snecko","floor":32,"turns":3},{"damage":0,"enemies":"Automaton","floor":35,"turns":6},{"damage":4,"enemies":"3 Shapes","floor":37,"turns":2},{"damage":0,"enemies":"3 Darklings","floor":39,"turns":2},{"damage":0,"enemies":"Sphere and 2 Shapes","floor":41,"turns":4},{"damage":0,"enemies":"Giant Head","floor":42,"turns":5},{"damage":0,"enemies":"Jaw Worm Horde","floor":43,"turns":4},{"damage":0,"enemies":"Mind Bloom Boss Battle","floor":46,"turns":4},{"damage":0,"enemies":"Nemesis","floor":47,"turns":3},{"damage":10,"enemies":"Replay:Hell Engine","floor":52,"turns":5},{"damage":0,"enemies":"Shield and Spear","floor":56,"turns":3},{"damage":0,"enemies":"The Heart","floor":57,"turns":5}],"seed_played":"4212263064948388115","potions_obtained":[{"floor":6,"key":"FairyPotion"},{"floor":7,"key":"Languid Potion"},{"floor":8,"key":"Dota2Spire:HealingSalve"},{"floor":29,"key":"Fruit Juice"},{"floor":32,"key":"Explosive Potion"},{"floor":46,"key":"Swift Potion"},{"floor":56,"key":"Milkshake"}],"is_trial":false,"path_per_floor":["M","M","PTL","PTL","?","M","M","E","?","$","T","E","M","?","M","M","R","B",null,"M","M","?","?","M","E","$","E","T","M","M","?","M","$","R","B",null,"M","?","M","$","M","E","M","$","T","?","E","?","$","?","R","B",null,"R","$","E","B",null],"character_chosen":"DOCTOR_CLASS","items_purchased":["Technique","ats:Shell Defense","AT_LightSaberMaster","ats:Calcification","AT_ChloranthyRing","PlaceholderMod:DeVermisMysteriis","Simple Rune","Calipers","Sling","ats:Roar Of Ursus"],"campfire_rested":0,"item_purchase_floors":[10,10,26,26,26,33,40,44,49,55],"current_hp_per_floor":[72,67,67,67,49,49,43,45,45,45,45,45,52,52,59,72,72,72,79,79,79,79,79,79,79,79,49,54,84,84,84,84,84,84,84,84,84,84,84,81,81,81,81,81,81,81,81,81,81,81,81,77,81,81,81,81,81],"gold":87,"neow_bonus":"TRANSFORM_CARD","is_daily":false,"chose_seed":false,"campfire_upgraded":3,"win_rate":0.0,"timestamp":1610608406,"path_taken":["M","M","PTL","PTL","?","M","M","E","?","$","T","E","M","?","M","M","R","BOSS","M","M","?","?","M","E","$","E","T","M","M","?","M","?","R","BOSS","M","?","M","$","M","E","M","$","T","?","E","?","?","?","R","BOSS","R","$","E","BOSS"],"items_purchased_type":["Relic","Card","Card","Card","Relic","Relic","Relic","Relic","Relic","Card"],"build_version":"2020-12-22","purchased_purges":3,"victory":true,"max_hp_per_floor":[72,72,72,72,72,72,72,72,72,72,72,72,72,72,72,72,72,72,79,79,79,79,79,79,79,79,79,79,84,84,84,84,84,84,84,84,84,84,84,81,81,81,81,81,81,81,81,81,81,81,81,81,81,81,81,81,81],"relic_stats":{"counters":[29,111],"Shuriken":[23],"Bloody Idol":24,"Bronze Scales":[33],"Pen Nib":[17],"obtain_stats":[{"AT_ATBox":0,"Calipers":44,"DaveBox":0,"PlaceholderMod:DeVermisMysteriis":33,"Sling":49,"SatanicBible":0,"ats:Sanity":0,"KeepersGift":0,"AT_ChloranthyRing":26,"MostiFishMod:Hod":0,"Dota2Spire:BlackKingBar":47,"Golden Idol":5,"Thread and Needle":46,"Pen Nib":12,"Replay:WaspNest":28,"ats:Gyao":8,"FrostBlade":36,"YumHeart":27,"ats:Originium":8,"Shuriken":9,"Bloody Idol":22,"Bronze Scales":42,"MagicMushroom":19,"Simple Rune":40,"LetterFromLob":1,"ReplayTheSpireMod:TigerMarble":56,"Technique":10,"HushsDoor":0,"Dota2Spire:Desolator":11,"RuthlessExorcism:ReiMu":25},{"AT_ATBox":0,"Calipers":24,"DaveBox":0,"PlaceholderMod:DeVermisMysteriis":18,"Sling":26,"SatanicBible":0,"ats:Sanity":0,"KeepersGift":0,"AT_ChloranthyRing":14,"MostiFishMod:Hod":0,"Dota2Spire:BlackKingBar":26,"Golden Idol":2,"Thread and Needle":25,"Pen Nib":6,"Replay:WaspNest":15,"ats:Gyao":5,"FrostBlade":19,"YumHeart":15,"ats:Originium":5,"Shuriken":5,"Bloody Idol":12,"Bronze Scales":23,"MagicMushroom":10,"Simple Rune":21,"LetterFromLob":1,"ReplayTheSpireMod:TigerMarble":28,"Technique":5,"HushsDoor":0,"Dota2Spire:Desolator":5,"RuthlessExorcism:ReiMu":14},{"AT_ATBox":0,"Calipers":91,"DaveBox":0,"PlaceholderMod:DeVermisMysteriis":68,"Sling":98,"SatanicBible":0,"ats:Sanity":0,"KeepersGift":0,"AT_ChloranthyRing":55,"MostiFishMod:Hod":0,"Dota2Spire:BlackKingBar":98,"Golden Idol":7,"Thread and Needle":95,"Pen Nib":19,"Replay:WaspNest":59,"ats:Gyao":16,"FrostBlade":74,"YumHeart":59,"ats:Originium":16,"Shuriken":16,"Bloody Idol":48,"Bronze Scales":87,"MagicMushroom":41,"Simple Rune":78,"LetterFromLob":4,"ReplayTheSpireMod:TigerMarble":106,"Technique":16,"HushsDoor":0,"Dota2Spire:Desolator":16,"RuthlessExorcism:ReiMu":55}]},"card_choices":[{"not_picked":[],"picked":"DoctorFetus","floor":0},{"not_picked":["ats:Assault Order","Bomb"],"picked":"ats:Automatic Cover","floor":1},{"not_picked":["ats:Ignite","ats:Song Of Battle"],"picked":"ats:Sword Rain","floor":2},{"not_picked":["ats:Flexible Camouflage","ats:Revitalization"],"picked":"ats:Demon Strength","floor":6},{"not_picked":["ats:Hammer On","ats:Directed Diagnosis"],"picked":"ats:Soul Rend","floor":7},{"not_picked":["ats:Childhood Dance","ats:Ignite"],"picked":"ats:Directed Diagnosis","floor":8},{"not_picked":["ats:Hammer On","ats:Ignite"],"picked":"ats:Thorns","floor":9},{"not_picked":["ats:Consecutive Shot Auto","ats:Powerful Strike"],"picked":"Bomb","floor":9},{"not_picked":["ats:Childhood Dance","ats:Assault Order"],"picked":"ats:Wolf Pack","floor":12},{"not_picked":["ats:Hook Shot","Bomb"],"picked":"ats:Blood Oath","floor":13},{"not_picked":["ats:Assault Order","ats:Hammer On"],"picked":"ats:Soul Absorption","floor":15},{"not_picked":["ats:Guardian Obelisk","ats:Hammer On"],"picked":"ats:Explosion Area Strengthen","floor":16},{"not_picked":["ats:Fractured Body","ats:Ambush"],"picked":"ats:Soul Rend","floor":18},{"not_picked":["ats:Guardian Obelisk","ats:Apocalypse"],"picked":"ats:Powerful Strike","floor":20},{"not_picked":["ats:Directed Diagnosis","ats:Curse Doll"],"picked":"ats:Magnetic Hammer","floor":21},{"not_picked":["ats:Ignite","ats:Hammer On+1","ats:LN2 Cannon"],"picked":"SKIP","floor":24},{"not_picked":["ats:Echo Reverb","ats:Childhood Dance","ats:Revitalization"],"picked":"SKIP","floor":25},{"not_picked":["ats:Shadow Raid","ats:Childhood Dance+1"],"picked":"ats:Poison Spread","floor":27},{"not_picked":["ats:Childhood Dance","ats:Assault Order","ats:Cat Scratch"],"picked":"SKIP","floor":29},{"not_picked":["ats:Demon Strength","ats:Hammer On"],"picked":"ats:Shadow Assault","floor":30},{"not_picked":["ats:Ignite","ats:Shell Defense"],"picked":"ats:Leaping Hammer","floor":32},{"not_picked":["ats:Echo Reverb","ats:Volcano"],"picked":"ats:Nebulous Foxfire","floor":35},{"not_picked":["ats:Demon Strength+1","ats:Hammer On+1"],"picked":"ats:Support Order","floor":37},{"not_picked":["ats:Hammer On+1","ats:Poison Spread+1"],"picked":"ats:Closed Bolt Burst Fire","floor":39},{"not_picked":["ats:Healing Strengthening+1","ats:Curse Doll","ats:Leaping Hammer"],"picked":"SKIP","floor":41},{"not_picked":["ats:Assault Order","ats:Burning Ground+1"],"picked":"ats:Song Of Battle+1","floor":42},{"not_picked":["ats:Assault Order","ats:Hammer On+1"],"picked":"ats:Magnetic Hammer+1","floor":43},{"not_picked":["ats:Wolf Pack","ats:Cat Scratch"],"picked":"ats:Counter Healing Mode","floor":46},{"not_picked":["ats:LN2 Cannon+1","ats:Powerful Strike"],"picked":"ats:Defend Order+1","floor":47},{"not_picked":["ats:Burning Ground","ats:Leaping Hammer+1","ats:Curse Doll+1"],"picked":"SKIP","floor":56}],"player_experience":57404,"relics_obtained":[{"floor":1,"key":"LetterFromLob"},{"floor":8,"key":"ats:Originium"},{"floor":8,"key":"ats:Gyao"},{"floor":9,"key":"Shuriken"},{"floor":11,"key":"Dota2Spire:Desolator"},{"floor":12,"key":"ats:Originium"},{"floor":12,"key":"Pen Nib"},{"floor":25,"key":"ats:Originium"},{"floor":25,"key":"RuthlessExorcism:ReiMu"},{"floor":27,"key":"YumHeart"},{"floor":28,"key":"Replay:WaspNest"},{"floor":42,"key":"Bronze Scales"},{"floor":46,"key":"Thread and Needle"},{"floor":47,"key":"Dota2Spire:BlackKingBar"},{"floor":56,"key":"ReplayTheSpireMod:TigerMarble"}],"event_choices":[{"damage_healed":0,"gold_gain":0,"player_choice":"Take Damage","damage_taken":18,"relics_obtained":["Golden Idol"],"max_hp_gain":0,"max_hp_loss":0,"event_name":"Golden Idol","floor":5,"gold_loss":0},{"damage_healed":0,"gold_gain":0,"player_choice":"Grow","damage_taken":0,"max_hp_gain":0,"max_hp_loss":0,"event_name":"Living Wall","floor":14,"gold_loss":0,"cards_upgraded":["ats:Directed Diagnosis"]},{"damage_healed":0,"gold_gain":0,"player_choice":"Gave Idol","damage_taken":0,"relics_obtained":["Bloody Idol"],"max_hp_gain":0,"max_hp_loss":0,"event_name":"Forgotten Altar","floor":22,"relics_lost":["Golden Idol"],"gold_loss":0},{"cards_removed":["ats:Strike V"],"damage_healed":0,"gold_gain":0,"player_choice":"Gave Gold","damage_taken":0,"max_hp_gain":0,"max_hp_loss":0,"event_name":"Beggar","floor":23,"gold_loss":75},{"cards_removed":["ats:Blood Oath"],"damage_healed":0,"gold_gain":0,"player_choice":"Removed Attack","damage_taken":0,"max_hp_gain":0,"max_hp_loss":0,"event_name":"Falling","floor":38,"gold_loss":0},{"damage_healed":0,"gold_gain":0,"player_choice":"Fight","damage_taken":0,"max_hp_gain":0,"max_hp_loss":0,"event_name":"MindBloom","floor":46,"gold_loss":0},{"damage_healed":0,"gold_gain":0,"player_choice":"Got Potions","damage_taken":0,"max_hp_gain":0,"max_hp_loss":0,"event_name":"Lab","floor":50,"gold_loss":0}],"is_beta":false,"boss_relics":[{"not_picked":["EE1DDrone","ShadowXiaoBlade"],"picked":"MagicMushroom"},{"not_picked":[]},{"not_picked":["Replay:Bronze Core","Cursed Key"],"picked":"FrostBlade"},{"not_picked":[]}],"items_purged_floors":[10,10,40],"is_endless":false,"potions_floor_spawned":[6,7,8,13,16,20,24,29,32,41,43,46,56],"ascension_level":0}}