{"host":"tmzq6unyecs2p367","time":1610644347,"event":{"mods":["BaseMod","Koishi","Minty Spire (QoL Compilation)","StSLib","The Bug Knight","The Dragon Tamer","The Juggle","The Senshi"],"gold_per_floor":[112,287,362,215,215,254,254,270,270,270,18,31,49,62,62,62,62,62],"floor_reached":16,"language":"ENG","playtime":730,"items_purged":["Doubt"],"score":120,"play_id":"0f88ad2c-6b61-42ef-b7bf-bc38234d4fc8","local_time":"20210114181227","is_ascension_mode":true,"metric_token":531,"campfire_choices":[{"data":"DTMod:FlameSlash","floor":7,"key":"SMITH"},{"data":"DTMod:Training","floor":15,"key":"SMITH"}],"dtmod_dragon_data":[0,50,-1,-1,0,0],"circlet_count":0,"master_deck":["DTMod:Strike","DTMod:Strike","DTMod:Strike","DTMod:Strike","DTMod:DoubleHit","DTMod:TargetDefense","DTMod:TargetDefense","DTMod:TargetDefense","DTMod:TargetDefense","DTMod:SwitchingTactic","DTMod:FlameSlash+1","DTMod:PurifyingFlame","DTMod:Overwhelm","DTMod:Training+1","DTMod:DarkBreath"],"relics":["SacredBark","Golden Idol","PreservedInsect","Meat on the Bone","theSenshi:FeatherClipsRelic","Kunai"],"acts_visited":["Exordium"],"potions_floor_usage":[13,16],"damage_taken":[{"damage":0,"enemies":"Jaw Worm","floor":1,"turns":5},{"damage":8,"enemies":"HollowMod:MossKnight","floor":6,"turns":24},{"damage":0,"enemies":"2 Louse","floor":8,"turns":2},{"damage":0,"enemies":"Cultist","floor":12,"turns":3},{"damage":3,"enemies":"Blue Slaver","floor":13,"turns":3},{"damage":0,"enemies":"Large Slime","floor":14,"turns":4},{"damage":46,"enemies":"Hexaghost","floor":16,"turns":11}],"seed_played":"-5408601222291766153","potions_obtained":[{"floor":8,"key":"GamblersBrew"},{"floor":14,"key":"Energy Potion"}],"is_trial":false,"path_per_floor":["M","?","?","$","?","E","R","M","T","?","$","M","M","M","R","B"],"character_chosen":"THE_DT","items_purchased":["DTMod:PurifyingFlame","Kunai"],"campfire_rested":0,"item_purchase_floors":[4,11],"current_hp_per_floor":[45,45,34,34,34,26,26,26,26,14,14,32,35,41,41,0,0,0],"gold":62,"neow_bonus":"BOSS_RELIC","is_daily":false,"chose_seed":false,"campfire_upgraded":2,"win_rate":0.0,"timestamp":1610644347,"path_taken":["M","?","?","$","?","E","R","M","T","?","$","M","M","M","R","BOSS"],"items_purchased_type":["Card","Relic"],"build_version":"2020-12-22","purchased_purges":1,"victory":false,"max_hp_per_floor":[45,45,45,45,42,42,42,42,42,42,42,42,42,42,42,42,42,42],"card_choices":[{"not_picked":["DTMod:BlazingStrike","DTMod:Hide"],"picked":"DTMod:FlameSlash","floor":1},{"not_picked":["DTMod:RecklessFlurry","DTMod:Coolant"],"picked":"DTMod:Overwhelm","floor":6},{"not_picked":["DTMod:MagicField","DTMod:Weaken","DTMod:Punisher"],"picked":"SKIP","floor":8},{"not_picked":["DTMod:QuickFly","DTMod:Multitask"],"picked":"DTMod:Training","floor":12},{"not_picked":["DTMod:Cover","DTMod:Weaken"],"picked":"DTMod:DarkBreath","floor":13},{"not_picked":["DTMod:Weaken","DTMod:Conduct","DTMod:MasterPlan"],"picked":"SKIP","floor":14}],"player_experience":1843454,"relics_obtained":[{"floor":6,"key":"PreservedInsect"},{"floor":9,"key":"Meat on the Bone"}],"event_choices":[{"damage_healed":0,"gold_gain":175,"player_choice":"AGREE","damage_taken":0,"max_hp_gain":0,"max_hp_loss":0,"event_name":"Liars Game","floor":2,"gold_loss":0,"cards_obtained":["Doubt"]},{"damage_healed":0,"gold_gain":75,"player_choice":"Gather Gold","damage_taken":11,"max_hp_gain":0,"max_hp_loss":0,"event_name":"World of Goop","floor":3,"gold_loss":0},{"damage_healed":0,"gold_gain":0,"player_choice":"Lose Max HP","damage_taken":0,"relics_obtained":["Golden Idol"],"max_hp_gain":0,"max_hp_loss":3,"event_name":"Golden Idol","floor":5,"gold_loss":0},{"damage_healed":0,"gold_gain":0,"player_choice":"Success","damage_taken":12,"relics_obtained":["theSenshi:FeatherClipsRelic"],"max_hp_gain":0,"max_hp_loss":0,"event_name":"Scrap Ooze","floor":10,"gold_loss":0}],"is_beta":false,"boss_relics":[],"items_purged_floors":[4],"is_endless":false,"potions_floor_spawned":[8,14],"killed_by":"Hexaghost","ascension_level":4}}