{"host":"leop","time":1610638696,"event":{"mods":["ATMod(°¢èªMod)","Act Like it!","BaseMod","GifTheSpireLib","Minty Spire (QoL Compilation)","MostiFishMod","Shop Mod","Spicy Shops","StSLib","TestMod","Yakumo Yukari mod","[IsaacMod]ÒÔÈö¼âËþ","noobMod","¡¾¹¦ÄÜMod¡¿»ìãçÖ®»·ÐÞ¸´²¹¶¡","¡¾ÒÅÎï¿¨ÅÆ¡¿REMEMod"],"gold_per_floor":[130,174,174,204,243,243,313,344,370,436,25,25,126,167,167,291,291,944,944,1585,831,2119,2119,3429,3429,3502,4869,6139,7445,7445,8105,8105,8209,8209,8898,8956,9695,9120,10405,11177,11872,11401,11401,11456,11456,11456,11456,11573,11573,11623,11648,11648,11648,10542,11221,11296],"floor_reached":57,"language":"ZHS","playtime":3603,"items_purged":["Strike_B","Strike_B","Strike_B+1","Defend_B","Defend_B+1","Zap+1","Defend_B+1","Defend_B+1"],"score":3681,"play_id":"a0d3d63f-40eb-4633-bc84-062c8b070387","local_time":"20210114233816","is_ascension_mode":true,"campfire_choices":[{"data":"Defragment","floor":6.0,"key":"SMITH"},{"data":"AT_StudyProgram","floor":12.0,"key":"SMITH"},{"floor":15.0,"key":"RECALL"},{"data":"MostiFishMod:TalkingToTheRain","floor":23.0,"key":"SMITH"},{"data":"MostiFishMod:DeathFromBelow","floor":25.0,"key":"SMITH"},{"data":"Coolheaded","floor":32,"key":"SMITH"},{"data":"Skim","floor":45,"key":"SMITH"},{"floor":49,"key":"REST"},{"floor":53,"key":"REST"}],"circlet_count":0,"master_deck":["Dualcast+1","LessonLearned+1","Defragment+1","Rainbow+1","AT_EMC2+1","Chill+1","AT_ThunderBolt+1","AT_StudyProgram+1","MostiFishMod:LinkProtocol+1","MostiFishMod:DeathFromBelow+1","Meteor Strike+1","MostiFishMod:Prepare+1","Coolheaded+1","MostiFishMod:TalkingToTheRain+1","Glacier+1","MostiFishMod:Tomorrow+1","Capacitor+1","MostiFishMod:InterfaceCompatibility+1","MostiFishMod:FrostNova+1","MostiFishMod:WinterMarkForm+1","Skim+1","Storm+1","Amplify+1","Recycle+1"],"relics":["ice","testmod-TestBox","DaveBox","REME_ComplimentaryCards","AT_ATBox","HushsDoor","testmod-Prudence","SacredBark","SalivaCoin","SlaversCollar","SynthV:TestCard","Nunchaku","AT_MibuBalloonWealth","Matryoshka","Gambling Chip","Bag of Preparation","Odd Mushroom","Snecko Eye","DeathBook","GuppysHairball","ImprovedEquipment","Membership Card","Meat on the Bone","AT_ChloranthyRing","Regal Pillow","FrostBlade","SatanicBible","JudasShadow","MerchantsRug","TheAbacus","Lantern","testmod-Hope","Juzu Bracelet","Happy Flower","TimeFreeze","AnarchistCookbook","OrangePellets","testmod-D¨¦j¨¤vu","testmod-Justice","AT_TimeSand","Bottled Flame","Singing Bowl","MetatronsCube","Sling","testmod-TurbochargingSystem","CaptainsWheel","GnawedLeaf","TheBean","PillsDrop"],"acts_visited":["Exordium","TheCity","TheBeyond","TheEnding"],"potions_floor_usage":[48,56],"damage_taken":[{"damage":7.0,"enemies":"2 Louse","floor":1.0,"turns":3.0},{"damage":18.0,"enemies":"Small Slimes","floor":2.0,"turns":6.0},{"damage":12.0,"enemies":"Cultist","floor":4.0,"turns":6.0},{"damage":21.0,"enemies":"Exordium Thugs","floor":5.0,"turns":5.0},{"damage":0.0,"enemies":"3 Sentries","floor":8.0,"turns":12.0},{"damage":0.0,"enemies":"Lagavulin","floor":10.0,"turns":11.0},{"damage":0.0,"enemies":"The Mushroom Lair","floor":13.0,"turns":4.0},{"damage":0.0,"enemies":"Red Slaver","floor":14.0,"turns":4.0},{"damage":18.0,"enemies":"Hexaghost","floor":16.0,"turns":7.0},{"damage":10.0,"enemies":"Chosen","floor":18.0,"turns":5.0},{"damage":0.0,"enemies":"Spheric Guardian","floor":20.0,"turns":1.0},{"damage":0.0,"enemies":"3 Cultists","floor":22.0,"turns":4.0},{"damage":0.0,"enemies":"Slavers","floor":24.0,"turns":3.0},{"damage":4.0,"enemies":"Gremlin Leader","floor":27.0,"turns":4.0},{"damage":0.0,"enemies":"Chosen and Byrds","floor":28.0,"turns":3.0},{"damage":0.0,"enemies":"Slavers","floor":29.0,"turns":3.0},{"damage":0,"enemies":"Centurion and Healer","floor":31,"turns":3},{"damage":0,"enemies":"Champ","floor":33,"turns":5},{"damage":0,"enemies":"3 Shapes","floor":35,"turns":3},{"damage":0,"enemies":"3 Darklings","floor":37,"turns":4},{"damage":0,"enemies":"Sphere and 2 Shapes","floor":39,"turns":3},{"damage":9,"enemies":"Reptomancer","floor":40,"turns":4},{"damage":0,"enemies":"Jaw Worm Horde","floor":41,"turns":3},{"damage":0,"enemies":"Giant Head","floor":44,"turns":1},{"damage":0,"enemies":"Giant Head","floor":48,"turns":3},{"damage":0,"enemies":"Donu and Deca","floor":50,"turns":3},{"damage":0,"enemies":"Time Eater","floor":51,"turns":3},{"damage":0,"enemies":"Shield and Spear","floor":55,"turns":1},{"damage":0,"enemies":"Delirium","floor":56,"turns":2}],"seed_played":"-3307135547303588691","potions_obtained":[{"floor":4.0,"key":"AttackPotion"},{"floor":5.0,"key":"SkillPotion"},{"floor":14.0,"key":"LiquidMemories"},{"floor":18.0,"key":"REME_GoldPotion"}],"is_trial":false,"path_per_floor":["M","M","?","M","M","R","?","E","T","E","$","R","?","M","R","B",null,"M","?","M","$","M","R","E","R","T","E","M","E","?","M","R","B",null,"M","?","M","$","M","E","M","$","T","E","R","?","?","?","R","B","B",null,"R","$","E","B",null],"character_chosen":"DEFECT","items_purchased":["Gambling Chip","Bag of Preparation","AT_StudyProgram","Meteor Strike","MostiFishMod:Prepare","DeathBook","GuppysHairball","FairyPotion","ImprovedEquipment","Membership Card","Meat on the Bone","MostiFishMod:TalkingToTheRain","SatanicBible","JudasShadow","Skim","MerchantsRug","TheAbacus","Lantern","testmod-Hope","Juzu Bracelet","Happy Flower","TimeFreeze","OrangePellets","testmod-D¨¦j¨¤vu","testmod-Justice","MetatronsCube","Sling","testmod-TurbochargingSystem","CaptainsWheel","GnawedLeaf","TheBean","FocusPotion"],"campfire_rested":2,"item_purchase_floors":[11,11,11,17,17,17,17,17,21,21,21,21,34,34,34,38,38,38,38,38,38,38,42,42,42,54,54,54,54,54,54,54],"current_hp_per_floor":[57,39,39,27,65,65,50,50,50,50,50,50,50,50,50,32,61,51,51,51,51,51,51,51,51,51,47,47,47,47,47,47,47,53,53,38,38,38,38,29,29,29,29,31,31,31,31,59,59,59,59,59,59,59,61,61],"gold":11296,"neow_bonus":"BOSS_RELIC","is_daily":false,"chose_seed":false,"campfire_upgraded":6,"win_rate":0.0,"timestamp":1610638696,"path_taken":["M","M","?","?","M","R","?","E","T","E","$","R","?","M","R","BOSS","M","?","M","$","M","R","E","R","T","E","M","E","?","?","R","BOSS","M","?","M","$","M","E","M","$","T","E","R","?","?","?","R","BOSS","BOSS","R","$","E","BOSS"],"items_purchased_type":["Relic","Relic","Card","Card","Card","Relic","Relic","Potion","Relic","Relic","Relic","Card","Relic","Relic","Card","Relic","Relic","Relic","Relic","Relic","Relic","Relic","Relic","Relic","Relic","Relic","Relic","Relic","Relic","Relic","Relic","Potion"],"build_version":"2020-12-18","purchased_purges":8,"victory":true,"max_hp_per_floor":[71,71,71,71,73,73,73,87,87,93,93,93,96,98,98,108,71,73,73,73,73,76,76,78,78,78,84,84,87,87,87,87,87,55,55,55,55,55,55,55,55,55,55,57,57,57,57,59,59,59,59,59,59,59,61,61],"card_choices":[{"not_picked":["Compile Driver","Sweeping Beam","Barrage"],"picked":"SKIP","floor":1.0},{"not_picked":["Compile Driver","Redo","Barrage","Coolheaded"],"picked":"Defragment","floor":2.0},{"not_picked":["Force Field","Turbo","Fusion","Rebound"],"picked":"AT_EMC2","floor":4.0},{"not_picked":["Amplify","REME_SelfUpgrade","Rip and Tear","Chaos"],"picked":"Chill","floor":5.0},{"not_picked":["Genetic Algorithm","Scrape","REME_Whirling","Doom and Gloom"],"picked":"AT_ThunderBolt","floor":8.0},{"not_picked":["Scrape","Cold Snap","Hello World","Rebound","Barrage"],"picked":"SKIP","floor":10.0},{"not_picked":["Hologram","Redo","Cold Snap","MostiFishMod:PushDownKick"],"picked":"MostiFishMod:LinkProtocol","floor":14.0},{"not_picked":["Buffer","Amplify","MostiFishMod:Overload","MostiFishMod:Hijack"],"picked":"MostiFishMod:DeathFromBelow","floor":16.0},{"not_picked":["Turbo","Steam Power","Undo","Compile Driver"],"picked":"Coolheaded","floor":18.0},{"not_picked":["Turbo","Go for the Eyes+1","AT_HeatAcrobatics","MostiFishMod:PushDownKick","Chaos"],"picked":"SKIP","floor":20.0},{"not_picked":["Turbo","Go for the Eyes+1","AT_HeatAcrobatics","MostiFishMod:PushDownKick","Chaos"],"picked":"SKIP","floor":20.0},{"not_picked":["Sweeping Beam","Stack","REME_Whirling","Ball Lightning","Turbo"],"picked":"SKIP","floor":22.0},{"not_picked":["AT_EMC2","Multi-Cast","Hologram","Hello World"],"picked":"Glacier","floor":24.0},{"not_picked":["AT_EMC2","Leap","Redo","Gash","Ball Lightning"],"picked":"SKIP","floor":27.0},{"not_picked":["Streamline","REME_Whirling","Reinforced Body","Barrage","Storm+1"],"picked":"SKIP","floor":28.0},{"not_picked":["AT_ThunderBolt","Conserve Battery","AT_StudyProgram","Ball Lightning"],"picked":"MostiFishMod:Tomorrow","floor":29.0},{"not_picked":["Gash","MostiFishMod:FluxCapactior","Barrage","Hologram","Sweeping Beam"],"picked":"SKIP","floor":31},{"not_picked":["REME_Shoggoth","Amplify","Fission","MostiFishMod:StarOceanB"],"picked":"MostiFishMod:InterfaceCompatibility","floor":33},{"not_picked":["Rebound","Cold Snap","Consume","Stack"],"picked":"Storm+1","floor":35},{"not_picked":["Leap+1","Coolheaded","Streamline","Go for the Eyes","Reprogram+1"],"picked":"SKIP","floor":37},{"not_picked":["Fan","Cold Snap+1","Genetic Algorithm","Leap","Doom and Gloom+1"],"picked":"SKIP","floor":39},{"not_picked":["Gash","Aggregate","Distribution","Doom and Gloom"],"picked":"Amplify","floor":40},{"not_picked":["Hologram","Chill","Gash","Steam"],"picked":"Recycle+1","floor":41},{"not_picked":["Steam+1","Undo","REME_SelfUpgrade+1","Gash","Barrage"],"picked":"Singing Bowl","floor":44},{"not_picked":["Barrage","Streamline+1","AT_RobotInSpace","Compile Driver+1","Leap+1"],"picked":"Singing Bowl","floor":48},{"not_picked":["Ball Lightning","MostiFishMod:Impulse","Cold Snap+1","MostiFishMod:Overload","Chill"],"picked":"Singing Bowl","floor":55}],"player_experience":1070359,"relics_obtained":[{"floor":1.0,"key":"SynthV:TestCard"},{"floor":8.0,"key":"Nunchaku"},{"floor":9.0,"key":"AT_MibuBalloonWealth"},{"floor":10.0,"key":"Matryoshka"},{"floor":13.0,"key":"Odd Mushroom"},{"floor":24.0,"key":"AT_LudenTempest"},{"floor":26.0,"key":"AT_ChloranthyRing"},{"floor":27.0,"key":"Regal Pillow"},{"floor":29.0,"key":"Bronze Scales"},{"floor":40,"key":"AnarchistCookbook"},{"floor":43,"key":"AT_TimeSand"},{"floor":43,"key":"Bottled Flame"},{"floor":44,"key":"Singing Bowl"},{"floor":55,"key":"PillsDrop"}],"event_choices":[{"damage_healed":0.0,"max_hp_gain":0.0,"max_hp_loss":0.0,"gold_gain":0.0,"cards_transformed":["Strike_B"],"event_name":"Living Wall","player_choice":"Change","floor":3.0,"gold_loss":0.0,"damage_taken":0.0,"cards_obtained":["Rainbow"]},{"damage_healed":0.0,"max_hp_gain":0.0,"max_hp_loss":0.0,"gold_gain":0.0,"event_name":"Mushrooms","player_choice":"Fought Mushrooms","floor":13.0,"gold_loss":0.0,"damage_taken":0.0},{"damage_healed":0.0,"max_hp_gain":0.0,"max_hp_loss":0.0,"gold_gain":0.0,"event_name":"Vampires","player_choice":"Ignored","floor":19.0,"gold_loss":0.0,"damage_taken":0.0},{"damage_healed":0.0,"max_hp_gain":0.0,"max_hp_loss":0.0,"gold_gain":0.0,"event_name":"The Library","player_choice":"Read","floor":30.0,"gold_loss":0.0,"damage_taken":0.0,"cards_obtained":["Capacitor"]},{"damage_healed":0,"gold_gain":0,"player_choice":"Ignored","damage_taken":0,"max_hp_gain":0,"max_hp_loss":0,"event_name":"Tomb of Lord Red Mask","floor":46,"gold_loss":0},{"damage_healed":0,"gold_gain":0,"player_choice":"Got Potions","damage_taken":0,"max_hp_gain":0,"max_hp_loss":0,"event_name":"Lab","floor":47,"gold_loss":0}],"is_beta":true,"boss_relics":[{"not_picked":["testmod-NegativeEmotionEnhancer","Coffee Dripper"],"picked":"Snecko Eye"},{"not_picked":[]},{"not_picked":["Busted Crown","testmod-CardMagician"],"picked":"FrostBlade"},{"not_picked":[]}],"items_purged_floors":[17,21,21,34,38,42,42,54],"is_endless":false,"potions_floor_spawned":[1,4,5,14,18,20,29,33,37,41,48],"ascension_level":20}}