{"host":"g2v9yifwdrisoopr","time":1610651614,"event":{"mods":["2.2 Compatiblity","AchievementEnabler","Aspiration","BaseMod","Card Forge","Colored Map","Colored Powertips","Conspire","Downfall","GifTheSpireLib","Halation","Hermit","Highlight Path","Infinite Spire","Minty Spire (QoL Compilation)","Replay The Spire","Retaliation","Shop Mod","Somnambulant","Spicy Shops","Spikes Relics","StSLib","Strawberry Spire","Stuff the Spire","The Bladedancer","The Cursed","Transform Curses","vexMod","??????REMEMod"],"gold_per_floor":[110,110,125,169,169,208,238,238,238,81,81,256,270,270,270,270,270],"floor_reached":16,"language":"ENG","playtime":533,"items_purged":[],"score":206,"play_id":"6f7f8257-cb9b-4fab-b2ea-1ba9a76bbe15","local_time":"20210114201334","daily_mods":["Allstar","Heirloom","Time Dilation","Flight","downfall:Jewelcrafting","downfall:Lament"],"is_ascension_mode":false,"campfire_choices":[{"floor":15,"key":"DIG"}],"circlet_count":0,"master_deck":["somnambulantmod: SomnambulantStrike","somnambulantmod: SomnambulantStrike","somnambulantmod: SomnambulantStrike","somnambulantmod: SomnambulantStrike","somnambulantmod: SomnambulantStrike","somnambulantmod: Defend_Somnambulant","somnambulantmod: Defend_Somnambulant","somnambulantmod: Defend_Somnambulant","somnambulantmod: Defend_Somnambulant","somnambulantmod: Defend_Somnambulant","somnambulantmod: QuickNap","somnambulantmod: PrimingPunch","Guardian:ExploitGems","Guardian:ExploitGems","Violence","Replay:SS_fish_2","expansioncontent:Hexaburn","Feint","expansioncontent:PolyBeam","somnambulantmod: Blink","somnambulantmod: BadIdea","ReplayTheSpireMod:Splinters","somnambulantmod: SnuggleUp","somnambulantmod: AllForNothing","somnambulantmod: Harden","Regret","Replay:UnknownCurse","Injury","Doubt","somnambulantmod: DarkeningMind","Replay:UnknownCurse"],"relics":["somnambulantmod: DreamJournal","Hammer of Thor","Seething Fire","Anvil of the Gods","REME_ComplimentaryCards","Guardian:PickAxe","NeowsBlessing","Incense Burner","REME_PuzzleBoxRelic","Chameleon Ring","strawberrySpire:TinySteamboat","StuffTheSpire:RedRose","CaptainsWheel","ReplayTheSpireMod:CursedCoin","halation:PromiseList","Akabeko","Toxic Egg 2","infinitespire:Satchel"],"acts_visited":["Exordium"],"potions_floor_usage":[],"damage_taken":[{"damage":0,"enemies":"Cultist","floor":1,"turns":1},{"damage":0,"enemies":"Small Slimes","floor":3,"turns":1},{"damage":1,"enemies":"3 Sentries","floor":6,"turns":2},{"damage":10,"enemies":"Lagavulin","floor":7,"turns":4},{"damage":9,"enemies":"Jaw Worm","floor":13,"turns":2},{"damage":0,"enemies":"Slime Boss","floor":16,"turns":1}],"seed_played":"-1712049060209008837","potions_obtained":[{"floor":3,"key":"Languid Potion"},{"floor":4,"key":"CultistPotion"},{"floor":6,"key":"SmokeBomb"}],"is_trial":true,"path_per_floor":["M","$","M","?","?","E","E","?","T","$","?","?","M","?","R_BF","B"],"character_chosen":"THE_SOMNAMBULANT","items_purchased":["ReplayTheSpireMod:CursedCoin","halation:PromiseList","Akabeko"],"campfire_rested":0,"item_purchase_floors":[10,10,10],"current_hp_per_floor":[70,70,70,70,70,69,59,59,59,59,59,59,50,43,43,43,43],"gold":270,"neow_bonus":"","is_daily":false,"chose_seed":false,"campfire_upgraded":0,"win_rate":0.0,"timestamp":1610651614,"path_taken":["M","?","?","?","?","E","E","?","T","?","?","?","?","?","R_BF","BOSS"],"items_purchased_type":["Relic","Relic","Relic"],"build_version":"2020-12-22","purchased_purges":0,"victory":false,"max_hp_per_floor":[70,70,70,70,70,70,70,70,70,70,70,70,70,70,70,70,70],"card_choices":[{"not_picked":["TheCursedMod:SoulReap","TheCursedMod:SpitefulPray"],"picked":"somnambulantmod: Blink","floor":1},{"not_picked":["TheCursedMod:CursedAmulet","somnambulantmod: TrepanningBlow"],"picked":"somnambulantmod: BadIdea","floor":3},{"not_picked":["somnambulantmod: Remember","TheCursedMod:DoubleShield"],"picked":"somnambulantmod: SnuggleUp","floor":4},{"not_picked":["TheCursedMod:HellsGateOpen","somnambulantmod: HeadSmack"],"picked":"somnambulantmod: AllForNothing","floor":6},{"not_picked":["TheCursedMod:TroublousMinions","TheCursedMod:HellsGateOpen"],"picked":"somnambulantmod: Harden","floor":7},{"not_picked":["somnambulantmod: Trauma","TheCursedMod:Obscuration+1"],"picked":"somnambulantmod: DarkeningMind","floor":13}],"player_experience":115359,"relics_obtained":[{"floor":4,"key":"REME_PuzzleBoxRelic"},{"floor":6,"key":"Chameleon Ring"},{"floor":7,"key":"strawberrySpire:TinySteamboat"},{"floor":9,"key":"CaptainsWheel"},{"floor":15,"key":"infinitespire:Satchel"}],"event_choices":[{"damage_healed":0,"gold_gain":0,"player_choice":"Disagree","damage_taken":0,"max_hp_gain":0,"max_hp_loss":0,"event_name":"conspire:LoneGhost","floor":5,"gold_loss":0},{"damage_healed":0,"gold_gain":175,"player_choice":"AGREE","damage_taken":0,"max_hp_gain":0,"max_hp_loss":0,"event_name":"Liars Game","floor":12,"gold_loss":0,"cards_obtained":["Doubt"]}],"is_beta":false,"boss_relics":[],"items_purged_floors":[],"is_endless":false,"potions_floor_spawned":[3,6,7],"killed_by":"Slime Boss","ascension_level":0}}