{"host":"dztixnx9b0gu6w9i","time":1610657423,"event":{"mods":["BaseMod","Bestiary","Minty Spire (QoL Compilation)","Relic Stats","Slay the Relics Exporter","SpireBot","ojb\u0027s Better Paths Mod","ojb\u0027s Info Mod"],"gold_per_floor":[113,133,1,1,14,14,39,39,39,60,101,176,176,197,197,293,293,308,348,348,5,21,65,65,105,130,164,5,30,71,71,71,164,164,177,177,57,81,107,107,140,158,210,223,261,277,290,331,331,331,331,331,331,27,58,58],"floor_reached":57,"language":"ENG","playtime":10427,"items_purged":["Strike_G"],"score":2906,"play_id":"8d4cf548-b60d-4d81-87de-40c51323b78e","local_time":"20210114155023","is_ascension_mode":true,"campfire_choices":[{"data":"Sucker Punch","floor":6,"key":"SMITH"},{"data":"Dagger Spray","floor":13,"key":"SMITH"},{"floor":15,"key":"REST"},{"data":"Wraith Form v2","floor":24,"key":"SMITH"},{"floor":32,"key":"REST"},{"floor":40,"key":"RECALL"},{"floor":49,"key":"REST"},{"floor":53,"key":"REST"}],"circlet_count":0,"master_deck":["AscendersBane","Strike_G","Strike_G","Strike_G","Defend_G","Defend_G","Defend_G","Defend_G","Defend_G","Survivor","Neutralize","Slice","Dagger Spray+1","Sucker Punch+1","Cloak And Dagger","Bouncing Flask+1","All Out Attack","Backflip","Wraith Form v2+1","Cloak And Dagger+1","Acrobatics+1","Dash","Leg Sweep","Backflip+1","Backflip","Envenom","Dash","Apotheosis","Venomology","Well Laid Plans","Dash","Tools of the Trade","Blade Dance","PiercingWail","Flechettes+1"],"relics":["Ring of the Snake","Potion Belt","Singing Bowl","Golden Idol","Nunchaku","Bag of Marbles","Snecko Eye","Red Mask","Eternal Feather","Blue Candle","The Courier","PreservedInsect","Smiling Mask","Anchor","Fusion Hammer","Kunai","Vajra","Mercury Hourglass","Blood Vial","Membership Card","Oddly Smooth Stone","Art of War","Centennial Puzzle"],"acts_visited":["Exordium","TheCity","TheBeyond","TheEnding"],"potions_floor_usage":[7,11,11,16,16,16,18,23,25,35,38,38,45,50,55,56,56,56,56],"damage_taken":[{"damage":5,"enemies":"Cultist","floor":1,"turns":5},{"damage":0,"enemies":"2 Louse","floor":2,"turns":4},{"damage":7,"enemies":"Jaw Worm","floor":5,"turns":4},{"damage":8,"enemies":"Gremlin Nob","floor":7,"turns":3},{"damage":10,"enemies":"Exordium Wildlife","floor":10,"turns":7},{"damage":5,"enemies":"Lagavulin","floor":11,"turns":6},{"damage":0,"enemies":"Looter","floor":14,"turns":2},{"damage":13,"enemies":"Slime Boss","floor":16,"turns":7},{"damage":18,"enemies":"Shell Parasite","floor":18,"turns":7},{"damage":0,"enemies":"Masked Bandits","floor":19,"turns":1},{"damage":5,"enemies":"2 Thieves","floor":22,"turns":5},{"damage":14,"enemies":"Gremlin Leader","floor":23,"turns":6},{"damage":1,"enemies":"Slavers","floor":25,"turns":6},{"damage":1,"enemies":"Book of Stabbing","floor":27,"turns":6},{"damage":0,"enemies":"Snake Plant","floor":29,"turns":3},{"damage":5,"enemies":"Gremlin Leader","floor":30,"turns":6},{"damage":22,"enemies":"Automaton","floor":33,"turns":11},{"damage":0,"enemies":"3 Shapes","floor":35,"turns":3},{"damage":6,"enemies":"3 Darklings","floor":38,"turns":7},{"damage":0,"enemies":"Nemesis","floor":41,"turns":7},{"damage":0,"enemies":"Writhing Mass","floor":42,"turns":8},{"damage":0,"enemies":"Sphere and 2 Shapes","floor":44,"turns":5},{"damage":8,"enemies":"Reptomancer","floor":45,"turns":7},{"damage":0,"enemies":"Jaw Worm Horde","floor":46,"turns":5},{"damage":1,"enemies":"Maw","floor":47,"turns":7},{"damage":0,"enemies":"Giant Head","floor":48,"turns":7},{"damage":19,"enemies":"Donu and Deca","floor":50,"turns":12},{"damage":14,"enemies":"Time Eater","floor":51,"turns":16},{"damage":50,"enemies":"Shield and Spear","floor":55,"turns":10},{"damage":18,"enemies":"The Heart","floor":56,"turns":11}],"seed_played":"-1113962202100501596","potions_obtained":[{"floor":2,"key":"DuplicationPotion"},{"floor":5,"key":"FearPotion"},{"floor":7,"key":"PowerPotion"},{"floor":10,"key":"DuplicationPotion"},{"floor":22,"key":"Strength Potion"},{"floor":23,"key":"Strength Potion"},{"floor":27,"key":"Energy Potion"},{"floor":29,"key":"Regen Potion"},{"floor":38,"key":"Swift Potion"},{"floor":42,"key":"Energy Potion"},{"floor":46,"key":"LiquidMemories"}],"is_trial":false,"path_per_floor":["M","M","$","?","M","R","E","?","T","M","E","?","R","M","R","B",null,"M","?","?","$","M","E","R","E","T","E","$","M","E","?","R","B",null,"M","?","$","M","T","R","E","M","T","M","E","M","M","E","R","B","B",null,"R","$","E","B",null],"character_chosen":"THE_SILENT","items_purchased":["EntropicBrew","Sucker Punch","Leg Sweep","Eternal Feather","Apotheosis","Well Laid Plans","Membership Card","Oddly Smooth Stone","Art of War","CultistPotion"],"campfire_rested":4,"item_purchase_floors":[3,3,21,21,28,37,54,54,54,54],"current_hp_per_floor":[54,54,54,47,40,40,32,32,32,24,19,8,8,8,26,13,50,32,32,32,32,27,13,28,27,27,26,26,28,25,7,43,21,59,61,61,61,72,72,75,75,77,77,79,71,73,72,72,81,62,50,73,81,81,31,15],"gold":58,"neow_bonus":"RANDOM_COMMON_RELIC","is_daily":false,"chose_seed":false,"campfire_upgraded":3,"win_rate":0.0,"timestamp":1610657423,"path_taken":["M","?","$","?","M","R","E","?","T","M","E","?","R","M","R","BOSS","M","?","?","$","M","E","R","E","T","E","?","M","E","?","R","BOSS","M","?","$","?","?","R","E","M","T","M","E","M","M","E","R","BOSS","BOSS","R","$","E","BOSS"],"items_purchased_type":["Potion","Card","Card","Relic","Card","Card","Relic","Relic","Relic","Potion"],"build_version":"2020-12-22","purchased_purges":1,"victory":true,"max_hp_per_floor":[66,66,66,66,66,66,66,60,60,62,62,62,62,62,62,62,62,62,62,62,62,62,62,62,62,62,62,62,64,66,71,71,71,71,73,73,73,75,75,75,75,77,77,79,79,81,81,81,81,81,81,81,81,81,81,81],"relic_stats":{"Singing Bowl":16,"counters":[30,193],"Golden Idol":213,"Blue Candle":[0],"Eternal Feather":50,"PreservedInsect":409,"Smiling Mask":10,"Mercury Hourglass":[160],"Blood Vial":4,"Nunchaku":[46],"Centennial Puzzle":[3],"Snecko Eye":[354,316,317,300],"Art of War":[4],"Kunai":[62],"obtain_stats":[{"Potion Belt":0,"Singing Bowl":7,"Golden Idol":8,"Blue Candle":23,"Vajra":43,"Oddly Smooth Stone":54,"Eternal Feather":21,"The Courier":25,"PreservedInsect":26,"Smiling Mask":27,"Mercury Hourglass":45,"Blood Vial":48,"Nunchaku":9,"Anchor":30,"Centennial Puzzle":55,"Snecko Eye":17,"Fusion Hammer":34,"Bag of Marbles":11,"Red Mask":19,"Art of War":54,"Kunai":41,"Membership Card":54,"Ring of the Snake":0},{"Potion Belt":0,"Singing Bowl":4,"Golden Idol":4,"Blue Candle":12,"Vajra":21,"Oddly Smooth Stone":28,"Eternal Feather":10,"The Courier":13,"PreservedInsect":13,"Smiling Mask":14,"Mercury Hourglass":23,"Blood Vial":26,"Nunchaku":4,"Anchor":16,"Centennial Puzzle":29,"Snecko Eye":8,"Fusion Hammer":17,"Bag of Marbles":6,"Red Mask":10,"Art of War":28,"Kunai":20,"Membership Card":28,"Ring of the Snake":0},{"Potion Belt":0,"Singing Bowl":16,"Golden Idol":16,"Blue Candle":57,"Vajra":114,"Oddly Smooth Stone":172,"Eternal Feather":46,"The Courier":63,"PreservedInsect":63,"Smiling Mask":69,"Mercury Hourglass":126,"Blood Vial":144,"Nunchaku":16,"Anchor":78,"Centennial Puzzle":182,"Snecko Eye":38,"Fusion Hammer":89,"Bag of Marbles":29,"Red Mask":46,"Art of War":172,"Kunai":106,"Membership Card":172,"Ring of the Snake":0}],"Ring of the Snake":[60]},"card_choices":[{"not_picked":["Quick Slash","Tactician"],"picked":"Slice","floor":1},{"not_picked":["Tactician","Sucker Punch"],"picked":"Dagger Spray","floor":2},{"not_picked":["Finisher","Distraction"],"picked":"Cloak And Dagger","floor":5},{"not_picked":["Phantasmal Killer","Riddle With Holes"],"picked":"Bouncing Flask","floor":7},{"not_picked":["Tactician","Dodge and Roll","Flying Knee"],"picked":"Singing Bowl","floor":10},{"not_picked":["Choke","Outmaneuver"],"picked":"All Out Attack","floor":11},{"not_picked":["Underhanded Strike","Bane"],"picked":"Backflip","floor":14},{"not_picked":["Burst","Die Die Die"],"picked":"Wraith Form v2","floor":16},{"not_picked":["Caltrops","Blade Dance"],"picked":"Cloak And Dagger+1","floor":18},{"not_picked":["Blur","Dodge and Roll"],"picked":"Acrobatics+1","floor":19},{"not_picked":["Acrobatics","Cloak And Dagger"],"picked":"Backflip+1","floor":22},{"not_picked":["Distraction","All Out Attack"],"picked":"Backflip","floor":23},{"not_picked":["Leg Sweep","PiercingWail"],"picked":"Envenom","floor":25},{"not_picked":["Backflip","Calculated Gamble"],"picked":"Dash","floor":27},{"not_picked":["Backstab","Underhanded Strike","Bane"],"picked":"Singing Bowl","floor":29},{"not_picked":["Flying Knee","Bane","All Out Attack"],"picked":"Singing Bowl","floor":30},{"not_picked":["Die Die Die","Unload"],"picked":"Venomology","floor":33},{"not_picked":["Caltrops","Prepared","Dagger Spray"],"picked":"Singing Bowl","floor":35},{"not_picked":["Skewer","Finisher","Deadly Poison"],"picked":"Singing Bowl","floor":38},{"not_picked":["Well Laid Plans","Skewer"],"picked":"Dash","floor":41},{"not_picked":["Underhanded Strike","Deflect","Quick Slash"],"picked":"Singing Bowl","floor":42},{"not_picked":["Acrobatics","Distraction","Eviscerate"],"picked":"Singing Bowl","floor":44},{"not_picked":["Underhanded Strike+1","Poisoned Stab+1"],"picked":"Tools of the Trade","floor":45},{"not_picked":["Accuracy","Dodge and Roll","Heel Hook"],"picked":"Singing Bowl","floor":46},{"not_picked":["Dodge and Roll","Dagger Throw"],"picked":"Blade Dance","floor":47},{"not_picked":["Terror","Flying Knee"],"picked":"PiercingWail","floor":48},{"not_picked":["Outmaneuver","Dagger Spray+1"],"picked":"Flechettes+1","floor":55}],"player_experience":8142672,"relics_obtained":[{"floor":7,"key":"Singing Bowl"},{"floor":9,"key":"Nunchaku"},{"floor":11,"key":"Bag of Marbles"},{"floor":19,"key":"Red Mask"},{"floor":23,"key":"Blue Candle"},{"floor":25,"key":"The Courier"},{"floor":26,"key":"PreservedInsect"},{"floor":27,"key":"Smiling Mask"},{"floor":30,"key":"Anchor"},{"floor":41,"key":"Kunai"},{"floor":43,"key":"Vajra"},{"floor":45,"key":"Mercury Hourglass"},{"floor":48,"key":"Blood Vial"},{"floor":55,"key":"Centennial Puzzle"}],"event_choices":[{"cards_removed":["Strike_G"],"damage_healed":0,"gold_gain":0,"player_choice":"Card Removal","damage_taken":7,"max_hp_gain":0,"max_hp_loss":0,"event_name":"Golden Wing","floor":4,"gold_loss":0},{"damage_healed":0,"gold_gain":0,"player_choice":"Lose Max HP","damage_taken":0,"relics_obtained":["Golden Idol"],"max_hp_gain":0,"max_hp_loss":6,"event_name":"Golden Idol","floor":8,"gold_loss":0},{"damage_healed":0,"gold_gain":75,"player_choice":"Gather Gold","damage_taken":11,"max_hp_gain":0,"max_hp_loss":0,"event_name":"World of Goop","floor":12,"gold_loss":0},{"damage_healed":0,"gold_gain":0,"player_choice":"Fought Bandits","damage_taken":0,"max_hp_gain":0,"max_hp_loss":0,"event_name":"Masked Bandits","floor":19,"gold_loss":0},{"damage_healed":0,"gold_gain":0,"player_choice":"Read","damage_taken":0,"max_hp_gain":0,"max_hp_loss":0,"event_name":"The Library","floor":20,"gold_loss":0,"cards_obtained":["Dash"]},{"damage_healed":0,"gold_gain":0,"player_choice":"Shed Blood","damage_taken":23,"max_hp_gain":5,"max_hp_loss":0,"event_name":"Forgotten Altar","floor":31,"gold_loss":0},{"damage_healed":0,"gold_gain":0,"player_choice":"Forge","damage_taken":0,"max_hp_gain":0,"max_hp_loss":0,"event_name":"Accursed Blacksmith","floor":36,"gold_loss":0,"cards_upgraded":["Bouncing Flask"]}],"is_beta":false,"boss_relics":[{"not_picked":["Tiny House","HoveringKite"],"picked":"Snecko Eye"},{"not_picked":["Astrolabe","Philosopher\u0027s Stone"],"picked":"Fusion Hammer"}],"items_purged_floors":[37],"is_endless":false,"potions_floor_spawned":[2,5,7,10,22,23,27,29,38,42,46,48,55],"ascension_level":20}}