{"host":"utcbn1j9ebmpc40m","time":1610662817,"event":{"mods":["BaseMod","Better Altar","Better Match","GifTheSpireLib","Minty Spire (QoL Compilation)","Poor People Problems","StSLib","SuperFastMode","The IronCluck","The Servant 0.9.4"],"gold_per_floor":[110,285,298,63,74,106,106,134,134,64,64,64,79,96,96,198,198,210,227,245,245,260,260,260,260,284,296,313,313,238,282,282,282,282],"floor_reached":33,"language":"ENG","playtime":727,"items_purged":["Doubt"],"score":416,"play_id":"7a0953a0-9df0-46cd-89db-63134d14e2eb","local_time":"20210114172017","is_ascension_mode":true,"campfire_choices":[{"floor":7,"key":"REST"},{"floor":15,"key":"REST"},{"floor":23,"key":"REST"},{"floor":29,"key":"REST"},{"floor":32,"key":"REST"}],"circlet_count":0,"master_deck":["AscendersBane","Strike_R","Strike_R","Strike_R","Defend_R","Defend_R","Defend_R","Defend_R","Carnage","Impervious","Feel No Pain","Power Through","Sever Soul","Juggernaut+1","Body Slam+1","Dark Embrace+1","Fiend Fire","Body Slam+1","True Grit","Cleave+1","Feel No Pain+1","Rampage","Headbutt+1","Spot Weakness+1"],"relics":["Burning Blood","NeowsBlessing","MealTicket","Frozen Egg 2","Akabeko","Blue Candle","Cursed Key","Art of War","CeramicFish"],"acts_visited":["Exordium","TheCity"],"potions_floor_usage":[8,16,16,22,22,31,33],"damage_taken":[{"damage":0,"enemies":"2 Louse","floor":1,"turns":1},{"damage":0,"enemies":"Small Slimes","floor":3,"turns":1},{"damage":0,"enemies":"Jaw Worm","floor":5,"turns":1},{"damage":38,"enemies":"3 Sentries","floor":6,"turns":11},{"damage":5,"enemies":"Gremlin Nob","floor":8,"turns":5},{"damage":14,"enemies":"Red Slaver","floor":13,"turns":3},{"damage":1,"enemies":"2 Fungi Beasts","floor":14,"turns":4},{"damage":63,"enemies":"Slime Boss","floor":16,"turns":14},{"damage":14,"enemies":"3 Byrds","floor":18,"turns":4},{"damage":28,"enemies":"Spheric Guardian","floor":19,"turns":6},{"damage":28,"enemies":"Chosen and Byrds","floor":20,"turns":5},{"damage":39,"enemies":"3 Cultists","floor":22,"turns":6},{"damage":1,"enemies":"Snecko","floor":27,"turns":2},{"damage":18,"enemies":"Cultist and Chosen","floor":28,"turns":5},{"damage":25,"enemies":"Slavers","floor":31,"turns":4},{"damage":66,"enemies":"Collector","floor":33,"turns":5}],"seed_played":"2590528578723412002","potions_obtained":[{"floor":6,"key":"PowerPotion"},{"floor":8,"key":"ElixirPotion"},{"floor":13,"key":"SpeedPotion"},{"floor":14,"key":"DuplicationPotion"},{"floor":16,"key":"Dexterity Potion"},{"floor":18,"key":"Weak Potion"},{"floor":27,"key":"SpeedPotion"},{"floor":28,"key":"SkillPotion"}],"is_trial":false,"path_per_floor":["M","?","M","$","M","E","R","E","T","$","?","?","M","M","R","B",null,"M","M","M","?","M","R","?","?","T","M","M","R","?","E","R","B"],"character_chosen":"IRONCLAD","items_purchased":["Impervious","Juggernaut+1"],"campfire_rested":5,"item_purchase_floors":[4,10],"current_hp_per_floor":[78,78,80,80,80,48,72,73,73,80,73,70,62,67,80,23,66,58,36,14,40,7,31,31,31,31,36,24,48,48,29,53,0,0],"gold":282,"neow_bonus":"THREE_ENEMY_KILL","is_daily":false,"chose_seed":false,"campfire_upgraded":0,"win_rate":0.0,"timestamp":1610662817,"path_taken":["M","?","M","$","M","E","R","E","T","$","?","?","M","M","R","BOSS","M","M","M","?","M","R","?","?","T","?","M","R","?","E","R","BOSS"],"items_purchased_type":["Card","Card"],"build_version":"2020-12-22","purchased_purges":1,"victory":false,"max_hp_per_floor":[80,80,80,80,80,80,80,80,80,80,80,80,80,80,80,80,80,80,80,80,80,80,80,80,80,80,80,80,80,80,80,80,80,80],"card_choices":[{"not_picked":["Clothesline","Iron Wave","Headbutt"],"picked":"SKIP","floor":1},{"not_picked":["Armaments","Flex"],"picked":"Carnage","floor":3},{"not_picked":["Dark Embrace","Fire Breathing"],"picked":"Feel No Pain","floor":5},{"not_picked":["Cleave","Intimidate"],"picked":"Power Through","floor":6},{"not_picked":["Twin Strike","Headbutt"],"picked":"Sever Soul","floor":8},{"not_picked":["Headbutt","Entrench"],"picked":"Body Slam","floor":13},{"not_picked":["Hemokinesis","Thunderclap"],"picked":"Dark Embrace+1","floor":14},{"not_picked":["Feed","Offering"],"picked":"Fiend Fire","floor":16},{"not_picked":["Clash","Evolve+1","Heavy Blade+1"],"picked":"SKIP","floor":18},{"not_picked":["Perfected Strike+1","Clash"],"picked":"Body Slam+1","floor":19},{"not_picked":["Dual Wield","Thunderclap"],"picked":"True Grit","floor":20},{"not_picked":["Fiend Fire","Sever Soul"],"picked":"Cleave+1","floor":22},{"not_picked":["Body Slam","Clash+1"],"picked":"Headbutt+1","floor":27},{"not_picked":["Armaments","Rampage","Combust+1"],"picked":"SKIP","floor":28},{"not_picked":["Whirlwind","Double Tap"],"picked":"Spot Weakness+1","floor":31}],"player_experience":483953,"relics_obtained":[{"floor":6,"key":"MealTicket"},{"floor":8,"key":"Frozen Egg 2"},{"floor":9,"key":"Akabeko"},{"floor":26,"key":"Art of War"},{"floor":31,"key":"CeramicFish"}],"event_choices":[{"damage_healed":0,"gold_gain":175,"player_choice":"AGREE","damage_taken":0,"max_hp_gain":0,"max_hp_loss":0,"event_name":"Liars Game","floor":2,"gold_loss":0,"cards_obtained":["Doubt"]},{"cards_removed":["Strike_R"],"damage_healed":0,"gold_gain":0,"player_choice":"Card Removal","damage_taken":7,"max_hp_gain":0,"max_hp_loss":0,"event_name":"Golden Wing","floor":11,"gold_loss":0},{"damage_healed":0,"gold_gain":0,"player_choice":"Success","damage_taken":3,"relics_obtained":["Blue Candle"],"max_hp_gain":0,"max_hp_loss":0,"event_name":"Scrap Ooze","floor":12,"gold_loss":0},{"damage_healed":26,"gold_gain":0,"player_choice":"Heal","damage_taken":0,"max_hp_gain":0,"max_hp_loss":0,"event_name":"The Library","floor":21,"gold_loss":0},{"damage_healed":0,"gold_gain":0,"cards_transformed":["Strike_R","Bash"],"player_choice":"Became Test Subject","damage_taken":0,"max_hp_gain":0,"max_hp_loss":0,"event_name":"Drug Dealer","floor":24,"gold_loss":0,"cards_obtained":["Feel No Pain","Rampage"]},{"damage_healed":0,"gold_gain":0,"player_choice":"Upgraded","damage_taken":0,"max_hp_gain":0,"max_hp_loss":0,"event_name":"Upgrade Shrine","floor":25,"gold_loss":0,"cards_upgraded":["Body Slam"]},{"cards_removed":["Shame"],"damage_healed":0,"gold_gain":0,"player_choice":"Gave Gold","damage_taken":0,"max_hp_gain":0,"max_hp_loss":0,"event_name":"Beggar","floor":30,"gold_loss":75}],"is_beta":false,"boss_relics":[{"not_picked":["Sozu","SacredBark"],"picked":"Cursed Key"}],"items_purged_floors":[4],"is_endless":false,"potions_floor_spawned":[6,8,13,14,16,18,27,28],"killed_by":"Collector","ascension_level":10}}