{"host":"Connor","time":1610643995,"event":{"mods":["Aspiration","BaseMod","Downfall","Hubris","Marisa????????","Minty Spire (QoL Compilation)","Replay The Spire","StSLib","The Cursed","The Jungle","The Servant 0.9.4"],"gold_per_floor":[110,110,110,127,140,140,160,160,183,196,230,230,242,258,258,337,337,354,354,364,7,34,34,34,34],"floor_reached":24,"language":"ENG","playtime":719,"items_purged":["Strike_R"],"score":386,"play_id":"35daad16-5a10-479a-aabd-64cfd9e270d2","local_time":"20210114090635","is_ascension_mode":true,"campfire_choices":[{"data":"Armaments","floor":6,"key":"SMITH"},{"data":"Bash","floor":8,"key":"SMITH"},{"data":"Beam Cell","floor":12,"key":"SMITH"},{"floor":23,"key":"REST"}],"circlet_count":0,"master_deck":["AscendersBane","Strike_R","Strike_R","Strike_R","Strike_R","Defend_R","Defend_R","Defend_R","Defend_R","Bash+1","Armaments+1","Self Repair+1","ReplayTheSpireMod:Stacked","Beam Cell+1","ReplayTheSpireMod:Strike From Hell","Shockwave","Combust+1","Spot Weakness","Juggernaut","hubris:DuctTapeCard","Languid","Pot Of Greed","Pot Of Greed"],"relics":["Boot","Iron Core","Replay:WaspNest","Bottled Tornado","Cursed Key","aspiration:RitualStick","hubris:DuctTape","Grinning Jar"],"acts_visited":["Exordium","TheCity"],"potions_floor_usage":[11,16,20,24],"damage_taken":[{"damage":4,"enemies":"Jaw Worm","floor":1,"turns":4},{"damage":2,"enemies":"2 Louse","floor":4,"turns":4},{"damage":1,"enemies":"Cultist","floor":5,"turns":4},{"damage":16,"enemies":"Lots of Slimes","floor":7,"turns":4},{"damage":8,"enemies":"3 Louse","floor":10,"turns":5},{"damage":17,"enemies":"Lagavulin","floor":11,"turns":7},{"damage":26,"enemies":"Exordium Thugs","floor":13,"turns":5},{"damage":14,"enemies":"Exordium Wildlife","floor":14,"turns":4},{"damage":21,"enemies":"Hexaghost","floor":16,"turns":7},{"damage":29,"enemies":"Shell Parasite","floor":18,"turns":5},{"damage":23,"enemies":"2 Thieves","floor":20,"turns":3},{"damage":36,"enemies":"Slavers","floor":24,"turns":4}],"seed_played":"-2781373115580271398","potions_obtained":[{"floor":5,"key":"Milkshake"},{"floor":13,"key":"Fire Potion"},{"floor":14,"key":"Weak Potion"},{"floor":18,"key":"Death Potion"}],"is_trial":false,"path_per_floor":["M","?","?","M","M","R","M","R","T","M","E","R","M","M","R","B",null,"M","?","M","$","T","R","E"],"character_chosen":"IRONCLAD","items_purchased":["hubris:DuctTape"],"campfire_rested":1,"item_purchase_floors":[21],"current_hp_per_floor":[70,70,70,75,74,74,58,58,58,60,53,53,37,23,45,34,65,46,27,14,14,14,36,0,0],"gold":34,"neow_bonus":"RANDOM_COMMON_RELIC","is_daily":false,"chose_seed":false,"campfire_upgraded":3,"win_rate":0.0,"timestamp":1610643995,"path_taken":["M","?","?","?","M","R","M","R","T","M","E","R","M","?","R","BOSS","M","?","M","?","?","R","E"],"items_purchased_type":["Relic"],"build_version":"2020-12-18","purchased_purges":1,"victory":false,"max_hp_per_floor":[75,75,75,75,75,75,75,75,75,75,75,75,75,75,75,75,75,75,75,75,75,75,75,75,75],"card_choices":[{"not_picked":["Warcry","Shrug It Off"],"picked":"Armaments","floor":1},{"not_picked":["Headbutt","Gash"],"picked":"ReplayTheSpireMod:Stacked","floor":4},{"not_picked":["Anger","Reckless Charge"],"picked":"Beam Cell","floor":5},{"not_picked":["Thunderclap","Turbo","hubris:ReadiedAction"],"picked":"SKIP","floor":7},{"not_picked":["Intimidate","Body Slam"],"picked":"ReplayTheSpireMod:Strike From Hell","floor":10},{"not_picked":["Replay:Many Hands","Flex"],"picked":"Shockwave","floor":11},{"not_picked":["Thunderclap","Blood for Blood"],"picked":"Combust","floor":13},{"not_picked":["Sentinel","Wild Strike"],"picked":"Spot Weakness","floor":14},{"not_picked":["Bludgeon","Double Tap"],"picked":"Juggernaut","floor":16},{"not_picked":["Bloodletting","Perfected Strike"],"picked":"Shrug It Off","floor":18},{"not_picked":["Pommel Strike","Run Through"],"picked":"Armaments","floor":20}],"player_experience":635586,"relics_obtained":[{"floor":3,"key":"Replay:WaspNest"},{"floor":11,"key":"Bottled Tornado"},{"floor":22,"key":"Grinning Jar"}],"event_choices":[{"damage_healed":0,"gold_gain":0,"player_choice":"Relic","damage_taken":0,"max_hp_gain":0,"max_hp_loss":0,"event_name":"Wheel of Change","floor":3,"gold_loss":0}],"is_beta":true,"boss_relics":[{"not_picked":["Busted Crown","Tiny House"],"picked":"Cursed Key"}],"items_purged_floors":[21],"is_endless":false,"potions_floor_spawned":[5,13,14,18],"killed_by":"Slavers","ascension_level":19}}