{"host":"p9t7qd83igtcp2bh","time":1610613406,"event":{"mods":["2.2 Compatiblity","AchievementEnabler","BaseMod","Colored Map","Colored Powertips","Custom Start","DeckTracker","Keyboard Shortcuts","Minty Spire (QoL Compilation)","Permanent Neow","StSLib","SuperFastMode","everything is the same but u backflip on backflip"],"gold_per_floor":[116,135,210,229,229,229,254,254,254,266,106,106,106,134,134,213,213,224,224,224,235,253,253,268,283,283,283,283],"floor_reached":27,"language":"KOR","playtime":586,"items_purged":[],"score":435,"play_id":"f1bcbbf5-ed52-4445-9eab-0e1344c27c2b","local_time":"20210114173646","is_ascension_mode":true,"campfire_choices":[{"data":"Zap","floor":6,"key":"SMITH"},{"floor":8,"key":"REST"},{"data":"Blizzard","floor":13,"key":"SMITH"},{"data":"Stack","floor":15,"key":"SMITH"},{"data":"Buffer","floor":23,"key":"SMITH"}],"circlet_count":0,"master_deck":["AscendersBane","Zap+1","Dualcast","Blind","Beam Cell","Ball Lightning","Cold Snap","Stack+1","Blizzard+1","Rebound","Echo Form","Melter","Darkness","Stack","Go for the Eyes","Hyperbeam","Melter","Auto Shields","Genetic Algorithm","Hologram","RitualDagger","Buffer+1","Leap+1","Defragment","Leap+1"],"relics":["Cracked Core","CultistMask","InkBottle","Cables","Toolbox","Bag of Marbles","Pandora\u0027s Box","Nunchaku"],"acts_visited":["Exordium","TheCity"],"potions_floor_usage":[18,24],"damage_taken":[{"damage":0,"enemies":"Cultist","floor":1,"turns":4},{"damage":12,"enemies":"Jaw Worm","floor":2,"turns":4},{"damage":9,"enemies":"Small Slimes","floor":4,"turns":4},{"damage":16,"enemies":"Lagavulin","floor":7,"turns":5},{"damage":4,"enemies":"Looter","floor":10,"turns":3},{"damage":8,"enemies":"Gremlin Nob","floor":14,"turns":3},{"damage":3,"enemies":"The Guardian","floor":16,"turns":10},{"damage":11,"enemies":"Chosen","floor":18,"turns":4},{"damage":3,"enemies":"Spheric Guardian","floor":21,"turns":3},{"damage":14,"enemies":"Snake Plant","floor":22,"turns":3},{"damage":13,"enemies":"Shelled Parasite and Fungi","floor":24,"turns":4},{"damage":0,"enemies":"3 Cultists","floor":25,"turns":3},{"damage":20,"enemies":"Snake Plant","floor":27,"turns":2}],"seed_played":"-8795878519967600241","potions_obtained":[{"floor":2,"key":"FearPotion"},{"floor":7,"key":"AttackPotion"},{"floor":18,"key":"Energy Potion"}],"is_trial":false,"path_per_floor":["M","M","?","M","?","R","E","R","T","M","$","?","R","E","R","B",null,"M","?","?","M","M","R","M","M","T","M"],"character_chosen":"DEFECT","items_purchased":["Toolbox"],"campfire_rested":1,"item_purchase_floors":[11],"current_hp_per_floor":[64,52,41,32,32,32,16,37,37,33,33,38,38,30,30,27,64,53,47,47,44,30,30,17,17,17,0,0],"gold":283,"neow_bonus":"RANDOM_COLORLESS","is_daily":false,"chose_seed":false,"campfire_upgraded":4,"win_rate":0.0,"timestamp":1610613406,"path_taken":["M","?","?","M","?","R","E","R","T","?","$","?","R","E","R","BOSS","M","?","?","M","M","R","M","M","T","?"],"items_purchased_type":["Relic"],"build_version":"2020-12-22","purchased_purges":0,"victory":false,"max_hp_per_floor":[71,71,71,71,71,71,71,71,71,71,71,76,76,76,76,76,76,76,76,76,76,76,76,76,76,76,76,76],"card_choices":[{"not_picked":["Forethought","Good Instincts"],"picked":"Blind","floor":0},{"not_picked":["Compile Driver","Conserve Battery"],"picked":"Beam Cell","floor":1},{"not_picked":["Steam","White Noise"],"picked":"Ball Lightning","floor":2},{"not_picked":["Conserve Battery","Compile Driver"],"picked":"Cold Snap","floor":4},{"not_picked":["Fusion","Consume"],"picked":"Stack","floor":7},{"not_picked":["Ball Lightning","Streamline"],"picked":"Blizzard","floor":10},{"not_picked":["Gash","Steam"],"picked":"Rebound","floor":14},{"not_picked":["Biased Cognition","Reboot"],"picked":"Echo Form","floor":16},{"not_picked":["Rebound","Heatsinks"],"picked":"Hologram","floor":18},{"not_picked":["Compile Driver","Reprogram","Steam+1"],"picked":"SKIP","floor":21},{"not_picked":["Rebound","Sweeping Beam"],"picked":"Leap+1","floor":22},{"not_picked":["Beam Cell","Leap"],"picked":"Defragment","floor":24},{"not_picked":["Genetic Algorithm","Force Field"],"picked":"Leap+1","floor":25}],"player_experience":641390,"relics_obtained":[{"floor":7,"key":"InkBottle"},{"floor":9,"key":"Cables"},{"floor":14,"key":"Bag of Marbles"},{"floor":26,"key":"Nunchaku"}],"event_choices":[{"damage_healed":0,"gold_gain":75,"player_choice":"Gather Gold","damage_taken":11,"max_hp_gain":0,"max_hp_loss":0,"event_name":"World of Goop","floor":3,"gold_loss":0},{"damage_healed":0,"gold_gain":0,"player_choice":"Trade","damage_taken":0,"relics_obtained":["CultistMask"],"max_hp_gain":0,"max_hp_loss":0,"event_name":"FaceTrader","floor":5,"gold_loss":0},{"damage_healed":0,"gold_gain":0,"player_choice":"Donut","damage_taken":0,"max_hp_gain":5,"max_hp_loss":0,"event_name":"Big Fish","floor":12,"gold_loss":0},{"damage_healed":0,"gold_gain":0,"player_choice":"Joined the Cult","damage_taken":6,"max_hp_gain":0,"max_hp_loss":0,"event_name":"Nest","floor":19,"gold_loss":0,"cards_obtained":["RitualDagger"]},{"damage_healed":0,"gold_gain":0,"player_choice":"1 cards matched","damage_taken":0,"max_hp_gain":0,"max_hp_loss":0,"event_name":"Match and Keep!","floor":20,"gold_loss":0,"cards_obtained":["Buffer"]}],"is_beta":false,"boss_relics":[{"not_picked":["Empty Cage","Tiny House"],"picked":"Pandora\u0027s Box"}],"items_purged_floors":[],"is_endless":false,"potions_floor_spawned":[2,7,10,14,18,22],"killed_by":"Snake Plant","ascension_level":19}}