{"host":"uzp1tn8qxn9571p9","time":1610627197,"event":{"mods":["BaseMod","Colored Powertips","Hermit","Minty Spire (QoL Compilation)","Robot Space Explorer","StSLib","The Hierophant","The Marked"],"gold_per_floor":[118,118,118,2,12,12,12,46,98,110,110,145,320,334,334,439,439,456,456,456,466,34,34,34,34,34,34,54,83,98,110,110,215,215,234,234,244,244,244,269,13,13,38,38,88,106,139,154,154,154],"floor_reached":51,"language":"ZHS","playtime":1821,"items_purged":["hermit:Strike_Hermit"],"score":806,"play_id":"5e55e852-ada1-487b-a9f6-6dc6b142facf","local_time":"20210114202636","is_ascension_mode":false,"campfire_choices":[{"data":"hermit:CursedWeapon","floor":6.0,"key":"SMITH"},{"data":"hermit:Deadeye","floor":15.0,"key":"SMITH"},{"data":"RitualDagger","floor":24,"key":"SMITH"},{"data":"hermit:Roughhouse","floor":27,"key":"SMITH"},{"data":"hermit:Covet","floor":32,"key":"SMITH"},{"data":"hermit:ShadowCloak","floor":42,"key":"SMITH"},{"data":"hermit:RoundhouseKick","floor":44,"key":"SMITH"},{"data":"hermit:GoldenBullet","floor":49,"key":"SMITH"}],"circlet_count":0,"master_deck":["hermit:Strike_Hermit+1","hermit:Defend_Hermit+1","hermit:Defend_Hermit+1","hermit:Snapshot","hermit:GoldenBullet+1","Pain","hermit:NoHoldsBarred+1","hermit:CursedWeapon+1","hermit:FinalCanter+1","hermit:Deadeye+1","Doubt","hermit:Glare+1","hermit:Roughhouse+1","CurseOfTheBell","hermit:Midnight+1","RitualDagger+1","Metamorphosis+1","Necronomicurse","hermit:EyeOfTheStorm+1","hermit:RoundhouseKick+1","hermit:EyeOfTheStorm+1","hermit:Misfire+1","hermit:WideOpen+1","Madness+1","Madness+1","hermit:ShadowCloak+1","hermit:Glare+1"],"relics":["hermit:ClaspedLocket","WarpedTongs","Blood Vial","Toxic Egg 2","PreservedInsect","Mercury Hourglass","Calling Bell","hermit:RyeStalk","Du-Vu Doll","StrikeDummy","Eternal Feather","Necronomicon","Centennial Puzzle","Whetstone","The Courier","Bottled Flame","FossilizedHelix","Pantograph"],"acts_visited":["Exordium","TheCity","TheBeyond"],"potions_floor_usage":[16,40,50],"damage_taken":[{"damage":0.0,"enemies":"2 Louse","floor":1.0,"turns":3.0},{"damage":2.0,"enemies":"Small Slimes","floor":5.0,"turns":4.0},{"damage":23.0,"enemies":"3 Sentries","floor":8.0,"turns":6.0},{"damage":3.0,"enemies":"Cultist","floor":10.0,"turns":3.0},{"damage":2.0,"enemies":"Lagavulin","floor":12.0,"turns":2.0},{"damage":2.0,"enemies":"Large Slime","floor":14.0,"turns":2.0},{"damage":29,"enemies":"The Guardian","floor":16,"turns":7},{"damage":9,"enemies":"3 Byrds","floor":18,"turns":3},{"damage":8,"enemies":"Chosen","floor":21,"turns":2},{"damage":2,"enemies":"Centurion and Healer","floor":28,"turns":2},{"damage":8,"enemies":"Book of Stabbing","floor":29,"turns":3},{"damage":13,"enemies":"Snake Plant","floor":30,"turns":2},{"damage":2,"enemies":"Shelled Parasite and Fungi","floor":31,"turns":1},{"damage":9,"enemies":"Automaton","floor":33,"turns":4},{"damage":0,"enemies":"3 Darklings","floor":35,"turns":1},{"damage":0,"enemies":"Orb Walker","floor":37,"turns":1},{"damage":14,"enemies":"Nemesis","floor":40,"turns":3},{"damage":2,"enemies":"Mind Bloom Boss Battle","floor":45,"turns":1},{"damage":0,"enemies":"4 Shapes","floor":46,"turns":3},{"damage":13,"enemies":"Giant Head","floor":47,"turns":3},{"damage":0,"enemies":"Jaw Worm Horde","floor":48,"turns":2},{"damage":22,"enemies":"Time Eater","floor":50,"turns":4}],"seed_played":"-7094955927139281896","potions_obtained":[{"floor":8.0,"key":"SteroidPotion"},{"floor":12.0,"key":"GamblersBrew"},{"floor":16,"key":"EssenceOfSteel"},{"floor":30,"key":"Swift Potion"},{"floor":31,"key":"BlessingOfTheForge"},{"floor":33,"key":"ColorlessPotion"},{"floor":45,"key":"Swift Potion"},{"floor":47,"key":"DistilledChaos"}],"is_trial":false,"path_per_floor":["M","?","?","$","M","R","?","E","T","M","?","E","?","M","R","B",null,"M","?","?","M","$","?","R","?","T","R","M","E","M","M","R","B",null,"M","?","M","?","?","E","$","R","T","R","?","M","E","M","R","B",null],"character_chosen":"HERMIT","items_purchased":["hermit:NoHoldsBarred","Eternal Feather","Metamorphosis+1","Bottled Flame","hermit:ShadowCloak"],"campfire_rested":0,"item_purchase_floors":[4,22,22,41,41],"current_hp_per_floor":[68,61,61,61,59,59,56,35,35,34,34,34,34,34,34,7,68,59,59,53,47,47,31,40,40,40,49,49,43,32,32,44,37,68,68,68,68,68,59,49,49,64,64,68,66,68,55,57,68,46],"gold":154,"neow_bonus":"REMOVE_TWO","is_daily":false,"chose_seed":false,"campfire_upgraded":8,"win_rate":0.0,"timestamp":1610627196,"path_taken":["M","?","?","$","?","R","?","E","T","M","?","E","?","M","R","BOSS","M","?","?","M","$","?","R","?","T","R","M","E","M","M","R","BOSS","M","?","M","?","?","E","$","R","T","R","?","?","E","M","R","BOSS"],"items_purchased_type":["Card","Relic","Card","Relic","Card"],"build_version":"2020-12-22","purchased_purges":1,"victory":true,"max_hp_per_floor":[68,68,68,68,68,68,68,68,68,68,68,68,68,68,68,68,68,68,68,68,68,68,68,68,68,68,68,68,68,68,68,68,68,68,68,68,68,68,68,68,68,68,68,68,68,68,68,68,68,68],"card_choices":[{"not_picked":["hermit:Feint","hermit:Combo"],"picked":"hermit:GoldenBullet","floor":1.0},{"not_picked":["hermit:Deadeye","hermit:Roulette"],"picked":"hermit:CursedWeapon","floor":5.0},{"not_picked":["hermit:Snipe+1","hermit:CalledShot"],"picked":"hermit:FinalCanter","floor":8.0},{"not_picked":["hermit:Ricochet","hermit:HighCaliber","hermit:TrackingShot"],"picked":"SKIP","floor":10.0},{"not_picked":["hermit:Midnight+1","hermit:Dissolve+1"],"picked":"hermit:Deadeye","floor":12.0},{"not_picked":["hermit:Roulette","hermit:Headshot"],"picked":"hermit:Glare+1","floor":14.0},{"not_picked":["hermit:Purgatory","hermit:OverwhelmingPower"],"picked":"hermit:Roughhouse","floor":16},{"not_picked":["hermit:FullyLoaded+1","hermit:Feint+1"],"picked":"hermit:Midnight+1","floor":18},{"not_picked":["hermit:Roulette","hermit:SprayPray","hermit:LowProfile+1"],"picked":"SKIP","floor":21},{"not_picked":["hermit:HoleUp+1","hermit:SprayPray+1"],"picked":"hermit:EyeOfTheStorm+1","floor":28},{"not_picked":["hermit:WideOpen","hermit:HighCaliber"],"picked":"hermit:RoundhouseKick","floor":29},{"not_picked":["hermit:TakeAim+1","hermit:BigShot"],"picked":"hermit:EyeOfTheStorm+1","floor":30},{"not_picked":["hermit:Showdown+1","hermit:Headshot"],"picked":"hermit:Misfire+1","floor":31},{"not_picked":["hermit:Roulette","hermit:FlashPowder+1","hermit:Maintenance+1"],"picked":"SKIP","floor":35},{"not_picked":["hermit:TakeCover+1","hermit:FlashPowder+1"],"picked":"hermit:WideOpen+1","floor":37},{"not_picked":["hermit:BigShot","hermit:Reprieve+1","hermit:Scavenge+1"],"picked":"SKIP","floor":40},{"not_picked":["hermit:BodyArmor+1","hermit:Dive+1","hermit:HighCaliber+1"],"picked":"SKIP","floor":46},{"not_picked":["hermit:Manifest+1","hermit:PistolWhip"],"picked":"hermit:Glare+1","floor":47},{"not_picked":["hermit:LowProfile+1","hermit:Roulette+1","hermit:Dive+1"],"picked":"SKIP","floor":48}],"player_experience":352853,"relics_obtained":[{"floor":8.0,"key":"Toxic Egg 2"},{"floor":9.0,"key":"PreservedInsect"},{"floor":12.0,"key":"Mercury Hourglass"},{"floor":17,"key":"hermit:RyeStalk"},{"floor":17,"key":"Du-Vu Doll"},{"floor":17,"key":"StrikeDummy"},{"floor":23,"key":"Necronomicon"},{"floor":26,"key":"Centennial Puzzle"},{"floor":29,"key":"Whetstone"},{"floor":40,"key":"The Courier"},{"floor":45,"key":"FossilizedHelix"},{"floor":47,"key":"Pantograph"}],"event_choices":[{"cards_removed":["hermit:Strike_Hermit"],"damage_healed":0.0,"max_hp_gain":0.0,"max_hp_loss":0.0,"gold_gain":0.0,"event_name":"Golden Wing","player_choice":"Card Removal","floor":2.0,"gold_loss":0.0,"damage_taken":7.0},{"damage_healed":0.0,"max_hp_gain":0.0,"max_hp_loss":0.0,"gold_gain":0.0,"event_name":"Accursed Blacksmith","player_choice":"Rummage","floor":3.0,"gold_loss":0.0,"damage_taken":0.0,"relics_obtained":["WarpedTongs"],"cards_obtained":["Pain"]},{"damage_healed":0.0,"max_hp_gain":0.0,"max_hp_loss":0.0,"gold_gain":0.0,"event_name":"Scrap Ooze","player_choice":"Success","floor":7.0,"gold_loss":0.0,"damage_taken":3.0,"relics_obtained":["Blood Vial"]},{"cards_removed":["hermit:Defend_Hermit"],"damage_healed":0.0,"max_hp_gain":0.0,"max_hp_loss":0.0,"gold_gain":0.0,"event_name":"Living Wall","player_choice":"Forget","floor":11.0,"gold_loss":0.0,"damage_taken":0.0},{"damage_healed":0.0,"max_hp_gain":0.0,"max_hp_loss":0.0,"gold_gain":175.0,"event_name":"Liars Game","player_choice":"AGREE","floor":13.0,"gold_loss":0.0,"damage_taken":0.0,"cards_obtained":["Doubt"]},{"damage_healed":0,"gold_gain":0,"player_choice":"Simplicity","damage_taken":0,"max_hp_gain":0,"max_hp_loss":0,"event_name":"Back to Basics","floor":19,"gold_loss":0,"cards_upgraded":["hermit:Strike_Hermit","hermit:Defend_Hermit","hermit:Defend_Hermit"]},{"damage_healed":0,"gold_gain":0,"player_choice":"Joined the Cult","damage_taken":6,"max_hp_gain":0,"max_hp_loss":0,"event_name":"Nest","floor":20,"gold_loss":0,"cards_obtained":["RitualDagger"]},{"damage_healed":0,"gold_gain":0,"player_choice":"Obtained Book","damage_taken":16,"max_hp_gain":0,"max_hp_loss":0,"event_name":"Cursed Tome","floor":23,"gold_loss":0},{"damage_healed":0,"gold_gain":0,"player_choice":"Ignored","damage_taken":0,"max_hp_gain":0,"max_hp_loss":0,"event_name":"Ghosts","floor":25,"gold_loss":0},{"damage_healed":0,"gold_gain":0,"player_choice":"Ignored","damage_taken":0,"max_hp_gain":0,"max_hp_loss":0,"event_name":"Tomb of Lord Red Mask","floor":36,"gold_loss":0},{"cards_removed":["hermit:Covet"],"damage_healed":0,"gold_gain":0,"player_choice":"Removed Skill","damage_taken":0,"max_hp_gain":0,"max_hp_loss":0,"event_name":"Falling","floor":38,"gold_loss":0},{"damage_healed":0,"gold_gain":0,"player_choice":"Embrace Madness","damage_taken":9,"max_hp_gain":0,"max_hp_loss":0,"event_name":"Winding Halls","floor":39,"gold_loss":0,"cards_obtained":["Madness","Madness"]},{"damage_healed":0,"gold_gain":0,"player_choice":"Fight","damage_taken":0,"max_hp_gain":0,"max_hp_loss":0,"event_name":"MindBloom","floor":45,"gold_loss":0}],"is_beta":false,"boss_relics":[{"not_picked":["Runic Pyramid","Empty Cage"],"picked":"Calling Bell"},{"not_picked":["Coffee Dripper","Astrolabe"],"picked":"hermit:ClaspedLocket"}],"items_purged_floors":[4],"is_endless":false,"potions_floor_spawned":[8,12,16,30,31,33,45,47],"ascension_level":0}}