{"host":"5gc11emcm5chfr5t","time":1610592620,"event":{"mods":["2.2 Compatiblity","AchievementEnabler","BaseMod","Bestiary","Better Note","Colored Map","Colored Powertips","Downfall","Googly Eyes","Minty Spire (QoL Compilation)","Rare Cards Sparkle","StSLib"],"gold_per_floor":[111,111,125,105,119,119,150,166,166,228,228,228,254,271,271,344,344,355,371,107,120,131,131,131],"floor_reached":23,"language":"ENG","playtime":1461,"items_purged":[],"score":406,"play_id":"ea684547-96bb-407b-8dc0-72746fbc5639","local_time":"20210113215020","is_ascension_mode":true,"campfire_choices":[{"floor":6,"key":"RECALL"},{"floor":12,"key":"REST"},{"floor":15,"key":"REST"}],"circlet_count":0,"master_deck":["AscendersBane","sneckomod:Defend","sneckomod:Defend","sneckomod:TailWhip","sneckomod:SnekBite","sneckomod:Unknown","sneckomod:Unknown","sneckomod:IronFang","sneckomod:UnlimitedRolls","sneckomod:UnknownUncommonAttack","sneckomod:DiceBlock","sneckomod:TrashToTreasure","sneckomod:SerpentIdol","sneckomod:SnakeSap","sneckomod:UnknownStrength","sneckomod:UnknownDexterity","sneckomod:UnknownRarePower","sneckomod:CheapStock+1","sneckomod:Mudshield+1","sneckomod:UnknownClassGUARDIAN+1","sneckomod:Nope","sneckomod:UnknownRareAttack","Bandage Up","sneckomod:DiceBlock","sneckomod:ImprovisedAttack"],"relics":["sneckomod:SneckoTalon","Thread and Needle","Mercury Hourglass","Bottled Tornado","Omamori","Astrolabe"],"acts_visited":["Exordium","TheCity"],"potions_floor_usage":[7,7,13,22,22,23],"damage_taken":[{"damage":7,"enemies":"Jaw Worm","floor":1,"turns":3},{"damage":0,"enemies":"2 Louse","floor":3,"turns":2},{"damage":0,"enemies":"Cultist","floor":5,"turns":2},{"damage":3,"enemies":"Lagavulin","floor":7,"turns":4},{"damage":13,"enemies":"2 Fungi Beasts","floor":8,"turns":4},{"damage":9,"enemies":"3 Sentries","floor":10,"turns":7},{"damage":6,"enemies":"3 Sentries","floor":13,"turns":4},{"damage":9,"enemies":"Blue Slaver","floor":14,"turns":3},{"damage":39,"enemies":"The Guardian","floor":16,"turns":14},{"damage":19,"enemies":"3 Byrds","floor":18,"turns":4},{"damage":21,"enemies":"Shell Parasite","floor":19,"turns":5},{"damage":8,"enemies":"3 Cultists","floor":21,"turns":4},{"damage":26,"enemies":"Snake Plant","floor":22,"turns":5},{"damage":15,"enemies":"Gremlin Leader","floor":23,"turns":1}],"seed_played":"-446937040377172544","potions_obtained":[{"floor":1,"key":"sneckomod:DiceRollPotion"},{"floor":3,"key":"SkillPotion"},{"floor":10,"key":"AttackPotion"},{"floor":19,"key":"Block Potion"},{"floor":21,"key":"Fire Potion"},{"floor":22,"key":"champ:CounterPotion"}],"is_trial":false,"path_per_floor":["M","?","M","?","M","R","E","M","T","?","T","R","E","M","R","B",null,"M","M","$","M","M","E"],"character_chosen":"THE_SNECKO","items_purchased":["sneckomod:UnknownRareAttack","Bandage Up"],"campfire_rested":2,"item_purchase_floors":[20,20],"current_hp_per_floor":[68,68,68,68,68,68,65,52,52,43,43,67,61,52,76,37,72,53,32,32,28,6,0,0],"gold":131,"neow_bonus":"BOSS_RELIC","is_daily":false,"chose_seed":false,"campfire_upgraded":0,"win_rate":0.0,"timestamp":1610592620,"path_taken":["M","?","M","?","?","R","E","M","T","?","?","R","E","M","R","BOSS","M","M","$","M","M","E"],"items_purchased_type":["Card","Card"],"build_version":"2020-12-22","purchased_purges":0,"victory":false,"max_hp_per_floor":[83,83,83,83,83,83,83,83,83,83,83,83,83,83,83,83,83,83,83,83,83,83,83,83],"card_choices":[{"not_picked":["sneckomod:UnknownClassSLIMEBOUND","sneckomod:UnknownVulnerable"],"picked":"sneckomod:IronFang","floor":1},{"not_picked":["sneckomod:UnknownUncommonSkill","sneckomod:QuickMove"],"picked":"sneckomod:UnknownUncommonAttack","floor":3},{"not_picked":["sneckomod:PureSnecko","sneckomod:UnknownUncommonSkill"],"picked":"sneckomod:DiceBlock","floor":5},{"not_picked":["sneckomod:SoulExchange","sneckomod:Unknown1Cost"],"picked":"sneckomod:TrashToTreasure","floor":7},{"not_picked":["sneckomod:Unknown1Cost","sneckomod:SnekBeam"],"picked":"sneckomod:SerpentIdol","floor":8},{"not_picked":["sneckomod:UnknownCommonSkill","sneckomod:UnknownBlock"],"picked":"sneckomod:SnakeSap","floor":10},{"not_picked":["sneckomod:UnknownCommonSkill","sneckomod:Unknown0Cost"],"picked":"sneckomod:UnknownStrength","floor":13},{"not_picked":["sneckomod:Unknown1Cost","sneckomod:UnknownClassGUARDIAN"],"picked":"sneckomod:UnknownDexterity","floor":14},{"not_picked":["sneckomod:GlitteringGambit","sneckomod:Unknown3Cost"],"picked":"sneckomod:UnknownRarePower","floor":16},{"not_picked":["sneckomod:SoulRoll","sneckomod:MasterEye"],"picked":"sneckomod:Nope","floor":18},{"not_picked":["sneckomod:SoulDraw","sneckomod:Nope","sneckomod:SnekBeam"],"picked":"SKIP","floor":19},{"not_picked":["sneckomod:IronFang","sneckomod:Rotation"],"picked":"sneckomod:DiceBlock","floor":21},{"not_picked":["sneckomod:UnknownCommonAttack+1","sneckomod:DiceCrush"],"picked":"sneckomod:ImprovisedAttack","floor":22}],"player_experience":547684,"relics_obtained":[{"floor":7,"key":"Thread and Needle"},{"floor":9,"key":"Mercury Hourglass"},{"floor":10,"key":"Bottled Tornado"},{"floor":13,"key":"Omamori"}],"event_choices":[{"damage_healed":0,"gold_gain":0,"cards_transformed":["sneckomod:Strike"],"player_choice":"Change","damage_taken":0,"max_hp_gain":0,"max_hp_loss":0,"event_name":"Living Wall","floor":2,"gold_loss":0,"cards_obtained":["sneckomod:UnlimitedRolls"]},{"damage_healed":0,"gold_gain":0,"player_choice":"Bought 1 Potion","damage_taken":0,"max_hp_gain":0,"max_hp_loss":0,"event_name":"The Woman in Blue","floor":4,"gold_loss":0},{"damage_healed":0,"gold_gain":0,"player_choice":"Searched \u00271\u0027 times","damage_taken":0,"max_hp_gain":0,"max_hp_loss":0,"event_name":"Dead Adventurer","floor":10,"gold_loss":0}],"is_beta":false,"boss_relics":[{"not_picked":["Runic Pyramid","Empty Cage"],"picked":"Astrolabe"}],"items_purged_floors":[],"is_endless":false,"potions_floor_spawned":[1,3,5,10,19,21,22],"killed_by":"Gremlin Leader","ascension_level":20}}