{"host":"kabf61oc9jgfwufg","time":1610640624,"event":{"mods":["AchievementEnabler","Act Like it!","Aspiration","BaseMod","Conspire","GifTheSpireLib","Halation","HexUI Lib","Hubris","Infinite Spire","Melee Mod","Minty Spire (QoL Compilation)","Quick Restart","Rare Cards Sparkle","Replay The Spire","Shop Mod","StSLib","Waifu the Spire"],"gold_per_floor":[109,34,54,54,68,95,95,123,123,154,165,196,225,225,225],"floor_reached":14,"language":"ENG","playtime":585,"items_purged":["Strike_P"],"score":124,"play_id":"2d7bce5c-2840-4602-8f0f-bf8f95718fdf","local_time":"20210114161024","is_ascension_mode":true,"campfire_choices":[{"data":"WindmillStrike","floor":7.0,"key":"SMITH"}],"circlet_count":0,"master_deck":["Strike_P","Strike_P","Defend_P","Defend_P","Defend_P","Eruption","Vigilance","Weave","WindmillStrike+1","LikeWater","Halt","CarveReality","ForeignInfluence"],"relics":["Sizzling Blood","infinitespire:Cubic Diamond","halation:Toothbrush","Eternal Feather","infinitespire:EmpoweringShard","infinitespire:CheckeredPen","hubris:DeckOfHolding","Shuriken"],"acts_visited":["Exordium"],"potions_floor_usage":[],"damage_taken":[{"damage":1.0,"enemies":"Small Slimes","floor":1.0,"turns":3.0},{"damage":0.0,"enemies":"2 Louse","floor":3.0,"turns":2.0},{"damage":0.0,"enemies":"Cultist","floor":5.0,"turns":3.0},{"damage":18.0,"enemies":"Lagavulin","floor":6.0,"turns":9.0},{"damage":11.0,"enemies":"3 Sentries","floor":8.0,"turns":11.0},{"damage":36.0,"enemies":"Lagavulin","floor":10.0,"turns":5.0},{"damage":0.0,"enemies":"2 Fungi Beasts","floor":11.0,"turns":4.0},{"damage":9.0,"enemies":"3 Sentries","floor":12.0,"turns":5.0},{"damage":11.0,"enemies":"conspire:MimicChest","floor":13.0,"turns":5.0},{"damage":32,"enemies":"Gremlin Nob","floor":14,"turns":2}],"seed_played":"-6026973020324290995","potions_obtained":[{"floor":1.0,"key":"Elixir"},{"floor":6.0,"key":"Languid Potion"},{"floor":8.0,"key":"Fruit Juice"}],"is_trial":false,"path_per_floor":["M","$","M","?","M","E","R","E","T","E","M","E","?","E"],"character_chosen":"WATCHER","items_purchased":[],"campfire_rested":0,"item_purchase_floors":[],"current_hp_per_floor":[64,64,64,64,65,51,51,44,44,17,21,16,9,0,0],"gold":225,"neow_bonus":"TRANSFORM_TWO_CARDS","is_daily":false,"chose_seed":false,"campfire_upgraded":1,"win_rate":0.0,"timestamp":1610640624,"path_taken":["M","$","M","?","M","E","R","E","T","E","M","E","?","E"],"items_purchased_type":[],"build_version":"2020-12-22","purchased_purges":1,"victory":false,"max_hp_per_floor":[65,65,65,65,65,65,65,65,65,70,70,70,70,70,70],"card_choices":[{"not_picked":["InnerPeace","ClearTheMind"],"picked":"LikeWater","floor":1.0},{"not_picked":["CutThroughFate","CrushJoints"],"picked":"Halt","floor":3.0},{"not_picked":["Fasting2","Worship","Pray"],"picked":"SKIP","floor":5.0},{"not_picked":["EmptyBody","Protect"],"picked":"CarveReality","floor":6.0},{"not_picked":["BattleHymn","WaveOfTheHand","Nirvana"],"picked":"SKIP","floor":8.0},{"not_picked":["JustLucky","ThirdEye","Replay:Vibes"],"picked":"SKIP","floor":10.0},{"not_picked":["SignatureMove","Worship"],"picked":"ForeignInfluence","floor":11.0},{"not_picked":["ThirdEye","ReachHeaven","WaveOfTheHand"],"picked":"SKIP","floor":12.0}],"player_experience":100252,"relics_obtained":[{"floor":6.0,"key":"halation:Toothbrush"},{"floor":8.0,"key":"Eternal Feather"},{"floor":9.0,"key":"infinitespire:EmpoweringShard"},{"floor":10.0,"key":"infinitespire:CheckeredPen"},{"floor":12.0,"key":"hubris:DeckOfHolding"},{"floor":13.0,"key":"Shuriken"}],"event_choices":[],"is_beta":false,"boss_relics":[],"items_purged_floors":[2],"is_endless":false,"potions_floor_spawned":[1,6,8],"killed_by":"Gremlin Nob","ascension_level":1}}