{"host":"6es90lqcwaoc0kgm","time":1610629183,"event":{"mods":["Act Like it!","Bard","BaseMod","Hallownest","HololiveMod","Jorbs\u0027s Wanderer Trilogy","Marisa£®ÏF”Í°°ƒß¿Ì…≥£©","Minty Spire (QoL Compilation)","Quick Restart","StSLib","The Administrix","The Animator","The Bug Knight","The Cursed","The Runesmith","[GremlinLeader]The Maniac"],"gold_per_floor":[112,37,37,37,48,83,103,122,169,197,197,69,69,83,83,186,186,196,196,116,127,90,119,119,132,213,247,302,47,82,97,97,196,196,215,215,215],"floor_reached":36,"language":"ZHS","playtime":3691,"items_purged":["HollowMod:NailStrikeStart","HollowMod:NailStrikeStart"],"score":450,"play_id":"12934bad-72eb-4172-88f4-430ca01bad0f","local_time":"20210114205943","is_ascension_mode":true,"campfire_choices":[{"data":"HollowMod:CycloneSlash","floor":13.0,"key":"SMITH"},{"data":"HollowMod:SoulStrike","floor":15.0,"key":"SMITH"},{"data":"HollowMod:MothsMistake","floor":24.0,"key":"SMITH"},{"data":"HollowMod:BrokenVessel","floor":32.0,"key":"SMITH"}],"circlet_count":0,"master_deck":["HollowMod:QuickDashStart","HollowMod:QuickDashStart","HollowMod:QuickDashStart","HollowMod:FocusHealStart","HollowMod:PogoStrike","HollowMod:PureNailStrike","HollowMod:ChannelNail","HollowMod:VengefulSpirit","Hallownest:skillGreenpathMap","HollowMod:FallenFury","HollowMod:InfectionAssault+1","HollowMod:DungDefenderAura","HollowMod:BaldurShell","HollowMod:BaldurShell","HollowMod:CycloneSlash+1","HollowMod:SoulStrike+1","HollowMod:Weaversong","HollowMod:InfectedAttack+1","Shame","Hallownest:skillCityofTearsMap","HollowMod:MothsMistake+1","HollowMod:BrokenVessel+1","HollowMod:BrokenVessel","HollowMod:HornetsHelp","HollowMod:BaldurShell+1","HollowMod:PureVessel","HollowMod:SoulEater+1"],"relics":["HollowMod:VesselMask","Hallownest:TeacherSealRelic","Sundial","Happy Flower","HollowMod:MillibellesNoteRelic","Sozu","WarpedTongs","Bag of Marbles","Bottled Tornado","Whetstone","Eternal Feather","Coffee Dripper"],"acts_visited":["Exordium","Hallownest:Greenpath","Hallownest:CityofTears"],"potions_floor_usage":[],"damage_taken":[{"damage":3.0,"enemies":"Hallownest:2_Tiktiks_and_1_Crawlid","floor":1.0,"turns":3.0},{"damage":0.0,"enemies":"Hallownest:2_Baldur","floor":5.0,"turns":3.0},{"damage":31.0,"enemies":"Hallownest:eliteCrystalGuardian","floor":6.0,"turns":8.0},{"damage":1.0,"enemies":"Hallownest:2_MossCreeps","floor":7.0,"turns":5.0},{"damage":14.0,"enemies":"Hallownest:Guard_and_Warrior","floor":8.0,"turns":4.0},{"damage":4.0,"enemies":"Hallownest:eliteVengeflyKing","floor":10.0,"turns":5.0},{"damage":1.0,"enemies":"Hallownest:monsterMarmu","floor":11.0,"turns":4.0},{"damage":0.0,"enemies":"Hallownest:1_Baldur_1_Crawlid_1_Warrior","floor":14.0,"turns":4.0},{"damage":8.0,"enemies":"Hallownest:BossFalseKnight","floor":16.0,"turns":6.0},{"damage":0.0,"enemies":"Hallownest:2_Mistakes","floor":18.0,"turns":5.0},{"damage":3.0,"enemies":"Hallownest:Guard_and_Sentry","floor":21.0,"turns":4.0},{"damage":49.0,"enemies":"Hallownest:eliteWatcherKnight","floor":23.0,"turns":11.0},{"damage":1.0,"enemies":"Hallownest:monsterMisterMushroom","floor":25.0,"turns":6.0},{"damage":8.0,"enemies":"Hallownest:eliteSoulWarrior","floor":27.0,"turns":5.0},{"damage":17.0,"enemies":"Hallownest:Glutton_and_Coward","floor":28.0,"turns":4.0},{"damage":19.0,"enemies":"Hallownest:eliteWatcherKnight","floor":30.0,"turns":10.0},{"damage":13.0,"enemies":"Hallownest:Warrior_and_Youth","floor":31.0,"turns":4.0},{"damage":20.0,"enemies":"Hallownest:BossGrimm","floor":33.0,"turns":9.0},{"damage":24,"enemies":"Hallownest:Shield_Heavy","floor":35,"turns":4},{"damage":42,"enemies":"Hallownest:Shield_Heavy","floor":36,"turns":5},{"damage":11,"enemies":"Hallownest:Shield_Heavy","floor":36,"turns":5},{"damage":32,"enemies":"Hallownest:Shield_Heavy","floor":36,"turns":3}],"seed_played":"-87261822477842481","potions_obtained":[{"floor":1.0,"key":"CultistPotion"},{"floor":6.0,"key":"GamblersBrew"},{"floor":7.0,"key":"AttackPotion"},{"floor":8.0,"key":"FearPotion"}],"is_trial":false,"path_per_floor":["M","?","?","$","M","E","M","M","T","E","?","$","R","M","R","B",null,"M","?","?","M","$","E","R","M","T","E","M","$","E","M","R","B",null,"M","?"],"character_chosen":"THE_BUGKNIGHT","items_purchased":["HollowMod:CycloneSlash","HollowMod:BrokenVessel","Whetstone"],"campfire_rested":0,"item_purchase_floors":[12,22,29],"current_hp_per_floor":[57,57,57,57,57,32,37,23,23,19,18,18,18,18,18,16,75,75,75,75,72,72,33,33,46,46,48,37,37,30,27,42,36,75,57,0,0],"gold":215,"neow_bonus":"TRANSFORM_TWO_CARDS","is_daily":false,"chose_seed":false,"campfire_upgraded":4,"win_rate":0.0,"timestamp":1610629183,"path_taken":["M","?","?","?","M","E","?","M","T","E","?","$","R","M","R","BOSS","M","?","?","?","$","E","R","M","T","E","M","$","E","M","R","BOSS","M","?"],"items_purchased_type":["Card","Card","Relic"],"build_version":"2020-12-22","purchased_purges":2,"victory":false,"max_hp_per_floor":[75,75,75,75,75,75,75,75,75,75,75,75,75,75,75,75,75,75,75,75,75,75,75,75,75,75,75,75,75,75,75,75,75,75,75,75,75],"card_choices":[{"not_picked":["HollowMod:MonarchWings","HollowMod:BrokenVessel"],"picked":"HollowMod:VengefulSpirit","floor":1.0},{"not_picked":["HollowMod:DashSlash","HollowMod:CloakDash"],"picked":"HollowMod:FallenFury","floor":5.0},{"not_picked":["HollowMod:VengefulVoid","HollowMod:ElderbugsWisdom"],"picked":"HollowMod:InfectionAssault","floor":6.0},{"not_picked":["HollowMod:CloakDash","HollowMod:NewLittleFool"],"picked":"HollowMod:DungDefenderAura","floor":7.0},{"not_picked":["HollowMod:SoulVessel","HollowMod:ChannelNail"],"picked":"HollowMod:BaldurShell","floor":8.0},{"not_picked":["HollowMod:DashSlash","HollowMod:SharpenedNail"],"picked":"HollowMod:BaldurShell","floor":10.0},{"not_picked":["HollowMod:GoodIntentions","HollowMod:CoiledNail"],"picked":"HollowMod:SoulStrike","floor":14.0},{"not_picked":["HollowMod:ElderbugsWisdom","HollowMod:MidwifesHunger"],"picked":"HollowMod:Weaversong","floor":16.0},{"not_picked":["HollowMod:SoulSplash","HollowMod:InfectedCysts"],"picked":"HollowMod:InfectedAttack","floor":18.0},{"not_picked":["HollowMod:QuirrelsAssistance","HollowMod:DungDefenderAura"],"picked":"HollowMod:MothsMistake","floor":21.0},{"not_picked":["HollowMod:SiblingsSouls","HollowMod:SoulSplash"],"picked":"HollowMod:BrokenVessel","floor":23.0},{"not_picked":["HollowMod:GreatSlash","HollowMod:CornifersMapStart","HollowMod:CoiledNail"],"picked":"SKIP","floor":25.0},{"not_picked":["HollowMod:VengefulVoid","HollowMod:VengefulSpirit"],"picked":"HollowMod:HornetsHelp","floor":27.0},{"not_picked":["HollowMod:DoubleDash","HollowMod:VengefulVoid","HollowMod:HowlingWraiths+1"],"picked":"SKIP","floor":28.0},{"not_picked":["HollowMod:DashSlash","HollowMod:SharpenedNail","HollowMod:AbyssShriek"],"picked":"SKIP","floor":30.0},{"not_picked":["HollowMod:CloakDash+1","HollowMod:QuirrelsAssistance"],"picked":"HollowMod:BaldurShell+1","floor":31.0},{"not_picked":["HollowMod:theNailsmith","HollowMod:LordofShades"],"picked":"HollowMod:PureVessel","floor":33.0},{"not_picked":["HollowMod:GreatSlash+1","HollowMod:CycloneSlash+1"],"picked":"HollowMod:SoulEater+1","floor":35}],"player_experience":669771,"relics_obtained":[{"floor":6.0,"key":"Sundial"},{"floor":9.0,"key":"Happy Flower"},{"floor":10.0,"key":"HollowMod:MillibellesNoteRelic"},{"floor":23.0,"key":"Bag of Marbles"},{"floor":27.0,"key":"Bottled Tornado"},{"floor":30.0,"key":"Eternal Feather"}],"event_choices":[],"is_beta":false,"boss_relics":[{"not_picked":["Philosopher\u0027s Stone","Tiny House"],"picked":"Sozu"},{"not_picked":["Velvet Choker","Cursed Key"],"picked":"Coffee Dripper"}],"items_purged_floors":[12,29],"is_endless":false,"potions_floor_spawned":[1,6,7,8,21,27,30,33,35,36],"killed_by":"Hallownest:Shield_Heavy","ascension_level":1}}