{"host":"fjaupvxe7fzqrf4j","time":1610641334,"event":{"mods":["ATMod(°¢èªMod)","BaseMod","Minty Spire (QoL Compilation)","StSLib"],"gold_per_floor":[113,113,132,132,132,160,192,224,248,275,302,342,382,447,459,572,584,683,695,545,470,470,525,635,688,714,1120,1220,1220,1279,1379,1379,1478,1478,1566,2565,2212,2212,2317,2367,2424,2482,2482,2584,2593,2648,2648,1822,1822,1847,1897,1897,1897,1481,1763,1888],"floor_reached":57,"language":"ZHS","playtime":1324,"items_purged":["FollowUp","Normality","BowlingBash+1"],"score":4701,"play_id":"c16eecad-6ecc-4098-ab39-77b3b0f4231b","local_time":"20210115002214","daily_mods":["SealedDeck","Heirloom","Time Dilation","Flight","Elite Swarm"],"is_ascension_mode":true,"campfire_choices":[{"data":"Ragnarok","floor":15.0,"key":"SMITH"},{"data":"Fasting2","floor":29.0,"key":"SMITH"},{"floor":32.0,"key":"RECALL"},{"data":"Normality","floor":47.0,"key":"PURGE"},{"data":"Consecrate+1","floor":49.0,"key":"PURGE"},{"data":"AT_DivineConfetti","floor":53.0,"key":"SMITH"}],"circlet_count":0,"master_deck":["AscendersBane","WheelKick+1","InnerPeace+1","TalkToTheHand+1","Crescendo+1","Crescendo+1","AT_DarkMatter+1","AT_ChampionStep+1","Scrawl+1","Scrawl+1","LessonLearned+1","Brilliance+1","Ragnarok+1","Tantrum+1","Fasting2+1","Omniscience+1","Halt+1","Omniscience+1","Purity+1","AT_ChampionStep+1","InnerPeace+1","AT_DivineConfetti+1"],"relics":["HolyWater","AT_ATBox","AT_RabadonDeathcap","Art of War","Oddly Smooth Stone","AT_SunfireAegis","Akabeko","Shuriken","MawBank","AT_RedTearstoneRing","AT_MibuBalloonWealth","MealTicket","AT_TrinityForce","MutagenicStrength","Question Card","Ancient Tea Set","Vajra","Old Coin","Bronze Scales","Matryoshka","Boot","Anchor","Peace Pipe","Turnip","Blue Candle","CeramicFish","Damaru","Bottled Tornado","Smiling Mask","AT_BladeRuinedKing","Regal Pillow","Lizard Tail","DollysMirror","Membership Card","AT_TheCollector","Blood Vial","Bottled Lightning"],"acts_visited":["Exordium","TheCity","TheBeyond","TheEnding"],"potions_floor_usage":[56,56],"damage_taken":[{"damage":0.0,"enemies":"Jaw Worm","floor":1.0,"turns":1.0},{"damage":0.0,"enemies":"Cultist","floor":3.0,"turns":1.0},{"damage":0.0,"enemies":"3 Sentries","floor":6.0,"turns":2.0},{"damage":0.0,"enemies":"Lagavulin","floor":7.0,"turns":1.0},{"damage":0.0,"enemies":"Gremlin Nob","floor":8.0,"turns":2.0},{"damage":0.0,"enemies":"Lagavulin","floor":10.0,"turns":1.0},{"damage":0.0,"enemies":"Gremlin Nob","floor":11.0,"turns":1.0},{"damage":0.0,"enemies":"Lagavulin","floor":12.0,"turns":1.0},{"damage":0.0,"enemies":"3 Sentries","floor":13.0,"turns":1.0},{"damage":0.0,"enemies":"Lagavulin","floor":14.0,"turns":2.0},{"damage":0.0,"enemies":"Hexaghost","floor":16.0,"turns":2.0},{"damage":0.0,"enemies":"3 Byrds","floor":18.0,"turns":2.0},{"damage":11.0,"enemies":"Book of Stabbing","floor":23.0,"turns":2.0},{"damage":0.0,"enemies":"Gremlin Leader","floor":24.0,"turns":1.0},{"damage":0.0,"enemies":"Book of Stabbing","floor":25.0,"turns":1.0},{"damage":0.0,"enemies":"Gremlin Leader","floor":27.0,"turns":1.0},{"damage":0.0,"enemies":"Slavers","floor":28.0,"turns":1.0},{"damage":0.0,"enemies":"Book of Stabbing","floor":30.0,"turns":1.0},{"damage":0.0,"enemies":"Slavers","floor":31.0,"turns":1.0},{"damage":0.0,"enemies":"Champ","floor":33.0,"turns":1.0},{"damage":0.0,"enemies":"3 Shapes","floor":35.0,"turns":1.0},{"damage":0.0,"enemies":"2 Orb Walkers","floor":39.0,"turns":1.0},{"damage":0.0,"enemies":"Giant Head","floor":40.0,"turns":1.0},{"damage":0.0,"enemies":"Nemesis","floor":41.0,"turns":1.0},{"damage":1.0,"enemies":"Giant Head","floor":42.0,"turns":1.0},{"damage":0.0,"enemies":"Reptomancer","floor":44.0,"turns":1.0},{"damage":2.0,"enemies":"Nemesis","floor":46.0,"turns":1.0},{"damage":0.0,"enemies":"Time Eater","floor":50.0,"turns":1.0},{"damage":0.0,"enemies":"Donu and Deca","floor":51.0,"turns":1.0},{"damage":0.0,"enemies":"Shield and Spear","floor":55.0,"turns":1.0},{"damage":15,"enemies":"The Heart","floor":56,"turns":4}],"seed_played":"6165202799626207966","potions_obtained":[{"floor":1.0,"key":"Fire Potion"},{"floor":3.0,"key":"Swift Potion"},{"floor":10.0,"key":"SkillPotion"}],"is_trial":true,"path_per_floor":["M","?","M","?","$","E","E","E","T","E","E","E","E","E","R","B",null,"M","?","$","?","?","E","E","E","T","E","E","R","E","E","R","B",null,"M","?","$","?","?","E","E","E","T","E","?","E","R","$","R","B","B",null,"R","$","E","B",null],"character_chosen":"WATCHER","items_purchased":["Fasting2","Anchor","DuplicationPotion","Regal Pillow","Lizard Tail","AT_ChampionStep","DollysMirror","AT_DivineConfetti","Membership Card","AT_TheCollector","Blood Vial"],"campfire_rested":0,"item_purchase_floors":[20,37,37,48,48,48,48,48,54,54,54],"current_hp_per_floor":[61,66,66,66,66,66,66,66,66,66,66,66,66,66,66,66,68,68,68,68,68,68,57,57,57,57,57,57,57,57,57,57,57,65,65,65,68,68,68,68,68,67,67,67,67,65,65,68,68,68,68,68,68,68,68,53],"gold":1888,"neow_bonus":"","is_daily":false,"chose_seed":false,"campfire_upgraded":3,"win_rate":0.0,"timestamp":1610641334,"path_taken":["M","?","?","?","$","E","E","E","T","E","E","E","E","E","R","BOSS","M","?","$","?","?","E","E","E","T","E","E","R","E","E","R","BOSS","M","?","$","?","?","E","E","E","T","E","?","E","R","$","R","BOSS","BOSS","R","$","E","BOSS"],"items_purchased_type":["Card","Relic","Potion","Relic","Relic","Card","Relic","Card","Relic","Relic","Relic"],"build_version":"2020-12-22","purchased_purges":3,"victory":true,"max_hp_per_floor":[68,68,68,68,68,68,68,68,68,68,68,68,68,68,68,68,68,68,68,68,68,68,68,68,68,68,68,68,68,68,68,68,68,68,68,68,68,68,68,68,68,68,68,68,68,68,68,68,68,68,68,68,68,68,68,68],"card_choices":[{"not_picked":["Prostrate","AT_DivineConfetti","DeceiveReality"],"picked":"SKIP","floor":1.0},{"not_picked":["Wireheading","Protect"],"picked":"AT_ChampionStep","floor":3.0},{"not_picked":["AT_ChampionKick","DeusExMachina"],"picked":"Scrawl","floor":6.0},{"not_picked":["AT_IrregularMenstruation","Alpha","Blasphemy"],"picked":"SKIP","floor":7.0},{"not_picked":["MasterReality","DeusExMachina"],"picked":"Scrawl","floor":8.0},{"not_picked":["Omniscience","ConjureBlade"],"picked":"LessonLearned","floor":10.0},{"not_picked":["MasterReality","Scrawl"],"picked":"Brilliance","floor":11.0},{"not_picked":["AT_RealColorLess","Judgement","AT_ChampionKick"],"picked":"SKIP","floor":12.0},{"not_picked":["AT_IrregularMenstruation","SpiritShield","LessonLearned"],"picked":"SKIP","floor":13.0},{"not_picked":["AT_IrregularMenstruation","AT_MachinaRedman"],"picked":"Ragnarok","floor":14.0},{"not_picked":["SandsOfTime","PathToVictory"],"picked":"Tantrum","floor":18.0},{"not_picked":["AT_MachinaRedman","Wish","ConjureBlade"],"picked":"SKIP","floor":23.0},{"not_picked":["Brilliance","Wish","LessonLearned","AT_RealColorLess"],"picked":"SKIP","floor":24.0},{"not_picked":["Devotion","SpiritShield","Blasphemy","Establishment"],"picked":"SKIP","floor":25.0},{"not_picked":["DeusExMachina","AT_IrregularMenstruation","Devotion","Judgement"],"picked":"SKIP","floor":27.0},{"not_picked":["AT_MachinaRedman","Devotion","DeusExMachina","AT_RealColorLess"],"picked":"SKIP","floor":28.0},{"not_picked":["AT_ChampionKick","Blasphemy","LessonLearned"],"picked":"Omniscience","floor":30.0},{"not_picked":["DeusExMachina","AT_IrregularMenstruation","SpiritShield","AT_ChampionKick"],"picked":"SKIP","floor":31.0},{"not_picked":["ForeignInfluence+1","WreathOfFlame+1","FlurryOfBlows"],"picked":"Halt","floor":35.0},{"not_picked":["Wish","MasterReality","Vault"],"picked":"Omniscience","floor":40.0},{"not_picked":["Wish","AT_IrregularMenstruation","AT_MachinaRedman","Establishment"],"picked":"SKIP","floor":41.0},{"not_picked":["Vault","Ragnarok","Scrawl","SpiritShield"],"picked":"SKIP","floor":42.0},{"not_picked":["AT_ChampionKick","Alpha","Wish","Judgement"],"picked":"SKIP","floor":44.0},{"not_picked":["HandOfGreed","AT_BreakingExtremeWeapon","Madness"],"picked":"Purity","floor":45.0},{"not_picked":["AT_MachinaRedman","Wish","Devotion","Establishment"],"picked":"SKIP","floor":46.0},{"not_picked":["MasterReality","Scrawl","AT_MachinaRedman","Establishment"],"picked":"SKIP","floor":55.0}],"player_experience":438549,"relics_obtained":[{"floor":6.0,"key":"Art of War"},{"floor":7.0,"key":"Oddly Smooth Stone"},{"floor":8.0,"key":"AT_SunfireAegis"},{"floor":9.0,"key":"Akabeko"},{"floor":10.0,"key":"Shuriken"},{"floor":11.0,"key":"MawBank"},{"floor":12.0,"key":"AT_RedTearstoneRing"},{"floor":13.0,"key":"AT_MibuBalloonWealth"},{"floor":14.0,"key":"MealTicket"},{"floor":23.0,"key":"Question Card"},{"floor":24.0,"key":"Ancient Tea Set"},{"floor":25.0,"key":"Vajra"},{"floor":27.0,"key":"Old Coin"},{"floor":28.0,"key":"Bronze Scales"},{"floor":30.0,"key":"Matryoshka"},{"floor":31.0,"key":"Boot"},{"floor":39.0,"key":"Peace Pipe"},{"floor":40.0,"key":"Turnip"},{"floor":41.0,"key":"Blue Candle"},{"floor":42.0,"key":"CeramicFish"},{"floor":43.0,"key":"Damaru"},{"floor":43.0,"key":"Bottled Tornado"},{"floor":44.0,"key":"Smiling Mask"},{"floor":46.0,"key":"AT_BladeRuinedKing"},{"floor":55.0,"key":"Bottled Lightning"}],"event_choices":[{"cards_removed":["EmptyFist"],"damage_healed":5.0,"max_hp_gain":0.0,"max_hp_loss":0.0,"gold_gain":0.0,"event_name":"Bonfire Elementals","player_choice":"Offered Common","floor":2.0,"gold_loss":0.0,"damage_taken":0.0},{"cards_removed":["EmptyFist"],"damage_healed":5.0,"max_hp_gain":0.0,"max_hp_loss":0.0,"gold_gain":0.0,"event_name":"Bonfire Elementals","player_choice":"Offered Special","floor":2.0,"gold_loss":0.0,"damage_taken":0.0},{"damage_healed":0.0,"max_hp_gain":0.0,"max_hp_loss":0.0,"gold_gain":0.0,"event_name":"The Cleric","player_choice":"Leave","floor":4.0,"gold_loss":0.0,"damage_taken":0.0},{"damage_healed":0.0,"max_hp_gain":0.0,"max_hp_loss":0.0,"gold_gain":0.0,"event_name":"Drug Dealer","player_choice":"Inject Mutagens","floor":19.0,"gold_loss":0.0,"damage_taken":0.0,"relics_obtained":["MutagenicStrength"]},{"cards_removed":["FlurryOfBlows"],"damage_healed":0.0,"max_hp_gain":0.0,"max_hp_loss":0.0,"gold_gain":0.0,"event_name":"Beggar","player_choice":"Gave Gold","floor":21.0,"gold_loss":75.0,"damage_taken":0.0},{"damage_healed":0.0,"max_hp_gain":0.0,"max_hp_loss":0.0,"gold_gain":0.0,"event_name":"The Mausoleum","player_choice":"Ignored","floor":22.0,"gold_loss":0.0,"damage_taken":0.0},{"damage_healed":0.0,"max_hp_gain":0.0,"max_hp_loss":0.0,"gold_gain":999.0,"event_name":"MindBloom","player_choice":"Gold","floor":36.0,"gold_loss":0.0,"damage_taken":0.0,"cards_obtained":["Normality","Normality"]},{"damage_healed":0.0,"max_hp_gain":0.0,"max_hp_loss":0.0,"gold_gain":0.0,"event_name":"Tomb of Lord Red Mask","player_choice":"Ignored","floor":38.0,"gold_loss":0.0,"damage_taken":0.0},{"damage_healed":0.0,"max_hp_gain":0.0,"max_hp_loss":0.0,"gold_gain":0.0,"event_name":"Mysterious Sphere","player_choice":"Fight","floor":39.0,"gold_loss":0.0,"damage_taken":0.0},{"damage_healed":0.0,"max_hp_gain":0.0,"max_hp_loss":0.0,"gold_gain":0.0,"event_name":"SensoryStone","player_choice":"Memory 1","floor":45.0,"gold_loss":0.0,"damage_taken":0.0}],"is_beta":false,"boss_relics":[{"not_picked":["SlaversCollar","SacredBark"],"picked":"AT_TrinityForce"},{"not_picked":["Velvet Choker","Busted Crown"],"picked":"HolyWater"}],"items_purged_floors":[20,37,48],"is_endless":false,"potions_floor_spawned":[1,3,8,10,13,23,25,30,33,35,39,40,42],"ascension_level":20}}