{"host":"74uvi6kym3vf3uk6","time":1610639003,"event":{"mods":["AchievementEnabler","BaseMod","Colored Map","Colored Powertips","Custom Start","Dark Map","Hermit","Highlight Path","Minty Spire (QoL Compilation)","Permanent Neow","Rare Cards Sparkle","StSLib","The Bug Knight","The Disciple","The Runesmith","The Servant 0.9.4"],"gold_per_floor":[419,419,419,434,69,69,87,87,87,102,121,132,158,168,168,266,266,266,266],"floor_reached":18,"language":"ENG","playtime":1574,"items_purged":[],"score":364,"play_id":"56c76e7d-1205-4cc2-989c-43d603bf80cb","local_time":"20210114094323","is_ascension_mode":false,"campfire_choices":[{"floor":6,"key":"DIG"},{"floor":8,"key":"DIG"},{"floor":15,"key":"DIG"}],"circlet_count":0,"master_deck":["Electrodynamics","Electrodynamics","Gash","Gash","Gash","Gash","Gash","Capacitor","Capacitor","Capacitor","Defragment","Defragment","Defragment","Echo Form","Creative AI"],"relics":["Runesmith:BrokenRuby","Nuclear Battery","Cracked Core","Inserter","Unceasing Top","Chemical X","Eternal Feather","FossilizedHelix","Frozen Egg 2","Molten Egg 2","Toxic Egg 2","Juzu Bracelet","Ice Cream","Happy Flower","Lee\u0027s Waffle","Lizard Tail","Magic Flower","Mango","MealTicket","Meat on the Bone","Medical Kit","Membership Card","Mercury Hourglass","Runesmith:Nanobots","Oddly Smooth Stone","Old Coin","OrangePellets","Orichalcum","Ornamental Fan","Pantograph","Paper Crane","Paper Frog","Paper Turtyl","Peace Pipe","Pear","PreservedInsect","Potion Belt","Prayer Wheel","Question Card","Regal Pillow","Runic Cube","Runic Pyramid","SacredBark","Self Forming Clay","Shovel","Shuriken","SlaversCollar","Sling","Strawberry","Sundial","TheAbacus","Boot","Thread and Needle","Tingsha","Torii","Tough Bandages","Toy Ornithopter","TungstenRod","TwistedFunnel","Vajra","White Beast Statue","The Specimen","Snake Skull","ClockworkSouvenir","Matryoshka","CaptainsWheel","Letter Opener","Bottled Flame","Lantern","The Courier","Turnip","WingedGreaves","SacredBark"],"acts_visited":["Exordium","TheCity"],"potions_floor_usage":[11,13,16,16,16,16,16,16,16,16,16,16,18],"damage_taken":[{"damage":0,"enemies":"Small Slimes","floor":1,"turns":1},{"damage":0,"enemies":"Jaw Worm","floor":4,"turns":2},{"damage":0,"enemies":"2 Louse","floor":7,"turns":2},{"damage":0,"enemies":"Looter","floor":10,"turns":1},{"damage":0,"enemies":"Exordium Thugs","floor":11,"turns":1},{"damage":0,"enemies":"Lots of Slimes","floor":12,"turns":1},{"damage":0,"enemies":"Lagavulin","floor":13,"turns":2},{"damage":0,"enemies":"Blue Slaver","floor":14,"turns":2},{"damage":0,"enemies":"Slime Boss","floor":16,"turns":2},{"damage":0,"enemies":"Shell Parasite","floor":18,"turns":1}],"seed_played":"4726080833525839986","potions_obtained":[{"floor":1,"key":"BlessingOfTheForge"},{"floor":4,"key":"SteroidPotion"},{"floor":7,"key":"EntropicBrew"},{"floor":10,"key":"Swift Potion"},{"floor":11,"key":"Weak Potion"},{"floor":12,"key":"DuplicationPotion"},{"floor":13,"key":"BlessingOfTheForge"},{"floor":16,"key":"EssenceOfSteel"}],"is_trial":true,"path_per_floor":["M","?","?","M","$","R","M","R","T","M","M","M","E","M","R","B",null,"M"],"character_chosen":"RUNESMITH_CLASS","items_purchased":["ClockworkSouvenir","Matryoshka","CaptainsWheel"],"campfire_rested":0,"item_purchase_floors":[5,5,5],"current_hp_per_floor":[108,108,108,108,108,108,108,108,108,108,108,108,108,108,108,108,108,108,108],"gold":266,"neow_bonus":"","is_daily":false,"chose_seed":false,"campfire_upgraded":0,"win_rate":0.0,"timestamp":1610639003,"path_taken":["M","?","?","M","$","R","M","R","T","M","M","M","E","M","R","BOSS","M"],"items_purchased_type":["Relic","Relic","Relic"],"build_version":"2020-12-22","purchased_purges":0,"victory":false,"max_hp_per_floor":[108,108,108,108,108,108,108,108,108,108,108,108,108,108,108,108,108,108,108],"card_choices":[{"not_picked":["Runesmith:CraftMagma+1","Runesmith:HeatExchange+1","Runesmith:EnergizedChisel+1","Runesmith:HammerThrow+1"],"picked":"SKIP","floor":1},{"not_picked":["Runesmith:CraftIncendium+1","Runesmith:ShiftingStrike+1","Runesmith:ChiselStab+1","Runesmith:EarthShield+1"],"picked":"SKIP","floor":1},{"not_picked":["Runesmith:CraftVitae+1","Runesmith:NanitesCloud+1","Runesmith:ShiftingStrike+1","Runesmith:CraftProtectio+1"],"picked":"SKIP","floor":4},{"not_picked":["Runesmith:NanitesCloud+1","Runesmith:UnstableHammer+1","Runesmith:EnergizedChisel+1","Runesmith:Permafrost+1"],"picked":"SKIP","floor":4},{"not_picked":["Runesmith:Overpower+1","Runesmith:Duplicate+1","Runesmith:Grindstone+1","Runesmith:StaticCage+1"],"picked":"SKIP","floor":7},{"not_picked":["Runesmith:EnergizedChisel+1","Runesmith:Overpower+1","Runesmith:ChiselStab+1","Runesmith:Augment+1"],"picked":"SKIP","floor":7},{"not_picked":["Runesmith:MakeshiftArmor+1","Runesmith:EarthShield+1","Runesmith:ChiselStab+1","Runesmith:StaticCage+1"],"picked":"SKIP","floor":10},{"not_picked":["Runesmith:EarthShield+1","Runesmith:HammerThrow+1","Runesmith:CraftVitae+1","Runesmith:Refine+1"],"picked":"SKIP","floor":10},{"not_picked":["Runesmith:GrandSlam+1","Runesmith:HeatedChisel+1","Runesmith:CraftVitae+1","Runesmith:EnergizedChisel+1"],"picked":"SKIP","floor":11},{"not_picked":["Runesmith:Empowerment+1","Runesmith:RuneHurl+1","Runesmith:Overpower+1","Runesmith:ShiftingStrike+1"],"picked":"SKIP","floor":11},{"not_picked":["Runesmith:CraftMagma+1","Runesmith:Superposition+1","Runesmith:Retool+1","Runesmith:Overpower+1"],"picked":"SKIP","floor":12},{"not_picked":["Runesmith:HeatedChisel+1","Runesmith:LastStand+1","Runesmith:HammerThrow+1","Runesmith:Prism+1"],"picked":"SKIP","floor":12},{"not_picked":["Runesmith:WhiteBalance+1","Runesmith:RuneHurl+1","Runesmith:Permafrost+1","Runesmith:CraftMedicinae+1"],"picked":"SKIP","floor":13},{"not_picked":["Runesmith:CraftVitae+1","Runesmith:HeatExchange+1","Runesmith:HammerThrow+1","Runesmith:BackupBattery+1"],"picked":"SKIP","floor":14},{"not_picked":["Runesmith:ShiftingStrike+1","Runesmith:CraftSpiculum+1","Runesmith:NegativeSpace+1","Runesmith:Overpower+1"],"picked":"SKIP","floor":14}],"player_experience":154666,"relics_obtained":[{"floor":6,"key":"Letter Opener"},{"floor":8,"key":"Bottled Flame"},{"floor":9,"key":"Lantern"},{"floor":9,"key":"The Courier"},{"floor":13,"key":"Turnip"},{"floor":15,"key":"WingedGreaves"}],"event_choices":[{"damage_healed":0,"gold_gain":0,"player_choice":"Ignored","damage_taken":0,"max_hp_gain":0,"max_hp_loss":0,"event_name":"Golden Wing","floor":2,"gold_loss":0},{"damage_healed":0,"gold_gain":0,"player_choice":"Ignored","damage_taken":0,"max_hp_gain":0,"max_hp_loss":0,"event_name":"Liars Game","floor":3,"gold_loss":0}],"is_beta":false,"boss_relics":[{"not_picked":["Velvet Choker","Sozu"],"picked":"SacredBark"}],"items_purged_floors":[],"is_endless":false,"potions_floor_spawned":[1,4,7,10,11,12,13,14,16],"killed_by":"Shell Parasite","ascension_level":0}}