{"host":"ueef25wtkg2eer3h","time":1610617704,"event":{"mods":["AchievementEnabler","BaseMod","Colored Map","Colored Powertips","DeckTracker","Displayed Cursed Tome","Googly Eyes","Highlight Path","Minty Spire (QoL Compilation)","Slay the Relics Exporter","StSLib"],"gold_per_floor":[113,113,130,130,130,161,179,179,179,193,193,229,18,37,37,168,168,182,97,97,74,173,204,228,228,228,228,228,252,252,252],"floor_reached":30,"language":"ENG","playtime":1430,"items_purged":["Strike_B"],"score":580,"play_id":"b40e0ed5-984d-4c96-8e26-c2d1571db1f4","local_time":"20210114104824","is_ascension_mode":true,"campfire_choices":[{"data":"Sweeping Beam","floor":8.0,"key":"SMITH"},{"data":"Go for the Eyes","floor":11.0,"key":"SMITH"},{"floor":15.0,"key":"REST"},{"data":"Chill","floor":27,"key":"SMITH"}],"circlet_count":0,"master_deck":["AscendersBane","Strike_B","Strike_B","Strike_B","Defend_B","Defend_B","Defend_B","Defend_B","Zap+1","Dualcast","Redo","Self Repair","Gash","Core Surge","Sweeping Beam+1","Ball Lightning","Go for the Eyes+1","Beam Cell","Beam Cell","Flash of Steel","Chill+1","Undo","Creative AI","Static Discharge+1","Sunder","Ghostly","Ghostly","Ghostly","Ghostly","Ghostly","Gash","Cold Snap+1","Gash","Echo Form","Reinforced Body+1","Sweeping Beam"],"relics":["Cracked Core","NeowsBlessing","Ginger","Golden Idol","Prayer Wheel","Shuriken","PreservedInsect","Inserter","Omamori","CaptainsWheel","Emotion Chip","Nilry\u0027s Codex"],"acts_visited":["Exordium","TheCity"],"potions_floor_usage":[24,30,30],"damage_taken":[{"damage":0.0,"enemies":"2 Louse","floor":1.0,"turns":1.0},{"damage":0.0,"enemies":"Cultist","floor":3.0,"turns":1.0},{"damage":0.0,"enemies":"Lagavulin","floor":6.0,"turns":1.0},{"damage":14.0,"enemies":"Jaw Worm","floor":7.0,"turns":3.0},{"damage":11.0,"enemies":"Looter","floor":10.0,"turns":2.0},{"damage":6.0,"enemies":"Gremlin Nob","floor":12.0,"turns":3.0},{"damage":9.0,"enemies":"Exordium Thugs","floor":14.0,"turns":3.0},{"damage":0.0,"enemies":"Slime Boss","floor":16.0,"turns":6.0},{"damage":30,"enemies":"Shell Parasite","floor":18,"turns":5},{"damage":14,"enemies":"Slavers","floor":23,"turns":6},{"damage":0,"enemies":"Chosen","floor":24,"turns":6},{"damage":4,"enemies":"Sentry and Sphere","floor":29,"turns":6},{"damage":23,"enemies":"Book of Stabbing","floor":30,"turns":5}],"seed_played":"-7825480877793630713","potions_obtained":[{"floor":3.0,"key":"Dexterity Potion"},{"floor":6.0,"key":"EntropicBrew"},{"floor":16.0,"key":"PowerPotion"},{"floor":24,"key":"PowerPotion"}],"is_trial":false,"path_per_floor":["M","?","M","?","?","E","M","R","T","M","R","E","$","M","R","B",null,"M","?","?","$","?","E","M","?","T","R","?","M","E"],"character_chosen":"DEFECT","items_purchased":["Beam Cell","Flash of Steel","Gash"],"campfire_rested":1,"item_purchase_floors":[13,13,21],"current_hp_per_floor":[68,68,68,50,50,50,43,43,43,32,32,26,26,24,44,51,65,42,42,34,34,34,27,34,34,34,34,18,21,0,0],"gold":252,"neow_bonus":"THREE_ENEMY_KILL","is_daily":false,"chose_seed":false,"campfire_upgraded":3,"win_rate":0.0,"timestamp":1610617704,"path_taken":["M","?","?","?","?","E","?","R","T","M","R","E","$","M","R","BOSS","M","?","?","?","?","E","M","?","T","R","?","M","E"],"items_purchased_type":["Card","Card","Card"],"build_version":"2020-12-22","purchased_purges":1,"victory":false,"max_hp_per_floor":[75,75,75,75,69,69,69,69,69,69,69,69,69,69,69,69,69,69,69,34,34,34,34,34,34,34,34,34,34,34,34],"card_choices":[{"not_picked":["Loop","Auto Shields"],"picked":"Redo","floor":1.0},{"not_picked":["Barrage","Rebound"],"picked":"Self Repair","floor":3.0},{"not_picked":["Conserve Battery","Self Repair"],"picked":"Gash","floor":6.0},{"not_picked":["Conserve Battery","Stack"],"picked":"Core Surge","floor":7.0},{"not_picked":["Darkness","Hologram"],"picked":"Sweeping Beam","floor":7.0},{"not_picked":["Loop","Steam"],"picked":"Ball Lightning","floor":10.0},{"not_picked":["Sweeping Beam","Doom and Gloom"],"picked":"Go for the Eyes","floor":10.0},{"not_picked":["Streamline","Amplify"],"picked":"Beam Cell","floor":12.0},{"not_picked":["Aggregate","Steam"],"picked":"Chill","floor":14.0},{"not_picked":["Consume","Double Energy"],"picked":"Undo","floor":14.0},{"not_picked":["Machine Learning","Rainbow"],"picked":"Creative AI","floor":16.0},{"not_picked":["Rebound","Compile Driver"],"picked":"Static Discharge+1","floor":18},{"not_picked":["Coolheaded","Turbo"],"picked":"Sunder","floor":18},{"not_picked":["Coolheaded","Hello World"],"picked":"Cold Snap+1","floor":23},{"not_picked":["Ball Lightning","Go for the Eyes"],"picked":"Gash","floor":24},{"not_picked":["Compile Driver","Tempest","Steam"],"picked":"SKIP","floor":24},{"not_picked":["Steam Power","Ball Lightning"],"picked":"Reinforced Body+1","floor":29},{"not_picked":["Leap","Auto Shields"],"picked":"Sweeping Beam","floor":29}],"player_experience":280183,"relics_obtained":[{"floor":6.0,"key":"Prayer Wheel"},{"floor":9.0,"key":"Shuriken"},{"floor":12.0,"key":"PreservedInsect"},{"floor":23,"key":"CaptainsWheel"},{"floor":26,"key":"Emotion Chip"}],"event_choices":[{"damage_healed":0.0,"max_hp_gain":0.0,"max_hp_loss":0.0,"gold_gain":0.0,"event_name":"Upgrade Shrine","player_choice":"Upgraded","floor":2.0,"gold_loss":0.0,"damage_taken":0.0,"cards_upgraded":["Zap"]},{"damage_healed":0.0,"max_hp_gain":0.0,"max_hp_loss":0.0,"gold_gain":0.0,"event_name":"Scrap Ooze","player_choice":"Success","floor":4.0,"gold_loss":0.0,"damage_taken":18.0,"relics_obtained":["Ginger"]},{"damage_healed":0.0,"max_hp_gain":0.0,"max_hp_loss":6.0,"gold_gain":0.0,"event_name":"Golden Idol","player_choice":"Lose Max HP","floor":5.0,"gold_loss":0.0,"damage_taken":0.0,"relics_obtained":["Golden Idol"]},{"damage_healed":0,"gold_gain":0,"player_choice":"Obtained Relic","damage_taken":0,"relics_obtained":["Omamori"],"max_hp_gain":0,"max_hp_loss":0,"event_name":"Addict","floor":19,"gold_loss":85},{"damage_healed":0,"gold_gain":0,"player_choice":"Became a Ghost","damage_taken":0,"max_hp_gain":0,"max_hp_loss":35,"event_name":"Ghosts","floor":20,"gold_loss":0,"cards_obtained":["Ghostly","Ghostly","Ghostly","Ghostly","Ghostly"]},{"damage_healed":0,"gold_gain":99,"player_choice":"Stole From Cult","damage_taken":0,"max_hp_gain":0,"max_hp_loss":0,"event_name":"Nest","floor":22,"gold_loss":0},{"damage_healed":0,"gold_gain":0,"player_choice":"Read","damage_taken":0,"max_hp_gain":0,"max_hp_loss":0,"event_name":"The Library","floor":25,"gold_loss":0,"cards_obtained":["Echo Form"]},{"damage_healed":0,"gold_gain":0,"player_choice":"Obtained Book","damage_taken":16,"max_hp_gain":0,"max_hp_loss":0,"event_name":"Cursed Tome","floor":28,"gold_loss":0}],"is_beta":false,"boss_relics":[{"not_picked":["Velvet Choker","FrozenCore"],"picked":"Inserter"}],"items_purged_floors":[13],"is_endless":false,"potions_floor_spawned":[3,6,12,14,16,18,24],"killed_by":"Book of Stabbing","ascension_level":12}}