{"host":"4ek4eq5z32z3zgvw","time":1610664867,"event":{"mods":["2.2 Compatiblity","AchievementEnabler","Act Like it!","AlwaysNeverKeys","Aspiration","BaseMod","Better Match","Better Note","Better Sensory Stone","Better Third Choice","BetterRewards","Block Reminder","Colored Map","Colored Powertips","DeckTracker","Defuse TimeMaze Blight","Downfall","Energized Spire","Halation","Hubris","Infinite Spire","Minty Spire (QoL Compilation)","Permanent Neow","Quick Restart","Rare Cards Sparkle","Relic Filter","Relic Sorter","Replay The Spire","Shop Mod","Spikes Relics","StSLib","SuperFastMode","Synergy Search","Unceasing Turn Reminder","UnlockEverythingMod","egg","vexMod"],"gold_per_floor":[114,129,50,60,60,60,94,110,110,129,129,129,154,46,46,136,136,152,67,67,67,67,67,103,103,157,157,157],"floor_reached":27,"language":"ENG","playtime":624,"items_purged":[],"score":458,"play_id":"2941c7ec-4027-4a89-81a9-2d851ae415dd","local_time":"20210114165427","is_ascension_mode":true,"campfire_choices":[{"data":"Transmutation","floor":6.0,"key":"SMITH"},{"data":"Distraction","floor":15,"key":"SMITH"},{"floor":23,"key":"REST"},{"floor":25,"key":"REST"}],"circlet_count":0,"master_deck":["AscendersBane","Strike_G","Strike_G","Strike_G","Strike_G","Defend_G","Defend_G","Defend_G","Defend_G","Defend_G","Survivor","Neutralize","CloudedMind","Transmutation+1","Poisoned Stab","Deadly Poison","Backflip","Distraction+1","Bandage Up","Offering","Metallicize","CommonCold","Voices","hubris:Rewind"],"relics":["Ring of the Snake","hubris:Stopwatch","Iron Hammer","hubris:DisguiseKit","Golden Idol","Nunchaku","aspiration:TomeofQuesting","SpikesRelics:DaevaFist"],"acts_visited":["Exordium","TheCity"],"potions_floor_usage":[7,13,16,16,24,24],"damage_taken":[{"damage":5.0,"enemies":"Small Slimes","floor":1.0,"turns":4.0},{"damage":8.0,"enemies":"Cultist","floor":2.0,"turns":5.0},{"damage":0.0,"enemies":"2 Louse","floor":4.0,"turns":3.0},{"damage":13,"enemies":"Gremlin Nob","floor":7,"turns":4},{"damage":0,"enemies":"Blue Slaver","floor":8,"turns":2},{"damage":8,"enemies":"Looter","floor":10,"turns":2},{"damage":6,"enemies":"Large Slime","floor":13,"turns":3},{"damage":21,"enemies":"Hexaghost","floor":16,"turns":8},{"damage":23,"enemies":"2 Thieves","floor":18,"turns":5},{"damage":46,"enemies":"Book of Stabbing","floor":24,"turns":5},{"damage":46,"enemies":"Replay:Snechameleon","floor":27,"turns":8}],"seed_played":"2715479402370567821","potions_obtained":[{"floor":1.0,"key":"SteroidPotion"},{"floor":7,"key":"Weak Potion"},{"floor":8,"key":"Regen Potion"},{"floor":10,"key":"Energy Potion"},{"floor":13,"key":"champ:CounterPotion"},{"floor":16,"key":"SteroidPotion"},{"floor":18,"key":"Block Potion"}],"is_trial":false,"path_per_floor":["M","M","$","M","?","R","E","M","T","M","?","?","M","$","R","B",null,"M","?","?","?","$","R","E","R","T","E"],"character_chosen":"THE_SILENT","items_purchased":["Reflective Coating","Bandage Up"],"campfire_rested":2,"item_purchase_floors":[3,14],"current_hp_per_floor":[54,46,46,46,46,46,33,33,33,25,31,31,25,25,25,23,51,34,34,34,34,34,52,18,36,36,0,0],"gold":157,"neow_bonus":"RANDOM_COLORLESS_2","is_daily":false,"chose_seed":false,"campfire_upgraded":2,"win_rate":0.0,"timestamp":1610664867,"path_taken":["M","M","$","M","?","R","E","M","T","?","?","?","M","$","R","BOSS","M","?","?","?","$","R","E","R","T","E"],"items_purchased_type":["Potion","Card"],"build_version":"2020-12-22","purchased_purges":0,"victory":false,"max_hp_per_floor":[66,66,66,66,66,66,66,66,66,66,66,60,60,60,60,60,60,60,60,60,60,60,60,60,60,60,60,60],"card_choices":[{"not_picked":["Master of Strategy","Poisoned Strike"],"picked":"Transmutation","floor":0.0},{"not_picked":["hubris:SlightOfHand","Sneak Up"],"picked":"Poisoned Stab","floor":1.0},{"not_picked":["Backflip","Eviscerate"],"picked":"Deadly Poison","floor":2.0},{"not_picked":["Deadly Poison","Blade Dance"],"picked":"Backflip","floor":4.0},{"not_picked":["Dagger Spray","hubris:TrickCloak","ReplayTheSpireMod:Scrap Shanks"],"picked":"SKIP","floor":7},{"not_picked":["hubris:TrickCloak","ReplayTheSpireMod:Scrap Shanks","Grand Finale"],"picked":"SKIP","floor":8},{"not_picked":["Dodge and Roll","Hidden Blade","Dark Embrace"],"picked":"Distraction","floor":10},{"not_picked":["Skewer","All Out Attack","ShadowRift","Headbutt"],"picked":"SKIP","floor":13},{"not_picked":["Unload","Phantasmal Killer","Die Die Die"],"picked":"Offering","floor":16},{"not_picked":["Blade Dance","Leg Sweep","Flying Knee"],"picked":"Metallicize","floor":18},{"not_picked":["infinitespire:SevenWalls","ReplayTheSpireMod:Haul"],"picked":"hubris:Rewind","floor":21},{"not_picked":["Underhanded Strike","Skewer","Dagger Throw+1","Perfected Strike"],"picked":"SKIP","floor":24}],"player_experience":606048,"relics_obtained":[{"floor":7,"key":"Iron Hammer"},{"floor":9,"key":"hubris:DisguiseKit"},{"floor":24,"key":"aspiration:TomeofQuesting"},{"floor":26,"key":"SpikesRelics:DaevaFist"}],"event_choices":[{"cards_removed":["Strike_G"],"damage_healed":0.0,"max_hp_gain":0.0,"max_hp_loss":0.0,"gold_gain":0.0,"event_name":"Purifier","player_choice":"Purged","floor":5.0,"gold_loss":0.0,"damage_taken":0.0},{"damage_healed":0,"gold_gain":0,"player_choice":"Lose Max HP","damage_taken":0,"relics_obtained":["Golden Idol"],"max_hp_gain":0,"max_hp_loss":6,"event_name":"Golden Idol","floor":12,"gold_loss":0},{"damage_healed":0,"gold_gain":0,"player_choice":"Obtained Relic","damage_taken":0,"relics_obtained":["Nunchaku"],"max_hp_gain":0,"max_hp_loss":0,"event_name":"Addict","floor":19,"gold_loss":85}],"is_beta":false,"boss_relics":[{"not_picked":["hubris:BlackHole","Coffee Dripper"],"picked":"hubris:Stopwatch"}],"items_purged_floors":[],"is_endless":false,"potions_floor_spawned":[1,7,8,10,13,16,18],"killed_by":"Replay:Snechameleon","ascension_level":20}}