{"host":"jn2qdns2nxijvlnt","time":1610660928,"event":{"mods":["BaseMod","Minty Spire (QoL Compilation)","Quick Restart"],"gold_per_floor":[112,112,112,132,149,181,181,33,33,58,69,69,98,47,47,152,152,169,37,0,0,0,0,33,33,56,73,106,130,141,152,152,152,152],"floor_reached":33,"language":"ENG","playtime":2432,"items_purged":[],"score":406,"play_id":"66b2347c-415a-4c03-a001-e7a55c28e2ac","local_time":"20210114164848","is_ascension_mode":true,"campfire_choices":[{"floor":7.0,"key":"REST"},{"floor":12.0,"key":"REST"},{"floor":15.0,"key":"REST"},{"floor":23.0,"key":"REST"},{"floor":25.0,"key":"REST"},{"floor":32.0,"key":"REST"}],"circlet_count":0,"master_deck":["Strike_G","Strike_G","Strike_G","Strike_G","Strike_G","Defend_G","Defend_G","Defend_G","Defend_G","Defend_G","Survivor","Neutralize","Flying Knee","Bouncing Flask","Dagger Throw","Terror","Deadly Poison","Burst","Noxious Fumes","Blade Dance","Cloak And Dagger","Deflect"],"relics":["Ring of the Snake","Potion Belt","InkBottle","Pen Nib","Blue Candle","PreservedInsect","Bottled Lightning","Busted Crown","MutagenicStrength","Letter Opener","Smiling Mask","CaptainsWheel","Snake Skull"],"acts_visited":["Exordium","TheCity"],"potions_floor_usage":[33],"damage_taken":[{"damage":2.0,"enemies":"Small Slimes","floor":1.0,"turns":4.0},{"damage":0.0,"enemies":"2 Louse","floor":4.0,"turns":2.0},{"damage":2.0,"enemies":"Jaw Worm","floor":5.0,"turns":3.0},{"damage":21.0,"enemies":"3 Sentries","floor":6.0,"turns":9.0},{"damage":24.0,"enemies":"Gremlin Nob","floor":10.0,"turns":4.0},{"damage":6.0,"enemies":"Looter","floor":11.0,"turns":3.0},{"damage":8.0,"enemies":"Lagavulin","floor":13.0,"turns":4.0},{"damage":28.0,"enemies":"The Guardian","floor":16.0,"turns":8.0},{"damage":16.0,"enemies":"Spheric Guardian","floor":18.0,"turns":4.0},{"damage":40.0,"enemies":"Gremlin Leader","floor":24.0,"turns":7.0},{"damage":27.0,"enemies":"3 Byrds","floor":27.0,"turns":5.0},{"damage":24.0,"enemies":"Slavers","floor":28.0,"turns":4.0},{"damage":0.0,"enemies":"Snake Plant","floor":30.0,"turns":2.0},{"damage":0.0,"enemies":"Sentry and Sphere","floor":31.0,"turns":4.0},{"damage":20,"enemies":"Automaton","floor":33,"turns":6}],"seed_played":"-934951079109521006","potions_obtained":[{"floor":4.0,"key":"BlessingOfTheForge"},{"floor":5.0,"key":"LiquidMemories"},{"floor":10.0,"key":"Dexterity Potion"},{"floor":11.0,"key":"GamblersBrew"},{"floor":13.0,"key":"AttackPotion"},{"floor":24.0,"key":"SteroidPotion"},{"floor":28.0,"key":"Fire Potion"},{"floor":31.0,"key":"PowerPotion"}],"is_trial":false,"path_per_floor":["M","?","?","M","M","E","R","$","T","E","M","R","E","$","R","B",null,"M","$","?","?","?","R","E","R","T","M","E","T","M","M","R","B"],"character_chosen":"THE_SILENT","items_purchased":["Pen Nib","Fire Potion","Noxious Fumes","Strength Potion"],"campfire_rested":6,"item_purchase_floors":[8,14,19,19],"current_hp_per_floor":[61,61,66,66,64,43,65,65,65,41,35,57,49,49,71,43,67,51,51,51,51,51,73,33,55,55,28,4,4,4,4,26,6,6],"gold":152,"neow_bonus":"RANDOM_COMMON_RELIC","is_daily":false,"chose_seed":false,"campfire_upgraded":0,"win_rate":0.0,"timestamp":1610660928,"path_taken":["M","?","?","M","M","E","R","$","T","E","M","R","E","$","R","BOSS","M","$","?","?","?","R","E","R","T","M","E","?","?","M","R","BOSS"],"items_purchased_type":["Relic","Potion","Card","Potion"],"build_version":"2020-12-22","purchased_purges":0,"victory":false,"max_hp_per_floor":[70,70,75,75,75,75,75,75,75,75,75,75,75,75,75,75,75,75,75,75,75,75,75,75,75,75,75,75,75,75,75,75,75,75],"card_choices":[{"not_picked":["Backflip","Blade Dance"],"picked":"Flying Knee","floor":1.0},{"not_picked":["Slice","Poisoned Stab"],"picked":"Bouncing Flask","floor":4.0},{"not_picked":["Acrobatics","Expertise","Endless Agony"],"picked":"SKIP","floor":5.0},{"not_picked":["Dash","Storm of Steel"],"picked":"Dagger Throw","floor":6.0},{"not_picked":["Underhanded Strike","Flying Knee"],"picked":"Terror","floor":10.0},{"not_picked":["Well Laid Plans","Calculated Gamble"],"picked":"Deadly Poison","floor":11.0},{"not_picked":["Heel Hook","Quick Slash","Reflex"],"picked":"SKIP","floor":13.0},{"not_picked":["Die Die Die","Phantasmal Killer"],"picked":"Burst","floor":16.0},{"not_picked":["Outmaneuver"],"picked":"SKIP","floor":18.0},{"not_picked":["Well Laid Plans+1"],"picked":"SKIP","floor":24.0},{"not_picked":[],"picked":"Blade Dance","floor":27.0},{"not_picked":["Quick Slash"],"picked":"SKIP","floor":28.0},{"not_picked":[],"picked":"Cloak And Dagger","floor":30.0},{"not_picked":[],"picked":"Deflect","floor":31.0}],"player_experience":520997,"relics_obtained":[{"floor":6.0,"key":"InkBottle"},{"floor":9.0,"key":"Blue Candle"},{"floor":10.0,"key":"PreservedInsect"},{"floor":13.0,"key":"Bottled Lightning"},{"floor":24.0,"key":"Letter Opener"},{"floor":26.0,"key":"Smiling Mask"},{"floor":28.0,"key":"CaptainsWheel"},{"floor":29.0,"key":"Snake Skull"}],"event_choices":[{"damage_healed":0.0,"max_hp_gain":0.0,"max_hp_loss":0.0,"gold_gain":0.0,"event_name":"The Cleric","player_choice":"Leave","floor":2.0,"gold_loss":0.0,"damage_taken":0.0},{"damage_healed":0.0,"max_hp_gain":5.0,"max_hp_loss":0.0,"gold_gain":0.0,"event_name":"Big Fish","player_choice":"Donut","floor":3.0,"gold_loss":0.0,"damage_taken":0.0},{"damage_healed":0.0,"max_hp_gain":0.0,"max_hp_loss":0.0,"gold_gain":0.0,"event_name":"Masked Bandits","player_choice":"Paid Fearfully","floor":20.0,"gold_loss":37.0,"damage_taken":0.0},{"damage_healed":0.0,"max_hp_gain":0.0,"max_hp_loss":0.0,"gold_gain":0.0,"event_name":"Vampires","player_choice":"Ignored","floor":21.0,"gold_loss":0.0,"damage_taken":0.0},{"damage_healed":0.0,"max_hp_gain":0.0,"max_hp_loss":0.0,"gold_gain":0.0,"event_name":"Drug Dealer","player_choice":"Inject Mutagens","floor":22.0,"gold_loss":0.0,"damage_taken":0.0,"relics_obtained":["MutagenicStrength"]}],"is_beta":false,"boss_relics":[{"not_picked":["Sozu","Black Star"],"picked":"Busted Crown"}],"items_purged_floors":[],"is_endless":false,"potions_floor_spawned":[4,5,10,11,13,24,28,31],"killed_by":"Automaton","ascension_level":7}}