{"host":"tom9euzqew4po1rs","time":1610668399,"event":{"mods":["BaseMod","Curses Come First","Downfall","Minty Spire (QoL Compilation)","Quick Restart","Rare Cards Sparkle","Replay The Spire","StSLib"],"gold_per_floor":[196,210,224,241,269,269,269,372,409,584,509,609,534,546,557,660,660,660,688,715,815,890,931,931,951,951,504,504,516,39,64,75,180,180,180,180,180,180],"floor_reached":36,"language":"ENG","playtime":4745,"items_purged":["Doubt"],"score":452,"play_id":"6c0a7c06-fd16-471b-b5f2-3686363aadbd","local_time":"20210114185319","is_ascension_mode":false,"campfire_choices":[{"floor":11,"key":"RECALL"},{"data":"hexamod:FastForward","floor":13,"key":"SMITH"},{"data":"hexamod:TimeWarp","floor":18,"key":"SMITH"},{"floor":26,"key":"REST"},{"data":"hexamod:ParanormalForm","floor":28,"key":"SMITH"},{"data":"hexamod:ParanormalForm","floor":35,"key":"SMITH"}],"circlet_count":0,"master_deck":["hexamod:Strike+1","hexamod:Strike","hexamod:Strike","hexamod:Strike","hexamod:Defend+1","hexamod:Defend+1","hexamod:Defend","hexamod:Defend","hexamod:Sear+1","hexamod:Float","hexamod:FastForward+1","hexamod:NightmareGuise+1","hexamod:SecondSeal","hexamod:EmpoweredFlame+1","hexamod:FirstSeal","hexamod:FastForward","hexamod:SixthSeal","hexamod:FirstSeal","hexamod:BurningTouch","hexamod:Haunt","hexamod:TimeWarp+1","hexamod:ChargedBarrage+1","hexamod:GhostOfSpireFuture","hexamod:WildfireWeapon+1","hexamod:EmpoweredFlame","hexamod:Hexaguard","ReplayTheSpireMod:Splinters","hexamod:Sear","Discovery","hexamod:AdvancingGuard+1","hexamod:PhantomFireball","hexamod:ExtraCrispy","hexamod:ParanormalForm+1","hexamod:ThirdSeal","expansioncontent:AwakenDeath","The Bomb","hexamod:SpectralAdrenaline+1","hexamod:RecurringNightmare+1","hexamod:ExtraCrispy","hexamod:VolcanoVisage","hexamod:PhantomCloak+1","hexamod:ParanormalForm+1","hexamod:VolcanoVisage"],"relics":["hexamod:SpiritBrand","Meat on the Bone","Juzu Bracelet","Letter Opener","downfall:HeartBlessingGreen","downfall:HeartBlessingRed","Black Star","downfall:GremlinSack","Ginger","Garlic","Omamori","ReplayTheSpireMod:CursedCoin","Bronze Scales","StoneCalendar","Anchor","MealTicket","Velvet Choker"],"acts_visited":["Exordium","TheCity","TheBeyond"],"potions_floor_usage":[9,20,21,23,31,31,33,33],"damage_taken":[{"damage":6,"enemies":"Jaw Worm","floor":2,"turns":5},{"damage":0,"enemies":"2 Louse","floor":3,"turns":4},{"damage":0,"enemies":"Small Slimes","floor":4,"turns":4},{"damage":6,"enemies":"2 Fungi Beasts","floor":5,"turns":5},{"damage":10,"enemies":"Lagavulin","floor":9,"turns":10},{"damage":26,"enemies":"Large Slime","floor":14,"turns":9},{"damage":10,"enemies":"Lots of Slimes","floor":15,"turns":5},{"damage":24,"enemies":"downfall:Watcher","floor":16,"turns":10},{"damage":37,"enemies":"3 Byrds","floor":19,"turns":6},{"damage":10,"enemies":"Chosen","floor":20,"turns":6},{"damage":26,"enemies":"Chosen","floor":21,"turns":6},{"damage":27,"enemies":"Book of Stabbing","floor":23,"turns":6},{"damage":32,"enemies":"3 Cultists","floor":25,"turns":8},{"damage":0,"enemies":"downfall:FleeingMerchant","floor":27,"turns":4},{"damage":40,"enemies":"Snecko","floor":29,"turns":7},{"damage":0,"enemies":"downfall:FleeingMerchant","floor":30,"turns":4},{"damage":44,"enemies":"Gremlin Leader","floor":31,"turns":6},{"damage":5,"enemies":"Cultist and Chosen","floor":32,"turns":5},{"damage":47,"enemies":"downfall:Ironclad","floor":33,"turns":8},{"damage":78,"enemies":"3 Shapes","floor":36,"turns":3}],"seed_played":"-7724344087357580258","potions_obtained":[{"floor":2,"key":"Regen Potion"},{"floor":15,"key":"GamblersBrew"},{"floor":19,"key":"Adrenaline Potion"},{"floor":21,"key":"Swift Potion"},{"floor":22,"key":"downfall:CursedFountainPotion"},{"floor":29,"key":"FearPotion"},{"floor":31,"key":"Toxic Potion"},{"floor":32,"key":"ColorlessPotion"}],"is_trial":false,"path_per_floor":["R","M","M","M","M","?","T","?","E","?","R","?","R","M","M","B",null,"R","M","M","?","?","E","T","M","R","$","R","M","$","E","M","B",null,"R","M"],"character_chosen":"THE_SPIRIT","items_purchased":["Omamori","ReplayTheSpireMod:CursedCoin","hexamod:ThirdSeal","expansioncontent:AwakenDeath","The Bomb","Bronze Scales","StoneCalendar"],"campfire_rested":1,"item_purchase_floors":[27,27,27,27,27,30,30],"current_hp_per_floor":[77,71,71,71,65,58,58,58,70,70,70,70,70,58,62,50,77,77,47,63,56,56,55,55,49,72,77,77,63,70,52,61,26,77,77,0,0,0],"gold":180,"neow_bonus":"TEN_PERCENT_HP_BONUS","is_daily":false,"chose_seed":false,"campfire_upgraded":4,"win_rate":0.0,"timestamp":1610668399,"path_taken":["R","M","M","M","M","?","T","?","E","?","R","?","R","M","M","BOSS","R","M","M","?","?","E","T","M","R","?","R","M","$","E","M","BOSS","R","M"],"items_purchased_type":["Relic","Relic","Card","Card","Card","Relic","Relic"],"build_version":"2020-12-22","purchased_purges":1,"victory":false,"max_hp_per_floor":[77,77,77,77,77,77,77,77,77,77,77,77,77,77,77,77,77,77,77,77,77,77,77,77,77,77,77,77,77,77,77,77,77,77,77,77,77,77],"card_choices":[{"not_picked":["hexamod:HeatCrush","hexamod:NightmareStrike"],"picked":"hexamod:FastForward","floor":2},{"not_picked":["hexamod:PhantomCloak","hexamod:NightmareStrike"],"picked":"hexamod:NightmareGuise","floor":3},{"not_picked":["hexamod:NightmareGuise","hexamod:ThermalTransfer"],"picked":"hexamod:SecondSeal","floor":4},{"not_picked":["hexamod:Again","hexamod:Incineration"],"picked":"hexamod:EmpoweredFlame","floor":5},{"not_picked":["hexamod:Hexaguard","hexamod:GhostShield"],"picked":"hexamod:FastForward","floor":8},{"not_picked":["hexamod:Hexaguard","hexamod:RainOfEmbers"],"picked":"hexamod:SixthSeal","floor":8},{"not_picked":["hexamod:Haunt","hexamod:GhostflameBarrier"],"picked":"hexamod:FirstSeal","floor":9},{"not_picked":["hexamod:ThermalTransfer","hexamod:AdvancingGuard"],"picked":"hexamod:BurningTouch","floor":14},{"not_picked":["hexamod:NightmareGuise","hexamod:GhostShield"],"picked":"hexamod:Haunt","floor":15},{"not_picked":["hexamod:VolcanoVisage","hexamod:FifthSeal"],"picked":"hexamod:TimeWarp","floor":16},{"not_picked":["hexamod:HauntingEcho","hexamod:Hexaguard"],"picked":"hexamod:ChargedBarrage","floor":19},{"not_picked":["hexamod:SwordOfDarkness","hexamod:NightmareStrike"],"picked":"hexamod:GhostOfSpireFuture","floor":20},{"not_picked":["hexamod:Firestarter","hexamod:StepThrough"],"picked":"hexamod:AdvancingGuard+1","floor":21},{"not_picked":["hexamod:ThirdSeal","hexamod:EtherealExpedition"],"picked":"hexamod:PhantomFireball","floor":23},{"not_picked":["hexamod:ShieldOfDarkness","hexamod:AdvancingGuard+1"],"picked":"hexamod:ExtraCrispy","floor":25},{"not_picked":["hexamod:GhostOfSpireFuture","hexamod:SoulSteal"],"picked":"hexamod:ParanormalForm","floor":27},{"not_picked":["hexamod:GhostLash","hexamod:FastForward"],"picked":"hexamod:SpectralAdrenaline","floor":29},{"not_picked":["hexamod:GhostShield","hexamod:NightmareStrike+1"],"picked":"hexamod:RecurringNightmare+1","floor":29},{"not_picked":["hexamod:HauntingEcho","hexamod:BacktrackSmack"],"picked":"hexamod:ExtraCrispy","floor":30},{"not_picked":["hexamod:RainOfEmbers","hexamod:NightmareGuise"],"picked":"hexamod:VolcanoVisage","floor":31},{"not_picked":["hexamod:Firestarter","hexamod:HauntingEcho+1"],"picked":"hexamod:PhantomCloak+1","floor":32},{"not_picked":["hexamod:TurnItUp","hexamod:SixthSeal"],"picked":"hexamod:ParanormalForm","floor":33},{"not_picked":["hexamod:GhostflameInferno","hexamod:WildfireWeapon"],"picked":"hexamod:VolcanoVisage","floor":33}],"player_experience":140085,"relics_obtained":[{"floor":7,"key":"Meat on the Bone"},{"floor":8,"key":"Juzu Bracelet"},{"floor":9,"key":"Letter Opener"},{"floor":21,"key":"downfall:GremlinSack"},{"floor":23,"key":"Ginger"},{"floor":24,"key":"Garlic"},{"floor":31,"key":"Anchor"},{"floor":31,"key":"MealTicket"}],"event_choices":[],"is_beta":false,"boss_relics":[{"not_picked":["hexamod:IceCube","Philosopher\u0027s Stone"],"picked":"Black Star"},{"not_picked":["Coffee Dripper","Empty Cage"],"picked":"Velvet Choker"}],"items_purged_floors":[27],"is_endless":false,"potions_floor_spawned":[2,15,19,21,29,31,32],"killed_by":"3 Shapes","ascension_level":0}}