{"host":"m1hsm1cztz438mir","time":1610657572,"event":{"mods":["2.2 Compatiblity","AchievementEnabler","Act Like it!","Aspiration","BaseMod","Better Altar","Better Match","Better Sensory Stone","Better Skull","Better Third Choice","Colored Map","Minty Spire (QoL Compilation)","Relic Stats","Replay The Spire","Shop Mod","StSLib","The Fake Hero","The Marked","[GremlinLeader]The Maniac"],"gold_per_floor":[109,124,144,69,169,169,179,179,206,206,206,206],"floor_reached":11,"language":"ENG","playtime":535,"items_purged":["maniac:Strike"],"score":63,"play_id":"6de119dd-57f8-4d9e-bee5-14103f392c7b","local_time":"20210114205252","is_ascension_mode":false,"campfire_choices":[{"data":"maniac:DashForward","floor":6,"key":"SMITH"},{"floor":8,"key":"REST"}],"circlet_count":0,"master_deck":["maniac:Strike","maniac:Strike","maniac:Strike","maniac:Strike","maniac:Defend","maniac:Defend","maniac:Defend","maniac:Defend","maniac:BurnBlood","maniac:AbyssShackle","maniac:SpectralKnives","maniac:Refine","maniac:DashForward+1","maniac:BladesInCloak"],"relics":["maniac:DamagedAnvil","maniac:BrokenHorn","NeowsBlessing","Art of War"],"acts_visited":["Exordium"],"potions_floor_usage":[11],"damage_taken":[{"damage":0,"enemies":"Cultist","floor":1,"turns":1},{"damage":0,"enemies":"Jaw Worm","floor":2,"turns":1},{"damage":0,"enemies":"Small Slimes","floor":3,"turns":2},{"damage":70,"enemies":"Gremlin Gang","floor":7,"turns":8},{"damage":34,"enemies":"Lagavulin","floor":11,"turns":4}],"seed_played":"-2191061490556657012","potions_obtained":[{"floor":2,"key":"Reflective Coating"}],"is_trial":false,"path_per_floor":["M","M","M","$","?","R","M","R","T","R","E"],"character_chosen":"THE_MANIAC","items_purchased":[],"campfire_rested":1,"item_purchase_floors":[],"current_hp_per_floor":[80,80,80,80,80,80,10,34,34,34,0,0],"gold":206,"neow_bonus":"THREE_ENEMY_KILL","is_daily":false,"chose_seed":false,"campfire_upgraded":1,"win_rate":0.0,"timestamp":1610657572,"path_taken":["M","?","M","$","?","R","?","R","T","R","E"],"items_purchased_type":[],"build_version":"2020-12-22","purchased_purges":1,"victory":false,"max_hp_per_floor":[80,80,80,80,80,80,80,80,80,80,80,80],"relic_stats":{"counters":[5,16],"Art of War":[0],"obtain_stats":[{"maniac:DamagedAnvil":0,"maniac:BrokenHorn":0,"NeowsBlessing":0,"Art of War":9},{"maniac:DamagedAnvil":0,"maniac:BrokenHorn":0,"NeowsBlessing":0,"Art of War":4},{"maniac:DamagedAnvil":0,"maniac:BrokenHorn":0,"NeowsBlessing":0,"Art of War":12}]},"card_choices":[{"not_picked":["maniac:UntravelledPath","maniac:BladeArtist"],"picked":"maniac:SpectralKnives","floor":1},{"not_picked":["maniac:MeleeStrike","maniac:SeeingDetails"],"picked":"maniac:Refine","floor":2},{"not_picked":["maniac:HammerStrike","maniac:Retrospect"],"picked":"maniac:DashForward","floor":3},{"not_picked":["maniac:FindAShortcut","maniac:WitnessTrueSorcery"],"picked":"maniac:BladesInCloak","floor":7}],"player_experience":273289,"relics_obtained":[{"floor":9,"key":"Art of War"}],"event_choices":[{"damage_healed":0,"gold_gain":100,"player_choice":"Pray","damage_taken":0,"max_hp_gain":0,"max_hp_loss":0,"event_name":"Golden Shrine","floor":5,"gold_loss":0}],"is_beta":false,"boss_relics":[],"items_purged_floors":[4],"is_endless":false,"potions_floor_spawned":[2],"killed_by":"Lagavulin","ascension_level":0}}