{"host":"ibonnlq6s1c814xj","time":1610630112,"event":{"mods":["BaseMod","BetterRewards","Good Game Mod","Minty Spire (QoL Compilation)","Shop Mod","【功能Mod】聪明的最终Boss"],"gold_per_floor":[117,192,192,2,32,32,43,63,63,126,142,161,161,22,22,119,119,138,153,172,87,87,87],"floor_reached":22,"language":"ZHS","playtime":1127,"items_purged":["Strike_B"],"score":242,"play_id":"9594159d-e999-474c-bfba-9455fa6b0bb5","local_time":"20210114211512","is_ascension_mode":true,"campfire_choices":[{"floor":6,"key":"REST"},{"floor":13,"key":"REST"},{"floor":15,"key":"REST"}],"circlet_count":0,"master_deck":["Strike_B","Strike_B","Strike_B","Defend_B","Defend_B","Defend_B","Defend_B","Zap","Dualcast","Apotheosis+1","Static Discharge","Buffer","Defragment","Hologram","Consume","Echo Form","Seek","CurseOfTheBell"],"relics":["Cracked Core","REME:ComplimentaryCards","Toolbox","TungstenRod","ClockworkSouvenir","Anchor","Calling Bell","Oddly Smooth Stone","Molten Egg 2","Unceasing Top","Pantograph"],"acts_visited":["Exordium","TheCity"],"potions_floor_usage":[16,16,16],"damage_taken":[{"damage":10,"enemies":"2 Louse","floor":1,"turns":3},{"damage":4,"enemies":"Small Slimes","floor":5,"turns":3},{"damage":0,"enemies":"Cultist","floor":7,"turns":3},{"damage":8,"enemies":"Lots of Slimes","floor":8,"turns":3},{"damage":5,"enemies":"Exordium Thugs","floor":10,"turns":4},{"damage":0,"enemies":"2 Fungi Beasts","floor":11,"turns":3},{"damage":5,"enemies":"Large Slime","floor":12,"turns":5},{"damage":0,"enemies":"Slime Boss","floor":16,"turns":9},{"damage":17,"enemies":"Shell Parasite","floor":18,"turns":5},{"damage":18,"enemies":"3 Byrds","floor":19,"turns":4},{"damage":20,"enemies":"Snecko","floor":20,"turns":5},{"damage":25,"enemies":"Masked Bandits","floor":22,"turns":2}],"seed_played":"-5699210904025616264","potions_obtained":[{"floor":8,"key":"PowerPotion"},{"floor":11,"key":"PotionOfCapacity"},{"floor":12,"key":"FearPotion"},{"floor":16,"key":"PowerPotion"},{"floor":18,"key":"Fire Potion"},{"floor":20,"key":"PowerPotion"}],"is_trial":false,"path_per_floor":["M","?","?","$","M","R","M","M","T","M","M","M","R","$","R","B",null,"M","M","M","?","?"],"character_chosen":"DEFECT","items_purchased":["Toolbox","Apotheosis","Static Discharge","Defragment","ClockworkSouvenir","Echo Form"],"campfire_rested":3,"item_purchase_floors":[0,0,0,4,4,14],"current_hp_per_floor":[30,20,20,20,16,38,38,30,30,25,25,20,42,42,64,64,75,58,40,20,20,0,0],"gold":87,"neow_bonus":"","is_daily":false,"chose_seed":false,"campfire_upgraded":0,"win_rate":0.0,"timestamp":1610630112,"path_taken":["M","?","?","$","M","R","M","M","T","?","M","M","R","$","R","BOSS","M","?","M","?","?"],"items_purchased_type":["Relic","Card","Card","Card","Relic","Card"],"build_version":"2020-12-22","purchased_purges":1,"victory":false,"max_hp_per_floor":[75,75,75,75,75,75,75,75,75,75,75,75,75,75,75,75,75,75,75,75,75,75,75],"card_choices":[{"not_picked":["Steam","Go for the Eyes","Gash"],"picked":"SKIP","floor":1},{"not_picked":["Barrage","Compile Driver","Gash"],"picked":"SKIP","floor":5},{"not_picked":["Chill","Skim","Gash"],"picked":"SKIP","floor":7},{"not_picked":["Redo","Gash"],"picked":"Hologram","floor":8},{"not_picked":["Coolheaded","Gash"],"picked":"Consume","floor":10},{"not_picked":["Leap","Steam","Conserve Battery"],"picked":"SKIP","floor":11},{"not_picked":["Rebound","Go for the Eyes","Lockon"],"picked":"SKIP","floor":12},{"not_picked":["Multi-Cast","Amplify"],"picked":"Seek","floor":16},{"not_picked":["BootSequence","Compile Driver+1","Aggregate"],"picked":"SKIP","floor":18},{"not_picked":["Hologram","Go for the Eyes+1","Gash+1"],"picked":"SKIP","floor":19},{"not_picked":["Stack","Leap+1","Go for the Eyes+1"],"picked":"SKIP","floor":20}],"player_experience":209815,"relics_obtained":[{"floor":9,"key":"Anchor"},{"floor":17,"key":"Oddly Smooth Stone"},{"floor":17,"key":"Molten Egg 2"},{"floor":17,"key":"Unceasing Top"}],"event_choices":[{"damage_healed":0,"gold_gain":75,"player_choice":"Gather Gold","damage_taken":11,"max_hp_gain":0,"max_hp_loss":0,"event_name":"World of Goop","floor":2,"gold_loss":0},{"damage_healed":0,"gold_gain":0,"player_choice":"Upgraded","damage_taken":0,"max_hp_gain":0,"max_hp_loss":0,"event_name":"Upgrade Shrine","floor":3,"gold_loss":0,"cards_upgraded":["Apotheosis"]},{"damage_healed":0,"gold_gain":0,"player_choice":"Obtained Relic","damage_taken":0,"relics_obtained":["Pantograph"],"max_hp_gain":0,"max_hp_loss":0,"event_name":"Addict","floor":21,"gold_loss":85},{"damage_healed":0,"gold_gain":0,"player_choice":"Fought Bandits","damage_taken":0,"max_hp_gain":0,"max_hp_loss":0,"event_name":"Masked Bandits","floor":22,"gold_loss":0}],"is_beta":false,"boss_relics":[{"not_picked":["Cursed Key","SacredBark"],"picked":"Calling Bell"}],"items_purged_floors":[0],"is_endless":false,"potions_floor_spawned":[8,11,12,16,18,20],"killed_by":"Masked Bandits","ascension_level":1}}