{"host":"b995t17pt6d05w8c","time":1610626699,"event":{"mods":["AchievementEnabler","BaseMod","Colored Map","DeckTracker","Keyboard Shortcuts","Minty Spire (QoL Compilation)","Permanent Neow","SuperFastMode"],"gold_per_floor":[118,130,150,163,176,207,207,177,177,177,192,192,210,223,223,295,295,311,236,249,249,262,262,287,287,287,298,313,9,28,41,41,114,114,130,144,81,94,108,108,128,128,128,128,128,128,146,42,42,42],"floor_reached":51,"language":"KOR","playtime":1462,"items_purged":["Strike_R","Strike_R","Strike_R","Defend_R"],"score":1293,"play_id":"1a2e6dde-9052-4d55-bf30-81265719fdae","local_time":"20210114211819","is_ascension_mode":true,"campfire_choices":[{"floor":7.0,"key":"DIG"},{"floor":10.0,"key":"DIG"},{"floor":12.0,"key":"DIG"},{"floor":15.0,"key":"DIG"},{"floor":23.0,"key":"DIG"},{"data":"Evolve","floor":32,"key":"SMITH"},{"floor":40,"key":"DIG"},{"floor":42,"key":"DIG"},{"floor":44,"key":"DIG"},{"floor":46,"key":"DIG"},{"floor":49,"key":"REST"}],"circlet_count":0,"master_deck":["AscendersBane","Defend_R","Defend_R","Defend_R","Bash","Reckless Charge","Flame Barrier","Pommel Strike","Evolve+1","Headbutt","Shrug It Off","Feed","Uppercut","Fire Breathing","Wild Strike","Power Through","Offering","Body Slam+1","Entrench+1","Feel No Pain"],"relics":["Burning Blood","Shovel","Boot","Question Card","Mercury Hourglass","FossilizedHelix","Regal Pillow","Philosopher\u0027s Stone","Ancient Tea Set","Red Mask","StrikeDummy","Membership Card","Potion Belt","SlaversCollar","Pear","Frozen Egg 2","Gremlin Horn","Nunchaku","Self Forming Clay"],"acts_visited":["Exordium","TheCity","TheBeyond"],"potions_floor_usage":[24,33,41,50,50,50,50],"damage_taken":[{"damage":11.0,"enemies":"Cultist","floor":1.0,"turns":4.0},{"damage":6.0,"enemies":"2 Louse","floor":2.0,"turns":3.0},{"damage":0.0,"enemies":"Small Slimes","floor":3.0,"turns":3.0},{"damage":24.0,"enemies":"Gremlin Gang","floor":4.0,"turns":7.0},{"damage":12.0,"enemies":"Blue Slaver","floor":5.0,"turns":4.0},{"damage":25.0,"enemies":"Gremlin Nob","floor":6.0,"turns":5.0},{"damage":10.0,"enemies":"Lots of Slimes","floor":11.0,"turns":3.0},{"damage":0.0,"enemies":"Exordium Thugs","floor":13.0,"turns":5.0},{"damage":0.0,"enemies":"Exordium Wildlife","floor":14.0,"turns":3.0},{"damage":47.0,"enemies":"Slime Boss","floor":16.0,"turns":13.0},{"damage":21.0,"enemies":"2 Thieves","floor":18.0,"turns":4.0},{"damage":16.0,"enemies":"3 Byrds","floor":20.0,"turns":5.0},{"damage":17.0,"enemies":"Snake Plant","floor":22.0,"turns":3.0},{"damage":16,"enemies":"Masked Bandits","floor":24,"turns":6},{"damage":0,"enemies":"Centurion and Healer","floor":27,"turns":7},{"damage":0,"enemies":"Cultist and Chosen","floor":28,"turns":5},{"damage":12,"enemies":"Sentry and Sphere","floor":30,"turns":5},{"damage":0,"enemies":"Centurion and Healer","floor":31,"turns":6},{"damage":52,"enemies":"Automaton","floor":33,"turns":10},{"damage":3,"enemies":"3 Shapes","floor":35,"turns":5},{"damage":31,"enemies":"3 Darklings","floor":36,"turns":5},{"damage":7,"enemies":"4 Shapes","floor":38,"turns":8},{"damage":4,"enemies":"Jaw Worm Horde","floor":39,"turns":4},{"damage":33,"enemies":"Transient","floor":41,"turns":5},{"damage":0,"enemies":"4 Shapes","floor":47,"turns":4},{"damage":21,"enemies":"Donu and Deca","floor":50,"turns":8}],"seed_played":"-474232809961334780","potions_obtained":[{"floor":0.0,"key":"HeartOfIron"},{"floor":0.0,"key":"Weak Potion"},{"floor":4.0,"key":"EssenceOfSteel"},{"floor":6.0,"key":"DuplicationPotion"},{"floor":8.0,"key":"Fruit Juice"},{"floor":8.0,"key":"Regen Potion"},{"floor":13.0,"key":"Ancient Potion"},{"floor":18.0,"key":"Regen Potion"},{"floor":27,"key":"Weak Potion"},{"floor":30,"key":"Energy Potion"},{"floor":33,"key":"EssenceOfSteel"},{"floor":35,"key":"Ancient Potion"},{"floor":47,"key":"BlessingOfTheForge"}],"is_trial":false,"path_per_floor":["M","M","M","M","M","E","R","?","T","R","M","R","M","M","R","B",null,"M","$","M","?","M","R","?","?","T","M","M","$","M","M","R","B",null,"M","M","$","M","M","R","M","R","T","R","?","R","M","$","R","B",null],"character_chosen":"IRONCLAD","items_purchased":["Membership Card","Potion Belt","Dexterity Potion"],"campfire_rested":1,"item_purchase_floors":[29,29,48],"current_hp_per_floor":[63,63,69,51,45,26,26,31,31,31,27,27,47,53,53,12,63,51,51,58,58,50,50,43,43,43,52,61,61,58,64,64,18,80,86,64,64,66,71,81,54,54,54,54,54,54,63,63,115,103],"gold":42,"neow_bonus":"THREE_SMALL_POTIONS","is_daily":false,"chose_seed":false,"campfire_upgraded":1,"win_rate":0.0,"timestamp":1610626699,"path_taken":["M","M","?","M","M","E","R","?","T","R","M","R","M","M","R","BOSS","M","$","M","?","M","R","?","?","T","M","?","$","M","M","R","BOSS","M","M","$","?","?","R","M","R","T","R","?","R","M","$","R","BOSS"],"items_purchased_type":["Relic","Relic","Potion"],"build_version":"2020-12-22","purchased_purges":4,"victory":true,"max_hp_per_floor":[75,75,75,75,75,75,75,80,80,80,80,80,80,80,80,80,80,83,83,86,86,89,89,92,92,92,95,98,98,101,101,101,101,101,104,107,107,110,113,123,123,123,123,123,123,123,126,126,126,129],"card_choices":[{"not_picked":["Body Slam","Havoc"],"picked":"Reckless Charge","floor":1.0},{"not_picked":["Clash","Iron Wave"],"picked":"Flame Barrier","floor":2.0},{"not_picked":["Sword Boomerang","Warcry","Entrench"],"picked":"SKIP","floor":3.0},{"not_picked":["Headbutt","Wild Strike"],"picked":"Pommel Strike","floor":4.0},{"not_picked":["Infernal Blade","Blood for Blood"],"picked":"Evolve","floor":5.0},{"not_picked":["Combust","Searing Blow","Perfected Strike"],"picked":"SKIP","floor":6.0},{"not_picked":["True Grit","Uppercut","Iron Wave"],"picked":"Headbutt","floor":11.0},{"not_picked":["Cleave","Corruption","Pommel Strike","Anger"],"picked":"SKIP","floor":13.0},{"not_picked":["Rampage","True Grit","Havoc"],"picked":"Shrug It Off","floor":14.0},{"not_picked":["Corruption","Impervious","Brutality"],"picked":"Feed","floor":16.0},{"not_picked":["Ghostly Armor","Shrug It Off","Flex","Iron Wave"],"picked":"SKIP","floor":18.0},{"not_picked":["Rampage","Bloodletting","Heavy Blade","Cleave"],"picked":"SKIP","floor":20.0},{"not_picked":["True Grit","Cleave","Dropkick"],"picked":"Fire Breathing","floor":22.0},{"not_picked":["Dark Embrace","Warcry","Iron Wave+1"],"picked":"Wild Strike","floor":24},{"not_picked":["Dual Wield","Perfected Strike","Dropkick"],"picked":"Power Through","floor":27},{"not_picked":["Wild Strike","Flex+1","Havoc","Headbutt"],"picked":"SKIP","floor":28},{"not_picked":["Body Slam","Heavy Blade+1","Sword Boomerang","Shrug It Off"],"picked":"SKIP","floor":30},{"not_picked":["True Grit","Pommel Strike","Rage","Pummel"],"picked":"SKIP","floor":31},{"not_picked":["Brutality","Reaper","Bludgeon"],"picked":"Offering","floor":33},{"not_picked":["Shrug It Off","Headbutt","Carnage+1","Fire Breathing"],"picked":"SKIP","floor":35},{"not_picked":["Thunderclap","Wild Strike","Anger","Corruption"],"picked":"SKIP","floor":36},{"not_picked":["Sword Boomerang","Headbutt+1","Thunderclap"],"picked":"Body Slam","floor":38},{"not_picked":["Seeing Red","Sever Soul","Havoc+1"],"picked":"Entrench+1","floor":39},{"not_picked":["Clash+1","Thunderclap","Bloodletting"],"picked":"Feel No Pain","floor":41},{"not_picked":["Power Through+1","Combust+1","Evolve+1","Body Slam"],"picked":"SKIP","floor":47}],"player_experience":126432,"relics_obtained":[{"floor":6.0,"key":"Shovel"},{"floor":7.0,"key":"Boot"},{"floor":9.0,"key":"Question Card"},{"floor":10.0,"key":"Mercury Hourglass"},{"floor":12.0,"key":"FossilizedHelix"},{"floor":15.0,"key":"Regal Pillow"},{"floor":23.0,"key":"Ancient Tea Set"},{"floor":24,"key":"Red Mask"},{"floor":40,"key":"Pear"},{"floor":42,"key":"Frozen Egg 2"},{"floor":43,"key":"Gremlin Horn"},{"floor":44,"key":"Nunchaku"},{"floor":46,"key":"Self Forming Clay"}],"event_choices":[{"damage_healed":0.0,"max_hp_gain":0.0,"max_hp_loss":0.0,"gold_gain":0.0,"event_name":"The Woman in Blue","player_choice":"Bought 2 Potions","floor":8.0,"gold_loss":0.0,"damage_taken":0.0},{"damage_healed":0.0,"max_hp_gain":0.0,"max_hp_loss":0.0,"gold_gain":0.0,"cards_transformed":["Strike_R","Strike_R"],"event_name":"Drug Dealer","player_choice":"Became Test Subject","floor":21.0,"gold_loss":0.0,"damage_taken":0.0,"cards_obtained":["Uppercut","Flame Barrier"]},{"damage_healed":0,"gold_gain":0,"player_choice":"Fought Bandits","damage_taken":0,"max_hp_gain":0,"max_hp_loss":0,"event_name":"Masked Bandits","floor":24,"gold_loss":0},{"cards_removed":["Flame Barrier"],"damage_healed":0,"gold_gain":0,"player_choice":"Gave Card","damage_taken":0,"relics_obtained":["StrikeDummy"],"max_hp_gain":0,"max_hp_loss":0,"event_name":"WeMeetAgain","floor":25,"gold_loss":0},{"damage_healed":0,"gold_gain":0,"player_choice":"Upgraded","damage_taken":0,"max_hp_gain":0,"max_hp_loss":0,"event_name":"Upgrade Shrine","floor":45,"gold_loss":0,"cards_upgraded":["Body Slam"]}],"is_beta":false,"boss_relics":[{"not_picked":["Coffee Dripper","Fusion Hammer"],"picked":"Philosopher\u0027s Stone"},{"not_picked":["Runic Cube","Mark of Pain"],"picked":"SlaversCollar"}],"items_purged_floors":[19,29,37,48],"is_endless":false,"potions_floor_spawned":[4,6,11,13,18,27,30,33,35,47],"ascension_level":16}}