{"host":"znvnxllcillb3rtw","time":1610594348,"event":{"mods":["BaseMod","DeckTracker","Minty Spire (QoL Compilation)","Relic Stats","StSLib","SuperFastMode","everything is the same but u backflip on backflip"],"gold_per_floor":[119,119,269,286,286,286,318,333,333,333,349,368,401,401,401,478,478,500,512,368,379,390,390,401,401,401],"floor_reached":25,"language":"KOR","playtime":837,"items_purged":["Strike_R"],"score":526,"play_id":"0aea9ac9-2577-4307-96c2-738c8422d5d0","local_time":"20210114121908","is_ascension_mode":true,"campfire_choices":[{"data":"Body Slam","floor":6.0,"key":"SMITH"},{"data":"Entrench","floor":10.0,"key":"SMITH"},{"data":"Barricade","floor":15.0,"key":"SMITH"},{"data":"True Grit","floor":23.0,"key":"SMITH"}],"circlet_count":0,"master_deck":["AscendersBane","Strike_R","Strike_R+1","Strike_R","Strike_R","Defend_R","Defend_R+1","Defend_R","Defend_R","Bash","Body Slam+1","Battle Trance","Entrench+1","Second Wind","True Grit+1","Barricade+1","CurseOfTheBell","Feel No Pain","Dark Embrace"],"relics":["Burning Blood","NeowsBlessing","Eternal Feather","Letter Opener","StrikeDummy","Calling Bell","MawBank","Self Forming Clay","Ice Cream"],"acts_visited":["Exordium","TheCity"],"potions_floor_usage":[25],"damage_taken":[{"damage":0.0,"enemies":"Jaw Worm","floor":1.0,"turns":1.0},{"damage":0.0,"enemies":"2 Louse","floor":4.0,"turns":1.0},{"damage":0.0,"enemies":"3 Sentries","floor":7.0,"turns":2.0},{"damage":2.0,"enemies":"Cultist","floor":8.0,"turns":4.0},{"damage":13.0,"enemies":"Blue Slaver","floor":11.0,"turns":3.0},{"damage":17.0,"enemies":"Gremlin Gang","floor":12.0,"turns":7.0},{"damage":42.0,"enemies":"Gremlin Nob","floor":13.0,"turns":4.0},{"damage":13.0,"enemies":"The Guardian","floor":16.0,"turns":10.0},{"damage":11.0,"enemies":"3 Byrds","floor":18.0,"turns":6.0},{"damage":0.0,"enemies":"Spheric Guardian","floor":21.0,"turns":7.0},{"damage":24.0,"enemies":"Snake Plant","floor":22.0,"turns":7.0},{"damage":24.0,"enemies":"Centurion and Healer","floor":24.0,"turns":9.0},{"damage":40,"enemies":"3 Cultists","floor":25,"turns":5}],"seed_played":"-9178620112490451087","potions_obtained":[{"floor":1.0,"key":"Fire Potion"},{"floor":4.0,"key":"GamblersBrew"},{"floor":13.0,"key":"LiquidMemories"},{"floor":21.0,"key":"GamblersBrew"}],"is_trial":false,"path_per_floor":["M","?","?","M","?","R","E","M","T","R","M","M","E","?","R","B",null,"M","?","$","M","M","R","M","M"],"character_chosen":"IRONCLAD","items_purchased":["Dark Embrace"],"campfire_rested":0,"item_purchase_floors":[20],"current_hp_per_floor":[74,69,69,75,52,58,64,68,68,75,68,57,21,21,30,23,62,57,57,57,63,45,54,36,0,0],"gold":401,"neow_bonus":"THREE_ENEMY_KILL","is_daily":false,"chose_seed":false,"campfire_upgraded":4,"win_rate":0.0,"timestamp":1610594348,"path_taken":["M","?","?","M","?","R","E","M","T","R","M","M","E","?","R","BOSS","M","?","$","M","?","R","M","M"],"items_purchased_type":["Card"],"build_version":"2020-12-22","purchased_purges":1,"victory":false,"max_hp_per_floor":[75,75,75,75,75,75,75,75,75,75,75,75,75,75,75,75,75,75,75,75,75,75,75,75,75,75],"relic_stats":{"counters":[13,66],"Self Forming Clay":[66],"Eternal Feather":31,"Letter Opener":[80],"MawBank":36,"obtain_stats":[{"Calling Bell":17,"Ice Cream":17,"NeowsBlessing":0,"Self Forming Clay":17,"Eternal Feather":2,"Letter Opener":7,"StrikeDummy":13,"MawBank":17,"Burning Blood":0},{"Calling Bell":8,"Ice Cream":8,"NeowsBlessing":0,"Self Forming Clay":8,"Eternal Feather":1,"Letter Opener":3,"StrikeDummy":7,"MawBank":8,"Burning Blood":0},{"Calling Bell":32,"Ice Cream":32,"NeowsBlessing":0,"Self Forming Clay":32,"Eternal Feather":1,"Letter Opener":4,"StrikeDummy":22,"MawBank":32,"Burning Blood":0}],"Burning Blood":72},"card_choices":[{"not_picked":["Power Through","Warcry"],"picked":"Body Slam","floor":1.0},{"not_picked":["Sword Boomerang","Twin Strike"],"picked":"Battle Trance","floor":4.0},{"not_picked":["Dual Wield","Flex"],"picked":"Entrench","floor":7.0},{"not_picked":["Pummel","Fire Breathing"],"picked":"Second Wind","floor":8.0},{"not_picked":["Thunderclap","Cleave","Iron Wave"],"picked":"SKIP","floor":11.0},{"not_picked":["Hemokinesis","Sword Boomerang"],"picked":"True Grit","floor":12.0},{"not_picked":["Shrug It Off","Fire Breathing"],"picked":"Barricade","floor":13.0},{"not_picked":["Inflame","Perfected Strike"],"picked":"Feel No Pain","floor":18.0},{"not_picked":["Armaments","Clash","Second Wind"],"picked":"SKIP","floor":21.0},{"not_picked":["Havoc","Body Slam+1","Spot Weakness"],"picked":"SKIP","floor":22.0},{"not_picked":["Feel No Pain","Cleave","Body Slam"],"picked":"SKIP","floor":24.0}],"player_experience":2883278,"relics_obtained":[{"floor":7.0,"key":"Letter Opener"},{"floor":13.0,"key":"StrikeDummy"},{"floor":17.0,"key":"MawBank"},{"floor":17.0,"key":"Self Forming Clay"},{"floor":17.0,"key":"Ice Cream"}],"event_choices":[{"damage_healed":0.0,"max_hp_gain":0.0,"max_hp_loss":0.0,"gold_gain":0.0,"event_name":"Scrap Ooze","player_choice":"Success","floor":2.0,"gold_loss":0.0,"damage_taken":5.0,"relics_obtained":["Eternal Feather"]},{"damage_healed":0.0,"max_hp_gain":0.0,"max_hp_loss":0.0,"gold_gain":150.0,"event_name":"Liars Game","player_choice":"AGREE","floor":3.0,"gold_loss":0.0,"damage_taken":0.0,"cards_obtained":["Doubt"]},{"damage_healed":0.0,"max_hp_gain":0.0,"max_hp_loss":0.0,"gold_gain":0.0,"event_name":"Shining Light","player_choice":"Entered Light","floor":5.0,"gold_loss":0.0,"damage_taken":23.0,"cards_upgraded":["Strike_R","Defend_R"]},{"damage_healed":0.0,"max_hp_gain":0.0,"max_hp_loss":0.0,"gold_gain":0.0,"event_name":"Dead Adventurer","player_choice":"Searched \u00270\u0027 times","floor":14.0,"gold_loss":0.0,"damage_taken":0.0},{"cards_removed":["Doubt"],"damage_healed":0.0,"max_hp_gain":0.0,"max_hp_loss":0.0,"gold_gain":0.0,"event_name":"Purifier","player_choice":"Purged","floor":19.0,"gold_loss":0.0,"damage_taken":0.0}],"is_beta":false,"boss_relics":[{"not_picked":["Fusion Hammer","Runic Cube"],"picked":"Calling Bell"}],"items_purged_floors":[20],"is_endless":false,"potions_floor_spawned":[1,4,11,13,21],"killed_by":"3 Cultists","ascension_level":20}}