{"host":"18wi9kpcl4eah7pe","time":1610608909,"event":{"mods":["BaseMod","Colored Powertips","Downfall","Minty Spire (QoL Compilation)","StSLib"],"gold_per_floor":[99,119,132,132,132,145,170,181,181,106,91,91,76,107,124,224,274,199,199,199,199,199,230,230,230,230,230,230],"floor_reached":26,"language":"ENG","playtime":966,"items_purged":[],"score":242,"play_id":"78e2a83b-2c3f-4d0a-95be-874a4d5fb7ee","local_time":"20210114012149","is_ascension_mode":true,"campfire_choices":[{"floor":1.0,"key":"RECALL"},{"data":"champ:ShieldSigil","floor":10.0,"key":"SMITH"},{"data":"champ:FlashCut","floor":18.0,"key":"SMITH"}],"circlet_count":0,"master_deck":["champ:Strike","champ:Strike+1","champ:Strike","champ:Defend","champ:Defend","champ:Defend","champ:Defend","champ:Execute","champ:Taunt","champ:BringItOn","champ:DefensiveShout","champ:FanOfKnives","champ:ShieldSigil+1","champ:Circumvent","champ:TornadoPunch","champ:StanceDance","champ:RageSigil","champ:EnchantSword","champ:FlashCut+1","champ:EnchantSword","Shame","RitualDagger+1","champ:PreciseThrust+1"],"relics":["champ:ChampionCrown","Oddly Smooth Stone","Lantern","Frozen Egg 2","downfall:HeartBlessingRed","Pantograph","Tiny House","downfall:HeartBlessingGreen","champ:DefensiveTrainingManual","champ:GladiatorsBookOfMartialProwess","Boot"],"acts_visited":["Exordium","TheCity"],"potions_floor_usage":[26,26],"damage_taken":[{"damage":8.0,"enemies":"Small Slimes","floor":2.0,"turns":5.0},{"damage":0.0,"enemies":"Cultist","floor":3.0,"turns":4.0},{"damage":5.0,"enemies":"Jaw Worm","floor":6.0,"turns":3.0},{"damage":16.0,"enemies":"Blue Slaver","floor":8.0,"turns":4.0},{"damage":20.0,"enemies":"downfall:FleeingMerchant","floor":11.0,"turns":4.0},{"damage":5.0,"enemies":"downfall:FleeingMerchant","floor":13.0,"turns":4.0},{"damage":39.0,"enemies":"Lagavulin","floor":14.0,"turns":10.0},{"damage":0.0,"enemies":"3 Louse","floor":15.0,"turns":2.0},{"damage":69.0,"enemies":"downfall:Ironclad","floor":16.0,"turns":14.0},{"damage":0.0,"enemies":"Chosen","floor":19.0,"turns":1.0},{"damage":90.0,"enemies":"Book of Stabbing","floor":23.0,"turns":8.0},{"damage":0.0,"enemies":"downfall:FleeingMerchant","floor":25.0,"turns":1.0},{"damage":17,"enemies":"Gremlin Leader","floor":26,"turns":4}],"seed_played":"7143360869241491034","potions_obtained":[{"floor":3.0,"key":"SkillPotion"},{"floor":8.0,"key":"sneckomod:MuddlingPotion"},{"floor":14.0,"key":"EssenceOfSteel"},{"floor":15.0,"key":"SmokeBomb"},{"floor":17.0,"key":"SteroidPotion"},{"floor":22.0,"key":"CultistPotion"},{"floor":23.0,"key":"ColorlessPotion"}],"is_trial":false,"path_per_floor":["R","M","M","?","?","M","T","M","T","R","$","?","$","E","M","B",null,"R","M","?","?","?","E","T","$","E"],"character_chosen":"THE_CHAMP","items_purchased":[],"campfire_rested":0,"item_purchase_floors":[],"current_hp_per_floor":[90,90,90,90,90,90,90,77,77,77,77,77,77,44,44,11,95,95,95,95,95,95,11,11,11,0,0,0],"gold":230,"neow_bonus":"RANDOM_COMMON_RELIC","is_daily":false,"chose_seed":false,"campfire_upgraded":2,"win_rate":0.0,"timestamp":1610608909,"path_taken":["R","M","M","?","?","M","T","?","?","R","$","?","?","E","M","BOSS","R","M","?","?","?","E","T","?","E"],"items_purchased_type":[],"build_version":"2020-12-22","purchased_purges":0,"victory":false,"max_hp_per_floor":[90,90,90,90,90,90,90,90,90,90,90,90,90,90,90,90,95,95,95,95,95,95,95,95,95,95,95,95],"card_choices":[{"not_picked":["champ:FocusedGladiator","champ:Haymaker"],"picked":"champ:BringItOn","floor":2.0},{"not_picked":["champ:Backstep","champ:Circumvent"],"picked":"champ:DefensiveShout","floor":3.0},{"not_picked":["champ:RapidStrikes","champ:PerfectedStrike"],"picked":"champ:FanOfKnives","floor":6.0},{"not_picked":["champ:SteelEdge","champ:AdrenalArmor"],"picked":"champ:ShieldSigil","floor":8.0},{"not_picked":["champ:DefensiveShout","champ:BringItOn"],"picked":"champ:Circumvent","floor":11.0},{"not_picked":["champ:CrookedStrike","champ:HeavySlash"],"picked":"champ:TornadoPunch","floor":13.0},{"not_picked":["champ:Haymaker","champ:FanOfKnives"],"picked":"champ:StanceDance","floor":14.0},{"not_picked":["champ:AdrenalArmor","champ:Circumvent"],"picked":"champ:RageSigil","floor":15.0},{"not_picked":["champ:IgnorePain","champ:HeavySlash"],"picked":"champ:EnchantSword","floor":16.0},{"not_picked":["champ:Backstep","champ:GladiatorsShout"],"picked":"champ:FlashCut","floor":17.0},{"not_picked":["champ:TornadoPunch","champ:CrookedStrike"],"picked":"champ:EnchantSword","floor":19.0},{"not_picked":["champ:RageSigil+1","champ:Aggression"],"picked":"champ:PreciseThrust+1","floor":23.0}],"player_experience":907772,"relics_obtained":[{"floor":7.0,"key":"Lantern"},{"floor":9.0,"key":"Frozen Egg 2"},{"floor":14.0,"key":"Pantograph"},{"floor":23.0,"key":"Boot"}],"event_choices":[{"damage_healed":0.0,"max_hp_gain":0.0,"max_hp_loss":0.0,"gold_gain":0.0,"event_name":"Purifier","player_choice":"Ignored","floor":5.0,"gold_loss":0.0,"damage_taken":0.0},{"damage_healed":0.0,"max_hp_gain":0.0,"max_hp_loss":0.0,"gold_gain":0.0,"event_name":"Addict","player_choice":"Stole Relic","floor":20.0,"gold_loss":0.0,"damage_taken":0.0,"relics_obtained":["champ:DefensiveTrainingManual"],"cards_obtained":["Shame"]}],"is_beta":false,"boss_relics":[{"not_picked":["Astrolabe","Velvet Choker"],"picked":"Tiny House"}],"items_purged_floors":[],"is_endless":false,"potions_floor_spawned":[3,8,14,15,23],"killed_by":"Gremlin Leader","ascension_level":2}}