{"host":"avjwtc49fhlk6kym","time":1610592848,"event":{"mods":["AchievementEnabler","BaseMod","Better Match","Better Note","Better Third Choice","Colored Map","Colored Powertips","Displayed Cursed Tome","Highlight Path","Minty Spire (QoL Compilation)","Permanent Neow","Quick Restart","StSLib"],"gold_per_floor":[114,0,12,78,78,106,106,120,120,120,133,147,147,177,177,272,272,291,12,12,32,45,45,56,72,72,99,99,118,33,46,46,46,46],"floor_reached":33,"language":"ENG","playtime":1517,"items_purged":["Writhe"],"score":279,"play_id":"1afe5de6-3522-45c2-9841-6b7a98ce0bda","local_time":"20210113215408","is_ascension_mode":false,"campfire_choices":[{"floor":7,"key":"REST"},{"data":"ForeignInfluence","floor":10,"key":"SMITH"},{"floor":13,"key":"REST"},{"floor":15,"key":"REST"},{"floor":23,"key":"REST"},{"floor":28,"key":"REST"},{"data":"BattleHymn","floor":32,"key":"SMITH"}],"circlet_count":0,"master_deck":["Strike_P","Defend_P","Defend_P","Defend_P","Defend_P","Eruption+1","Vigilance","Consecrate","InnerPeace","SandsOfTime","ForeignInfluence+1","Evaluate","CrushJoints","Study","ForeignInfluence","Devotion","Swivel+1","EmptyMind+1","WaveOfTheHand+1","CutThroughFate","BattleHymn+1","Discovery","DeusExMachina","ReachHeaven","PathToVictory+1","PathToVictory","ReachHeaven+1"],"relics":["PureWater","Turnip","Bronze Scales","Meat on the Bone","Astrolabe","Regal Pillow","CloakClasp","Bottled Lightning","Strawberry"],"acts_visited":["Exordium","TheCity"],"potions_floor_usage":[14,14,21,22,24,27],"damage_taken":[{"damage":2.0,"enemies":"Small Slimes","floor":1.0,"turns":4.0},{"damage":0.0,"enemies":"2 Louse","floor":3.0,"turns":2.0},{"damage":27,"enemies":"Gremlin Nob","floor":6,"turns":3},{"damage":6,"enemies":"Cultist","floor":8,"turns":3},{"damage":8,"enemies":"Red Slaver","floor":11,"turns":2},{"damage":10,"enemies":"Lots of Slimes","floor":12,"turns":4},{"damage":23,"enemies":"3 Sentries","floor":14,"turns":5},{"damage":53,"enemies":"The Guardian","floor":16,"turns":9},{"damage":9,"enemies":"Spheric Guardian","floor":18,"turns":4},{"damage":8,"enemies":"3 Byrds","floor":21,"turns":3},{"damage":20,"enemies":"Snecko","floor":22,"turns":6},{"damage":12,"enemies":"3 Cultists","floor":24,"turns":5},{"damage":22,"enemies":"Centurion and Healer","floor":25,"turns":3},{"damage":14,"enemies":"Book of Stabbing","floor":27,"turns":7},{"damage":42,"enemies":"Shelled Parasite and Fungi","floor":29,"turns":5},{"damage":3,"enemies":"Snecko","floor":31,"turns":3},{"damage":59,"enemies":"Automaton","floor":33,"turns":6}],"seed_played":"17983508943175036","potions_obtained":[{"floor":6,"key":"Energy Potion"},{"floor":8,"key":"Ancient Potion"},{"floor":18,"key":"BlessingOfTheForge"},{"floor":21,"key":"LiquidMemories"},{"floor":22,"key":"SkillPotion"},{"floor":25,"key":"SpeedPotion"}],"is_trial":false,"path_per_floor":["M","$","M","?","?","E","R","M","T","R","M","M","R","E","R","B",null,"M","$","?","M","M","R","M","M","T","E","R","M","?","M","R","B"],"character_chosen":"WATCHER","items_purchased":["InnerPeace","Regal Pillow","BattleHymn","Discovery"],"campfire_rested":5,"item_purchase_floors":[2,19,19,19],"current_hp_per_floor":[70,70,70,70,70,43,64,58,58,58,50,40,61,38,59,18,72,63,63,63,55,47,72,60,38,38,36,72,42,49,46,46,0,0],"gold":46,"neow_bonus":"ONE_RARE_RELIC","is_daily":false,"chose_seed":false,"campfire_upgraded":2,"win_rate":0.0,"timestamp":1610592848,"path_taken":["M","$","M","?","?","E","R","M","T","R","M","M","R","E","R","BOSS","M","$","?","?","M","R","M","?","T","E","R","M","?","M","R","BOSS"],"items_purchased_type":["Card","Relic","Card","Card"],"build_version":"2020-12-22","purchased_purges":1,"victory":false,"max_hp_per_floor":[72,72,72,72,72,72,72,72,72,72,72,72,72,72,72,72,72,72,72,72,72,72,72,72,72,72,72,72,72,79,79,79,79,79],"card_choices":[{"not_picked":["Collect","SashWhip"],"picked":"Consecrate","floor":1.0},{"not_picked":["Evaluate","Halt"],"picked":"SandsOfTime","floor":3.0},{"not_picked":["Consecrate","ClearTheMind"],"picked":"ForeignInfluence","floor":6},{"not_picked":["Vengeance","Collect"],"picked":"Evaluate","floor":8},{"not_picked":["DeceiveReality","JustLucky"],"picked":"CrushJoints","floor":11},{"not_picked":["Nirvana","WreathOfFlame"],"picked":"Study","floor":12},{"not_picked":["FlyingSleeves","Weave"],"picked":"ForeignInfluence","floor":14},{"not_picked":["Establishment","Alpha"],"picked":"Devotion","floor":16},{"not_picked":["JustLucky","SashWhip"],"picked":"CutThroughFate","floor":18},{"not_picked":["Sanctity","Indignation","EmptyFist"],"picked":"SKIP","floor":21},{"not_picked":["ForeignInfluence+1","Crescendo"],"picked":"DeusExMachina","floor":22},{"not_picked":["SashWhip+1","Perseverance","Worship"],"picked":"SKIP","floor":24},{"not_picked":["ThirdEye+1","ClearTheMind"],"picked":"ReachHeaven","floor":25},{"not_picked":["FlyingSleeves","TalkToTheHand"],"picked":"PathToVictory+1","floor":27},{"not_picked":["Perseverance+1","ClearTheMind"],"picked":"PathToVictory","floor":29},{"not_picked":["Prostrate","Crescendo"],"picked":"ReachHeaven+1","floor":31}],"player_experience":382652,"relics_obtained":[{"floor":6,"key":"Bronze Scales"},{"floor":14,"key":"Meat on the Bone"},{"floor":26,"key":"CloakClasp"},{"floor":27,"key":"Bottled Lightning"}],"event_choices":[{"damage_healed":0.0,"max_hp_gain":0.0,"max_hp_loss":0.0,"gold_gain":66.0,"event_name":"Golden Wing","player_choice":"Gained Gold","floor":4.0,"gold_loss":0.0,"damage_taken":0.0},{"damage_healed":0.0,"max_hp_gain":0.0,"max_hp_loss":0.0,"gold_gain":0.0,"event_name":"Living Wall","player_choice":"Grow","floor":5.0,"gold_loss":0.0,"damage_taken":0.0,"cards_upgraded":["Eruption"]},{"cards_removed":["Defend_P"],"damage_healed":0,"gold_gain":0,"player_choice":"Give","damage_taken":0,"max_hp_gain":0,"max_hp_loss":0,"event_name":"betterNote:BetterNote","floor":20,"gold_loss":0,"cards_obtained":["Defend_P"]},{"damage_healed":0,"gold_gain":0,"player_choice":"Obtained Relic","damage_taken":0,"relics_obtained":["Strawberry"],"max_hp_gain":0,"max_hp_loss":0,"event_name":"Addict","floor":30,"gold_loss":85}],"is_beta":false,"boss_relics":[{"not_picked":["Velvet Choker","VioletLotus"],"picked":"Astrolabe"}],"items_purged_floors":[2],"is_endless":false,"potions_floor_spawned":[6,8,18,21,22,25],"killed_by":"Automaton","ascension_level":0}}