{"host":"vex7walpoxzv48nx","time":1610644028,"event":{"mods":["BaseMod","Highlight Path","Minty Spire (QoL Compilation)","Permanent Neow","Quick Restart","Relic Stats"],"gold_per_floor":[15,26,38,57,67,85,140,140,140,151,181,181,194,194,194,293,293,293],"floor_reached":17,"language":"ENG","playtime":1240,"items_purged":[],"score":161,"play_id":"37cb2af8-2ee1-4f98-8542-051bb3ef24bc","local_time":"20210114180708","is_ascension_mode":false,"campfire_choices":[{"data":"Strike_G","floor":8.0,"key":"PURGE"},{"data":"Strike_G","floor":12.0,"key":"PURGE"},{"floor":15.0,"key":"REST"}],"circlet_count":0,"master_deck":["Strike_G","Strike_G","Strike_G","Defend_G","Defend_G","Defend_G","Defend_G","Defend_G","Survivor","Neutralize","Backstab","Deadly Poison","Dagger Throw","Crippling Poison","Noxious Fumes","Catalyst","Backflip","Acrobatics","Flash of Steel","A Thousand Cuts"],"relics":["Ring of the Snake","Peace Pipe","Mercury Hourglass","Matryoshka","Bag of Preparation","Cursed Key"],"acts_visited":["Exordium","TheCity"],"potions_floor_usage":[],"damage_taken":[{"damage":0.0,"enemies":"Jaw Worm","floor":1.0,"turns":4.0},{"damage":0.0,"enemies":"Small Slimes","floor":2.0,"turns":4.0},{"damage":0.0,"enemies":"Cultist","floor":3.0,"turns":3.0},{"damage":7.0,"enemies":"3 Louse","floor":4.0,"turns":3.0},{"damage":0.0,"enemies":"Looter","floor":5.0,"turns":4.0},{"damage":4.0,"enemies":"Red Slaver","floor":6.0,"turns":3.0},{"damage":13.0,"enemies":"Gremlin Nob","floor":7.0,"turns":3.0},{"damage":9.0,"enemies":"Blue Slaver","floor":10.0,"turns":2.0},{"damage":6.0,"enemies":"Gremlin Nob","floor":11.0,"turns":3.0},{"damage":6.0,"enemies":"2 Fungi Beasts","floor":13.0,"turns":3.0},{"damage":25.0,"enemies":"The Guardian","floor":16.0,"turns":9.0}],"seed_played":"3986873279013605554","potions_obtained":[{"floor":1.0,"key":"Ancient Potion"},{"floor":2.0,"key":"CunningPotion"},{"floor":4.0,"key":"EssenceOfSteel"},{"floor":10.0,"key":"Fire Potion"},{"floor":13.0,"key":"Swift Potion"},{"floor":16.0,"key":"BlessingOfTheForge"}],"is_trial":false,"path_per_floor":["M","M","M","M","M","M","?","R","T","M","E","R","M","?","R","B",null],"character_chosen":"THE_SILENT","items_purchased":[],"campfire_rested":1,"item_purchase_floors":[],"current_hp_per_floor":[70,70,70,63,63,59,46,46,46,37,31,31,25,25,46,21,70,70],"gold":293,"neow_bonus":"ONE_RARE_RELIC","is_daily":false,"chose_seed":false,"campfire_upgraded":0,"win_rate":0.0,"timestamp":1610644028,"path_taken":["M","M","M","M","M","M","?","R","T","M","E","R","M","?","R","BOSS"],"items_purchased_type":[],"build_version":"2020-12-22","purchased_purges":0,"victory":false,"max_hp_per_floor":[70,70,70,70,70,70,70,70,70,70,70,70,70,70,70,70,70,70],"relic_stats":{"Peace Pipe":2,"counters":[11,41],"Bag of Preparation":[4],"Cursed Key":0,"obtain_stats":[{"Peace Pipe":0,"Matryoshka":9,"Bag of Preparation":11,"Cursed Key":17,"Ring of the Snake":0,"Mercury Hourglass":7},{"Peace Pipe":0,"Matryoshka":7,"Bag of Preparation":9,"Cursed Key":11,"Ring of the Snake":0,"Mercury Hourglass":6},{"Peace Pipe":0,"Matryoshka":24,"Bag of Preparation":29,"Cursed Key":41,"Ring of the Snake":0,"Mercury Hourglass":21}],"Ring of the Snake":[22],"Mercury Hourglass":[63]},"card_choices":[{"not_picked":["Dagger Spray","Blur"],"picked":"Backstab","floor":1.0},{"not_picked":["Acrobatics","Masterful Stab"],"picked":"Deadly Poison","floor":2.0},{"not_picked":["Distraction","Bane"],"picked":"Dagger Throw","floor":3.0},{"not_picked":["Finisher","PiercingWail"],"picked":"Crippling Poison","floor":4.0},{"not_picked":["Underhanded Strike","Sucker Punch"],"picked":"Noxious Fumes","floor":5.0},{"not_picked":["Caltrops","Riddle With Holes"],"picked":"Catalyst","floor":6.0},{"not_picked":["Bane","Endless Agony","Predator"],"picked":"SKIP","floor":10.0},{"not_picked":["Underhanded Strike","Deadly Poison"],"picked":"Backflip","floor":11.0},{"not_picked":["Slice","Choke"],"picked":"Acrobatics","floor":13.0},{"not_picked":["Glass Knife","Malaise"],"picked":"A Thousand Cuts","floor":16.0}],"player_experience":118825,"relics_obtained":[{"floor":9.0,"key":"Matryoshka"},{"floor":11.0,"key":"Bag of Preparation"}],"event_choices":[{"damage_healed":0.0,"max_hp_gain":0.0,"max_hp_loss":0.0,"gold_gain":0.0,"event_name":"Dead Adventurer","player_choice":"Searched \u00273\u0027 times","floor":7.0,"gold_loss":0.0,"damage_taken":0.0,"relics_obtained":["Mercury Hourglass"]},{"damage_healed":0.0,"max_hp_gain":0.0,"max_hp_loss":0.0,"gold_gain":0.0,"event_name":"Match and Keep!","player_choice":"1 cards matched","floor":14.0,"gold_loss":0.0,"damage_taken":0.0,"cards_obtained":["Flash of Steel"]}],"is_beta":false,"boss_relics":[{"not_picked":["Philosopher\u0027s Stone","Tiny House"],"picked":"Cursed Key"}],"items_purged_floors":[],"is_endless":false,"potions_floor_spawned":[1,2,4,10,13,16],"ascension_level":0}}