{"host":"qxeepl7ydvsgmfdb","time":1610631824,"event":{"mods":["AchievementEnabler","BaseMod","Colored Powertips","Minty Spire (QoL Compilation)","Quick Restart","slay the spire mod where everything is the same but ironclad has a cowboy hat"],"gold_per_floor":[110,385,404,204,219,219,248,267,267,267,1,15,40,56,56,186,186,200,200,215,215,20,364,364,405,431,431,556,571,571,592,592,723,723,742,757,261,284,284,284],"floor_reached":39,"language":"ENG","playtime":1872,"items_purged":["Regret","Injury","Strike_G"],"score":697,"play_id":"412ca484-4a4c-40fa-858c-945ad79667d1","local_time":"20210114084344","is_ascension_mode":true,"campfire_choices":[{"data":"Noxious Fumes","floor":6.0,"key":"SMITH"},{"floor":15.0,"key":"REST"},{"floor":24.0,"key":"REST"},{"data":"Phantasmal Killer","floor":27.0,"key":"SMITH"},{"floor":32.0,"key":"REST"}],"circlet_count":0,"master_deck":["Strike_G","Strike_G","Strike_G","Strike_G","Defend_G","Defend_G","Defend_G","Defend_G","Defend_G","Survivor","Neutralize","Blade Dance","Sucker Punch","Noxious Fumes+1","Blade Dance","Envenom","Apotheosis","Blade Dance","Phantasmal Killer+1","CurseOfTheBell","Poisoned Stab","Backstab","Deadly Poison","After Image","Necronomicurse","Parasite"],"relics":["Ring of the Snake","NeowsBlessing","Meat on the Bone","Pocketwatch","Golden Idol","Calling Bell","Regal Pillow","Ornamental Fan","Dead Branch","MutagenicStrength","PreservedInsect","Old Coin","Juzu Bracelet","Potion Belt","TungstenRod","HornCleat","Necronomicon","SacredBark","Orichalcum","Cauldron"],"acts_visited":["Exordium","TheCity","TheBeyond"],"potions_floor_usage":[39,39],"damage_taken":[{"damage":0.0,"enemies":"Cultist","floor":1.0,"turns":1.0},{"damage":0.0,"enemies":"Small Slimes","floor":3.0,"turns":1.0},{"damage":0.0,"enemies":"Jaw Worm","floor":5.0,"turns":1.0},{"damage":25.0,"enemies":"3 Sentries","floor":7.0,"turns":5.0},{"damage":14.0,"enemies":"Large Slime","floor":8.0,"turns":4.0},{"damage":9.0,"enemies":"3 Louse","floor":12.0,"turns":3.0},{"damage":3.0,"enemies":"Exordium Wildlife","floor":13.0,"turns":4.0},{"damage":8.0,"enemies":"Red Slaver","floor":14.0,"turns":4.0},{"damage":0.0,"enemies":"Slime Boss","floor":16.0,"turns":6.0},{"damage":14.0,"enemies":"3 Byrds","floor":18.0,"turns":4.0},{"damage":14.0,"enemies":"2 Thieves","floor":20.0,"turns":2.0},{"damage":18.0,"enemies":"Slavers","floor":23.0,"turns":5.0},{"damage":0.0,"enemies":"Gremlin Leader","floor":25.0,"turns":4.0},{"damage":17.0,"enemies":"Colosseum Slavers","floor":28.0,"turns":4.0},{"damage":0.0,"enemies":"Colosseum Nobs","floor":28.0,"turns":2.0},{"damage":10.0,"enemies":"Snake Plant","floor":29.0,"turns":4.0},{"damage":32.0,"enemies":"Centurion and Healer","floor":31.0,"turns":5.0},{"damage":51.0,"enemies":"Champ","floor":33.0,"turns":12.0},{"damage":18.0,"enemies":"Orb Walker","floor":35.0,"turns":4.0},{"damage":38.0,"enemies":"3 Darklings","floor":36.0,"turns":5.0},{"damage":8.0,"enemies":"Writhing Mass","floor":38.0,"turns":7.0},{"damage":37,"enemies":"Spire Growth","floor":39,"turns":4}],"seed_played":"-7116533898202411899","potions_obtained":[{"floor":1.0,"key":"SteroidPotion"},{"floor":14.0,"key":"DistilledChaos"},{"floor":16.0,"key":"FairyPotion"},{"floor":20.0,"key":"EntropicBrew"},{"floor":29.0,"key":"Ancient Potion"},{"floor":31.0,"key":"BlessingOfTheForge"},{"floor":33.0,"key":"Weak Potion"},{"floor":36.0,"key":"Strength Potion"},{"floor":37.0,"key":"Block Potion"},{"floor":37.0,"key":"LiquidBronze"},{"floor":37.0,"key":"SkillPotion"}],"is_trial":false,"path_per_floor":["M","?","M","$","M","R","E","M","T","?","$","M","M","M","R","B",null,"M","?","M","?","$","E","R","E","T","R","?","M","?","M","R","B",null,"M","M","$","M","M"],"character_chosen":"THE_SILENT","items_purchased":["Noxious Fumes","Blade Dance","Apotheosis","PreservedInsect","Deadly Poison","CunningPotion","Orichalcum","Cauldron"],"campfire_rested":3,"item_purchase_floors":[4,4,11,22,22,37,37,37],"current_hp_per_floor":[63,63,63,63,63,63,38,36,36,36,36,39,36,40,61,61,68,54,54,40,40,40,34,70,70,70,70,53,43,31,33,69,30,60,42,16,16,20,0,0],"gold":284,"neow_bonus":"THREE_ENEMY_KILL","is_daily":false,"chose_seed":false,"campfire_upgraded":2,"win_rate":0.0,"timestamp":1610631824,"path_taken":["M","?","?","?","?","R","E","M","T","?","$","M","M","M","R","BOSS","M","?","M","?","$","E","R","E","T","R","?","M","?","M","R","BOSS","M","M","$","M","M"],"items_purchased_type":["Card","Card","Card","Relic","Card","Potion","Relic","Relic"],"build_version":"2020-12-22","purchased_purges":3,"victory":false,"max_hp_per_floor":[70,70,70,70,70,70,70,70,70,70,70,70,70,70,70,70,70,70,70,70,70,70,70,70,70,70,70,70,70,70,70,70,70,70,70,70,70,70,70,70],"card_choices":[{"not_picked":["All Out Attack","Well Laid Plans"],"picked":"Blade Dance","floor":1.0},{"not_picked":["Leg Sweep","Backflip"],"picked":"Sucker Punch","floor":3.0},{"not_picked":["Backflip","PiercingWail","Setup"],"picked":"SKIP","floor":5.0},{"not_picked":["Deadly Poison","Sucker Punch"],"picked":"Envenom","floor":7.0},{"not_picked":["Outmaneuver","Predator","Heel Hook"],"picked":"SKIP","floor":8.0},{"not_picked":["Outmaneuver","Flying Knee","Backflip"],"picked":"SKIP","floor":12.0},{"not_picked":["Choke","Reflex"],"picked":"Blade Dance","floor":13.0},{"not_picked":["Flying Knee","Predator","Quick Slash"],"picked":"SKIP","floor":14.0},{"not_picked":["Bullet Time","Envenom"],"picked":"Phantasmal Killer","floor":16.0},{"not_picked":["Noxious Fumes","Caltrops+1"],"picked":"Poisoned Stab","floor":18.0},{"not_picked":["Sucker Punch","Prepared+1"],"picked":"Backstab","floor":20.0},{"not_picked":["Dodge and Roll","Expertise"],"picked":"After Image","floor":23.0},{"not_picked":["Eviscerate","Slice","Skewer"],"picked":"SKIP","floor":25.0},{"not_picked":["Footwork","Slice","Sucker Punch"],"picked":"SKIP","floor":29.0},{"not_picked":["Blur","Bane","Acrobatics"],"picked":"SKIP","floor":31.0},{"not_picked":["Sucker Punch+1","Quick Slash","Cloak And Dagger"],"picked":"SKIP","floor":35.0},{"not_picked":["Backflip","Terror","Deflect+1"],"picked":"SKIP","floor":36.0},{"not_picked":["Leg Sweep+1","Endless Agony+1","Sucker Punch"],"picked":"SKIP","floor":38.0}],"player_experience":137351,"relics_obtained":[{"floor":7.0,"key":"Meat on the Bone"},{"floor":9.0,"key":"Pocketwatch"},{"floor":17.0,"key":"Regal Pillow"},{"floor":17.0,"key":"Ornamental Fan"},{"floor":17.0,"key":"Dead Branch"},{"floor":23.0,"key":"Old Coin"},{"floor":25.0,"key":"Juzu Bracelet"},{"floor":26.0,"key":"Potion Belt"},{"floor":28.0,"key":"TungstenRod"},{"floor":28.0,"key":"HornCleat"},{"floor":30.0,"key":"Necronomicon"}],"event_choices":[{"damage_healed":0.0,"max_hp_gain":0.0,"max_hp_loss":0.0,"gold_gain":275.0,"event_name":"Golden Shrine","player_choice":"Desecrate","floor":2.0,"gold_loss":0.0,"damage_taken":0.0,"cards_obtained":["Regret"]},{"damage_healed":0.0,"max_hp_gain":0.0,"max_hp_loss":0.0,"gold_gain":0.0,"event_name":"Golden Idol","player_choice":"Take Wound","floor":10.0,"gold_loss":0.0,"damage_taken":0.0,"relics_obtained":["Golden Idol"],"cards_obtained":["Injury"]},{"damage_healed":0.0,"max_hp_gain":0.0,"max_hp_loss":0.0,"gold_gain":0.0,"event_name":"Drug Dealer","player_choice":"Inject Mutagens","floor":19.0,"gold_loss":0.0,"damage_taken":0.0,"relics_obtained":["MutagenicStrength"]},{"damage_healed":0.0,"max_hp_gain":0.0,"max_hp_loss":0.0,"gold_gain":0.0,"event_name":"Vampires","player_choice":"Ignored","floor":21.0,"gold_loss":0.0,"damage_taken":0.0},{"damage_healed":0.0,"max_hp_gain":0.0,"max_hp_loss":0.0,"gold_gain":0.0,"event_name":"Colosseum","player_choice":"Fight","floor":28.0,"gold_loss":0.0,"damage_taken":0.0},{"damage_healed":0.0,"max_hp_gain":0.0,"max_hp_loss":0.0,"gold_gain":0.0,"event_name":"Colosseum","player_choice":"Fought Nobs","floor":28.0,"gold_loss":0.0,"damage_taken":0.0},{"damage_healed":0.0,"max_hp_gain":0.0,"max_hp_loss":0.0,"gold_gain":0.0,"event_name":"Cursed Tome","player_choice":"Obtained Book","floor":30.0,"gold_loss":0.0,"damage_taken":16.0}],"is_beta":false,"boss_relics":[{"not_picked":["Runic Dome","Pandora\u0027s Box"],"picked":"Calling Bell"},{"not_picked":["Philosopher\u0027s Stone","Snecko Eye"],"picked":"SacredBark"}],"items_purged_floors":[4,11,37],"is_endless":false,"potions_floor_spawned":[1,14,16,20,28,29,31,33,36],"killed_by":"Spire Growth","ascension_level":7}}