{"host":"x21cvmfdo17nyhii","time":1610664993,"event":{"mods":["AchievementEnabler","BaseMod","Colored Map","Colored Powertips","DeckTracker","Highlight Path","Minty Spire (QoL Compilation)","Quick Restart","Rare Cards Sparkle","SuperFastMode"],"gold_per_floor":[110,120,120,136,4,38,53,53,78,110,110,110,139,104,104,203,253,272,47,58,58,58,58,93,93,142,154,193,218,230,254,266,374,386,413,425,437,494,1,1,13,40,40,40,40,262,280,280,280,280],"floor_reached":51,"language":"ENG","playtime":2673,"items_purged":["Strike_G"],"score":876,"play_id":"27714f33-0bff-4d23-9794-d31338b09099","local_time":"20210114145633","is_ascension_mode":true,"campfire_choices":[{"floor":8.0,"key":"REST"},{"floor":12.0,"key":"REST"},{"data":"Dagger Spray","floor":15.0,"key":"SMITH"},{"data":"Well Laid Plans","floor":23.0,"key":"SMITH"},{"data":"Neutralize","floor":25.0,"key":"SMITH"},{"data":"Backstab","floor":27.0,"key":"SMITH"},{"floor":32.0,"key":"REST"},{"floor":40.0,"key":"REST"},{"floor":45.0,"key":"REST"},{"data":"Madness","floor":49.0,"key":"SMITH"}],"circlet_count":0,"master_deck":["Strike_G","Strike_G","Strike_G","Strike_G+1","Defend_G+1","Defend_G","Defend_G","Defend_G","Defend_G","Survivor+1","Neutralize+1","After Image+1","Escape Plan","Backstab+1","Escape Plan","Well Laid Plans+1","Dagger Spray+1","Slice","Grand Finale","Slice","Quick Slash","Acrobatics","Dagger Throw","Escape Plan","Backflip","Madness","Madness+1","Night Terror","Deflect+1","Tools of the Trade+1","Unload","Footwork+1","Sadistic Nature+1","Footwork+1"],"relics":["Ring of the Snake","Boot","War Paint","Anchor","Juzu Bracelet","Odd Mushroom","Tiny House","ClockworkSouvenir","MutagenicStrength","The Specimen","MawBank","Red Mask","Mummified Hand","SlaversCollar","Mango","Membership Card","Frozen Egg 2","Incense Burner","MealTicket","Unceasing Top"],"acts_visited":["Exordium","TheCity","TheBeyond"],"potions_floor_usage":[50],"damage_taken":[{"damage":7.0,"enemies":"Small Slimes","floor":1.0,"turns":6.0},{"damage":1.0,"enemies":"Cultist","floor":2.0,"turns":6.0},{"damage":0.0,"enemies":"2 Louse","floor":4.0,"turns":3.0},{"damage":13.0,"enemies":"Gremlin Nob","floor":6.0,"turns":5.0},{"damage":0.0,"enemies":"Exordium Wildlife","floor":7.0,"turns":4.0},{"damage":20.0,"enemies":"Lagavulin","floor":10.0,"turns":9.0},{"damage":1.0,"enemies":"The Mushroom Lair","floor":13.0,"turns":4.0},{"damage":15.0,"enemies":"Slime Boss","floor":16.0,"turns":14.0},{"damage":0.0,"enemies":"Shell Parasite","floor":18.0,"turns":6.0},{"damage":6.0,"enemies":"3 Byrds","floor":20.0,"turns":5.0},{"damage":3.0,"enemies":"Gremlin Leader","floor":24.0,"turns":6.0},{"damage":30.0,"enemies":"Masked Bandits","floor":28.0,"turns":4.0},{"damage":11.0,"enemies":"Snecko","floor":29.0,"turns":4.0},{"damage":7.0,"enemies":"Shelled Parasite and Fungi","floor":31.0,"turns":6.0},{"damage":35.0,"enemies":"Champ","floor":33.0,"turns":12.0},{"damage":1.0,"enemies":"3 Shapes","floor":35.0,"turns":4.0},{"damage":26.0,"enemies":"2 Orb Walkers","floor":38.0,"turns":5.0},{"damage":2.0,"enemies":"Orb Walker","floor":41.0,"turns":5.0},{"damage":19.0,"enemies":"Reptomancer","floor":42.0,"turns":12.0},{"damage":0.0,"enemies":"3 Darklings","floor":47.0,"turns":4.0},{"damage":70,"enemies":"Awakened One","floor":50,"turns":17}],"seed_played":"9116212549881448724","potions_obtained":[{"floor":2.0,"key":"SteroidPotion"},{"floor":7.0,"key":"GhostInAJar"},{"floor":17.0,"key":"Poison Potion"},{"floor":20.0,"key":"EntropicBrew"},{"floor":29.0,"key":"DistilledChaos"},{"floor":35.0,"key":"Dexterity Potion"},{"floor":38.0,"key":"Poison Potion"},{"floor":47.0,"key":"Weak Potion"}],"is_trial":false,"path_per_floor":["M","M","?","M","$","E","M","R","T","E","?","R","?","?","R","B",null,"M","$","M","?","?","R","E","R","T","R","?","M","T","M","R","B",null,"M","?","?","?","$","R","M","E","T","?","R","?","M","?","R","B",null],"character_chosen":"THE_SILENT","items_purchased":["Well Laid Plans","PowerPotion","ClockworkSouvenir","Membership Card","Frozen Egg 2","Tools of the Trade+1","Incense Burner"],"campfire_rested":5,"item_purchase_floors":[5,5,19,39,39,39,39],"current_hp_per_floor":[63,62,50,50,50,37,37,58,58,38,38,59,58,70,70,55,75,75,75,69,69,69,69,66,66,66,66,36,25,25,18,40,5,75,74,65,65,53,53,79,77,58,58,58,84,84,84,84,84,14],"gold":280,"neow_bonus":"ONE_RANDOM_RARE_CARD","is_daily":false,"chose_seed":false,"campfire_upgraded":5,"win_rate":0.0,"timestamp":1610664993,"path_taken":["M","M","?","M","$","E","M","R","T","E","?","R","?","?","R","BOSS","M","$","M","?","?","R","E","R","T","R","?","M","?","M","R","BOSS","M","?","?","?","$","R","M","E","T","?","R","?","M","?","R","BOSS"],"items_purchased_type":["Card","Potion","Relic","Relic","Relic","Card","Relic"],"build_version":"2020-12-22","purchased_purges":1,"victory":true,"max_hp_per_floor":[70,70,70,70,70,70,70,70,70,70,70,70,70,70,70,70,75,75,75,75,75,75,75,75,75,75,75,75,75,75,75,75,75,75,75,75,75,89,89,89,89,89,89,89,89,89,89,89,89,89],"card_choices":[{"not_picked":["Sucker Punch","All Out Attack"],"picked":"Escape Plan","floor":1.0},{"not_picked":["Bouncing Flask","Finisher"],"picked":"Backstab","floor":2.0},{"not_picked":["Dagger Throw","Outmaneuver"],"picked":"Escape Plan","floor":4.0},{"not_picked":["Outmaneuver","Acrobatics","Riddle With Holes"],"picked":"SKIP","floor":6.0},{"not_picked":["Expertise","Prepared"],"picked":"Dagger Spray","floor":7.0},{"not_picked":["Quick Slash","Well Laid Plans"],"picked":"Slice","floor":10.0},{"not_picked":["Outmaneuver","Wraith Form v2"],"picked":"Deflect","floor":13.0},{"not_picked":["Envenom","Doppelganger"],"picked":"Grand Finale","floor":16.0},{"not_picked":["Bane","Outmaneuver"],"picked":"Slice","floor":17.0},{"not_picked":["Outmaneuver+1","Backstab"],"picked":"Quick Slash","floor":18.0},{"not_picked":["Crippling Poison","Flying Knee"],"picked":"Acrobatics","floor":20.0},{"not_picked":["Storm of Steel","Escape Plan"],"picked":"Dagger Throw","floor":24.0},{"not_picked":["Reflex+1","Underhanded Strike"],"picked":"Escape Plan","floor":28.0},{"not_picked":["PiercingWail","All Out Attack","Deadly Poison"],"picked":"SKIP","floor":29.0},{"not_picked":["PiercingWail+1","Dagger Spray"],"picked":"Backflip","floor":31.0},{"not_picked":["Glass Knife","Envenom"],"picked":"Corpse Explosion","floor":33.0},{"not_picked":["PiercingWail","Deflect","Blade Dance"],"picked":"SKIP","floor":35.0},{"not_picked":["Deadly Poison","Sucker Punch"],"picked":"Deflect+1","floor":38.0},{"not_picked":["Deflect","Deadly Poison+1"],"picked":"Unload","floor":41.0},{"not_picked":["Night Terror","Backflip"],"picked":"Footwork+1","floor":42.0},{"not_picked":["Dark Shackles","The Bomb"],"picked":"Sadistic Nature+1","floor":44.0},{"not_picked":["Prepared+1","Blade Dance+1"],"picked":"Footwork+1","floor":47.0}],"player_experience":386048,"relics_obtained":[{"floor":6.0,"key":"War Paint"},{"floor":9.0,"key":"Anchor"},{"floor":10.0,"key":"Juzu Bracelet"},{"floor":13.0,"key":"Odd Mushroom"},{"floor":24.0,"key":"The Specimen"},{"floor":26.0,"key":"MawBank"},{"floor":28.0,"key":"Red Mask"},{"floor":30.0,"key":"Mummified Hand"},{"floor":38.0,"key":"Mango"},{"floor":42.0,"key":"MealTicket"},{"floor":43.0,"key":"Unceasing Top"}],"event_choices":[{"damage_healed":0.0,"max_hp_gain":0.0,"max_hp_loss":0.0,"gold_gain":0.0,"event_name":"Scrap Ooze","player_choice":"Success","floor":3.0,"gold_loss":0.0,"damage_taken":12.0,"relics_obtained":["Boot"]},{"damage_healed":0.0,"max_hp_gain":0.0,"max_hp_loss":0.0,"gold_gain":0.0,"event_name":"Upgrade Shrine","player_choice":"Upgraded","floor":11.0,"gold_loss":0.0,"damage_taken":0.0,"cards_upgraded":["After Image"]},{"damage_healed":0.0,"max_hp_gain":0.0,"max_hp_loss":0.0,"gold_gain":0.0,"event_name":"Mushrooms","player_choice":"Fought Mushrooms","floor":13.0,"gold_loss":0.0,"damage_taken":0.0},{"damage_healed":17.0,"max_hp_gain":0.0,"max_hp_loss":0.0,"gold_gain":0.0,"event_name":"The Cleric","player_choice":"Healed","floor":14.0,"gold_loss":35.0,"damage_taken":0.0},{"damage_healed":0.0,"max_hp_gain":0.0,"max_hp_loss":0.0,"gold_gain":0.0,"event_name":"Vampires","player_choice":"Ignored","floor":21.0,"gold_loss":0.0,"damage_taken":0.0},{"damage_healed":0.0,"max_hp_gain":0.0,"max_hp_loss":0.0,"gold_gain":0.0,"event_name":"Drug Dealer","player_choice":"Inject Mutagens","floor":22.0,"gold_loss":0.0,"damage_taken":0.0,"relics_obtained":["MutagenicStrength"]},{"damage_healed":0.0,"max_hp_gain":0.0,"max_hp_loss":0.0,"gold_gain":0.0,"event_name":"Masked Bandits","player_choice":"Fought Bandits","floor":28.0,"gold_loss":0.0,"damage_taken":0.0},{"damage_healed":0.0,"max_hp_gain":0.0,"max_hp_loss":0.0,"gold_gain":0.0,"event_name":"Winding Halls","player_choice":"Embrace Madness","floor":36.0,"gold_loss":0.0,"damage_taken":9.0,"cards_obtained":["Madness","Madness"]},{"damage_healed":0.0,"max_hp_gain":0.0,"max_hp_loss":0.0,"gold_gain":0.0,"cards_transformed":["Corpse Explosion"],"event_name":"Transmorgrifier","player_choice":"Transformed","floor":37.0,"gold_loss":0.0,"damage_taken":0.0,"cards_obtained":["Night Terror"]},{"damage_healed":0.0,"max_hp_gain":0.0,"max_hp_loss":0.0,"gold_gain":0.0,"event_name":"Mysterious Sphere","player_choice":"Fight","floor":38.0,"gold_loss":0.0,"damage_taken":0.0},{"damage_healed":0.0,"max_hp_gain":0.0,"max_hp_loss":0.0,"gold_gain":0.0,"event_name":"SensoryStone","player_choice":"Memory 1","floor":44.0,"gold_loss":0.0,"damage_taken":0.0},{"damage_healed":0.0,"max_hp_gain":0.0,"max_hp_loss":0.0,"gold_gain":222.0,"event_name":"Tomb of Lord Red Mask","player_choice":"Wore Mask","floor":46.0,"gold_loss":0.0,"damage_taken":0.0},{"cards_removed":["Deflect"],"damage_healed":0.0,"max_hp_gain":0.0,"max_hp_loss":0.0,"gold_gain":0.0,"event_name":"Falling","player_choice":"Removed Skill","floor":48.0,"gold_loss":0.0,"damage_taken":0.0}],"is_beta":false,"boss_relics":[{"not_picked":["Sozu","Philosopher\u0027s Stone"],"picked":"Tiny House"},{"not_picked":["Empty Cage","Black Star"],"picked":"SlaversCollar"}],"items_purged_floors":[19],"is_endless":false,"potions_floor_spawned":[2,7,20,29,35,38,47],"ascension_level":4}}