{"host":"lcnwkjlokfwcnxxu","time":1610626166,"event":{"mods":["BaseMod","Colored Map","GifTheSpireLib","Minty Spire (QoL Compilation)","Quick Restart","StSLib","The Animator"],"gold_per_floor":[376,376,407,407,86,86,100,126,203,203,220,248,248,323,323,421,421,438,438,70,114,114,114,134,160,160,172,213,225,254,298,310,322,322],"floor_reached":33,"language":"ENG","playtime":2339,"items_purged":["animator:Strike","animator:Strike"],"score":285,"play_id":"17df5d71-99d5-43d1-b1f7-5eb3a419cd20","local_time":"20210114040926","is_ascension_mode":false,"campfire_choices":[{"floor":6,"key":"REST"},{"data":"animator:Shigure","floor":10,"key":"SMITH"},{"data":"animator:KrulTepes","floor":15,"key":"SMITH"},{"data":"animator:Shinoa","floor":23,"key":"SMITH"},{"data":"animator:Mikaela","floor":27,"key":"SMITH"},{"data":"animator:Ara","floor":29,"key":"SMITH"},{"floor":32,"key":"REST"}],"circlet_count":0,"master_deck":["animator:Strike_Elsword","animator:Defend_Elsword","animator:Strike+1","animator:Defend","animator:Defend","animator:Defend","animator:Chung+1","animator:Raven","animator:Shigure+1","animator:Ara+1","animator:KrulTepes+1","animator:Mikaela+1","animator:CrowleyEusford","animator:AcuraShin+1","animator:IrohaTamaki+1","animator:Shinoa+1","animator:Genos+1","animator:MumenRider+1"],"relics":["animator:LivingPicture","animator:TheMissingPiece","White Beast Statue","Meat on the Bone","animator:BattleDrones","HornCleat","Black Star","animator:ShionDessert","animator:CerealBox","Blood Vial","Boot","Paper Frog","MawBank","Blood Vial","Letter Opener","Molten Egg 2"],"acts_visited":["Exordium","TheCity"],"potions_floor_usage":[12,16,16,16,24,24,24,25,28,30,31,33],"damage_taken":[{"damage":0,"enemies":"2 Louse","floor":1,"turns":3},{"damage":1,"enemies":"Jaw Worm","floor":3,"turns":3},{"damage":0,"enemies":"Cultist","floor":7,"turns":3},{"damage":3,"enemies":"3 Louse","floor":8,"turns":3},{"damage":3,"enemies":"Looter","floor":11,"turns":3},{"damage":6,"enemies":"Lagavulin","floor":12,"turns":5},{"damage":23,"enemies":"The Guardian","floor":16,"turns":9},{"damage":14,"enemies":"Chosen","floor":18,"turns":6},{"damage":17,"enemies":"Shell Parasite","floor":21,"turns":4},{"damage":13,"enemies":"Shelled Parasite and Fungi","floor":24,"turns":5},{"damage":31,"enemies":"Slavers","floor":25,"turns":5},{"damage":17,"enemies":"Snake Plant","floor":28,"turns":3},{"damage":13,"enemies":"Centurion and Healer","floor":30,"turns":8},{"damage":37,"enemies":"animator:HornedBat","floor":31,"turns":17},{"damage":41,"enemies":"Collector","floor":33,"turns":5}],"seed_played":"-6747284126109533383","potions_obtained":[{"floor":1,"key":"ColorlessPotion"},{"floor":7,"key":"GamblersBrew"},{"floor":8,"key":"animator:FalseLifePotion"},{"floor":12,"key":"CultistPotion"},{"floor":16,"key":"Explosive Potion"},{"floor":18,"key":"SpeedPotion"},{"floor":21,"key":"FearPotion"},{"floor":24,"key":"LiquidMemories"},{"floor":25,"key":"ColorlessPotion"},{"floor":28,"key":"ColorlessPotion"},{"floor":30,"key":"SneckoOil"},{"floor":31,"key":"DuplicationPotion"}],"is_trial":false,"path_per_floor":["M","?","M","?","$","R","M","M","T","R","M","E","?","?","R","B",null,"M","?","$","M","?","R","M","E","T","R","M","R","M","E","R","B"],"character_chosen":"THE_ANIMATOR","items_purchased":["Meat on the Bone","animator:ShionDessert","animator:CerealBox"],"campfire_rested":2,"item_purchase_floors":[5,20,20],"current_hp_per_floor":[60,48,47,14,14,32,33,42,42,42,40,34,54,43,43,32,62,48,48,48,43,43,43,42,43,43,43,40,40,41,19,37,0,0],"gold":322,"neow_bonus":"TWO_FIFTY_GOLD","is_daily":false,"chose_seed":false,"campfire_upgraded":5,"win_rate":0.0,"timestamp":1610626166,"path_taken":["M","?","M","?","?","R","M","M","T","R","?","E","?","?","R","BOSS","M","?","$","?","?","R","M","E","T","R","M","R","M","E","R","BOSS"],"items_purchased_type":["Relic","Relic","Relic"],"build_version":"2020-12-22","purchased_purges":2,"victory":false,"max_hp_per_floor":[60,60,60,60,60,60,61,61,61,61,62,62,62,62,62,62,62,62,62,62,62,62,62,62,62,62,62,62,62,62,63,63,63,63],"card_choices":[{"not_picked":["animator:RinTohsaka","animator:Berserker"],"picked":"animator:Shigure","floor":1},{"not_picked":["animator:Raven","animator:MetalKnight"],"picked":"animator:Ara","floor":3},{"not_picked":["animator:Priestess","animator:Witch"],"picked":"animator:KrulTepes","floor":7},{"not_picked":["animator:HiiragiShinya","animator:Shigure"],"picked":"animator:Mikaela","floor":8},{"not_picked":["animator:Elsword","animator:Witch"],"picked":"animator:CrowleyEusford","floor":11},{"not_picked":["animator:RinTohsaka","animator:GuildGirl","animator:ChaikaBohdan"],"picked":"SKIP","floor":12},{"not_picked":["animator:GoblinSlayer","animator:Saitama"],"picked":"animator:AcuraShin","floor":16},{"not_picked":["animator:OrikoMikuni","animator:HighElfArcher+1"],"picked":"animator:IrohaTamaki+1","floor":18},{"not_picked":["animator:Yoichi","animator:Mikaela"],"picked":"animator:Shinoa","floor":21},{"not_picked":["animator:ShinjiMatou","animator:IrohaTamaki+1","animator:CrowleyEusford+1"],"picked":"SKIP","floor":24},{"not_picked":["animator:Raven","animator:Aisha","animator:Boros"],"picked":"SKIP","floor":25},{"not_picked":["animator:Alexander","animator:Yoichi"],"picked":"animator:Genos+1","floor":28},{"not_picked":["animator:Genos+1","animator:Spearman+1"],"picked":"animator:MumenRider+1","floor":31}],"player_experience":58475,"relics_obtained":[{"floor":9,"key":"animator:BattleDrones"},{"floor":12,"key":"HornCleat"},{"floor":25,"key":"Blood Vial"},{"floor":25,"key":"Boot"},{"floor":25,"key":"Paper Frog"},{"floor":26,"key":"MawBank"},{"floor":31,"key":"Blood Vial"},{"floor":31,"key":"Letter Opener"},{"floor":31,"key":"Molten Egg 2"}],"event_choices":[{"damage_healed":0,"gold_gain":0,"player_choice":"Entered Light","damage_taken":12,"max_hp_gain":0,"max_hp_loss":0,"event_name":"Shining Light","floor":2,"gold_loss":0,"cards_upgraded":["animator:Strike","animator:Chung"]},{"damage_healed":0,"gold_gain":0,"player_choice":"Success","damage_taken":33,"relics_obtained":["White Beast Statue"],"max_hp_gain":0,"max_hp_loss":0,"event_name":"Scrap Ooze","floor":4,"gold_loss":0},{"damage_healed":20,"gold_gain":0,"player_choice":"Banana","damage_taken":0,"max_hp_gain":0,"max_hp_loss":0,"event_name":"Big Fish","floor":13,"gold_loss":0},{"damage_healed":0,"gold_gain":75,"player_choice":"Gather Gold","damage_taken":11,"max_hp_gain":0,"max_hp_loss":0,"event_name":"World of Goop","floor":14,"gold_loss":0},{"damage_healed":0,"gold_gain":0,"player_choice":"Upgraded","damage_taken":0,"max_hp_gain":0,"max_hp_loss":0,"event_name":"Upgrade Shrine","floor":19,"gold_loss":0,"cards_upgraded":["animator:AcuraShin"]},{"damage_healed":0,"gold_gain":0,"player_choice":"Ignored","damage_taken":0,"max_hp_gain":0,"max_hp_loss":0,"event_name":"Vampires","floor":22,"gold_loss":0}],"is_beta":false,"boss_relics":[{"not_picked":["Runic Dome","Cursed Key"],"picked":"Black Star"}],"items_purged_floors":[5,20],"is_endless":false,"potions_floor_spawned":[1,7,8,11,12,16,18,21,24,25,28,30,31],"killed_by":"Collector","ascension_level":0}}