{"host":"1a3cjta80tad0aqj","time":1610622991,"event":{"mods":["2.2 Compatiblity","AchievementEnabler","BaseMod","Colored Map","DeckTracker","KOR Keyword Fix","Keyboard Shortcuts","Minty Spire (QoL Compilation)","Permanent Neow","Quick Restart","Random Character Button","StSLib","SuperFastMode","everything is the same but u backflip on backflip"],"gold_per_floor":[112,165,165,240,240,266,266,293,317,317,317,27,46,99,99,195,195,205,225,236,33,33,77,77,90,90,16,115,155,70,70,70,175,175,187,187,187,200,90,90,127,177,228,38,38,55,95,104,104,104],"floor_reached":51,"language":"KOR","playtime":1745,"items_purged":["Strike_P","Strike_P","Strike_P","Strike_P","ForeignInfluence"],"score":1137,"play_id":"3487f5b7-09ea-4c3c-9d1c-bfd040a1d294","local_time":"20210114201631","is_ascension_mode":true,"campfire_choices":[{"floor":7.0,"key":"REST"},{"data":"BowlingBash","floor":11.0,"key":"SMITH"},{"data":"Wallop","floor":15.0,"key":"SMITH"},{"data":"Omniscience","floor":24.0,"key":"SMITH"},{"floor":32.0,"key":"REST"},{"data":"Adaptation","floor":40.0,"key":"SMITH"},{"data":"Ragnarok","floor":45.0,"key":"SMITH"},{"floor":49.0,"key":"REST"}],"circlet_count":0,"master_deck":["Defend_P+1","Defend_P+1","Eruption+1","Vigilance","Halt","BowlingBash+1","CutThroughFate","SashWhip","Wallop+1","Ragnarok+1","CurseOfTheBell","Tantrum+1","Omniscience+1","Meditate","FearNoEvil+1","Ragnarok+1","Adaptation+1","BowlingBash+1","Wallop+1","BowlingBash+1","Bandage Up"],"relics":["PureWater","Bag of Preparation","Smiling Mask","Lantern","Regal Pillow","Shuriken","Calling Bell","War Paint","Molten Egg 2","Unceasing Top","Sling","CeramicFish","Juzu Bracelet","Bottled Lightning","Mummified Hand","Tiny Chest","VioletLotus","White Beast Statue","Vajra","Centennial Puzzle","DollysMirror","Potion Belt"],"acts_visited":["Exordium","TheCity","TheBeyond"],"potions_floor_usage":[50,50,50],"damage_taken":[{"damage":0.0,"enemies":"Cultist","floor":1.0,"turns":2.0},{"damage":0.0,"enemies":"Small Slimes","floor":2.0,"turns":3.0},{"damage":7.0,"enemies":"Lagavulin","floor":6.0,"turns":7.0},{"damage":19.0,"enemies":"Gremlin Nob","floor":8.0,"turns":4.0},{"damage":0.0,"enemies":"Jaw Worm","floor":13.0,"turns":3.0},{"damage":0.0,"enemies":"3 Sentries","floor":14.0,"turns":3.0},{"damage":0.0,"enemies":"Slime Boss","floor":16.0,"turns":4.0},{"damage":0.0,"enemies":"Spheric Guardian","floor":18.0,"turns":1.0},{"damage":1.0,"enemies":"Chosen","floor":19.0,"turns":5.0},{"damage":16.0,"enemies":"Centurion and Healer","floor":20.0,"turns":2.0},{"damage":12.0,"enemies":"Slavers","floor":23.0,"turns":2.0},{"damage":0.0,"enemies":"3 Cultists","floor":25.0,"turns":2.0},{"damage":12.0,"enemies":"Gremlin Leader","floor":29.0,"turns":4.0},{"damage":41.0,"enemies":"Collector","floor":33.0,"turns":5.0},{"damage":16.0,"enemies":"Orb Walker","floor":35.0,"turns":2.0},{"damage":0.0,"enemies":"3 Shapes","floor":38.0,"turns":2.0},{"damage":1.0,"enemies":"Nemesis","floor":41.0,"turns":3.0},{"damage":0.0,"enemies":"Maw","floor":46.0,"turns":3.0},{"damage":0.0,"enemies":"Giant Head","floor":47.0,"turns":5.0},{"damage":22,"enemies":"Awakened One","floor":50,"turns":4}],"seed_played":"-2641945514152427263","potions_obtained":[{"floor":2.0,"key":"Weak Potion"},{"floor":6.0,"key":"Strength Potion"},{"floor":8.0,"key":"StancePotion"},{"floor":13.0,"key":"CultistPotion"},{"floor":29.0,"key":"Strength Potion"},{"floor":36.0,"key":"Ambrosia"},{"floor":36.0,"key":"DistilledChaos"},{"floor":46.0,"key":"ColorlessPotion"},{"floor":47.0,"key":"AttackPotion"}],"is_trial":false,"path_per_floor":["M","M","?","?","?","E","R","E","T","?","R","$","M","E","R","B",null,"M","M","M","$","?","E","R","M","T","$","?","E","?","?","R","B",null,"M","?","?","M","$","R","E","T","T","$","R","M","E","?","R","B",null],"character_chosen":"WATCHER","items_purchased":["Regal Pillow","Fruit Juice","Sling","Meditate","Adaptation","DollysMirror"],"campfire_rested":3,"item_purchase_floors":[12,12,21,27,39,44],"current_hp_per_floor":[65,65,65,54,47,40,61,42,42,42,42,47,47,47,47,47,70,70,69,53,53,53,41,41,41,41,41,41,29,29,23,61,20,63,47,47,47,47,47,47,46,46,46,46,46,46,46,46,77,59],"gold":104,"neow_bonus":"THREE_CARDS","is_daily":false,"chose_seed":false,"campfire_upgraded":5,"win_rate":0.0,"timestamp":1610622991,"path_taken":["M","M","?","?","?","E","R","E","T","?","R","$","M","E","R","BOSS","M","?","M","$","?","E","R","M","T","$","?","E","?","?","R","BOSS","M","?","?","M","$","R","E","?","T","$","R","M","E","?","R","BOSS"],"items_purchased_type":["Relic","Potion","Relic","Card","Card","Relic"],"build_version":"2020-12-22","purchased_purges":5,"victory":true,"max_hp_per_floor":[72,72,72,72,72,72,72,72,72,72,72,77,77,77,77,77,77,77,77,77,77,77,77,77,77,77,77,77,77,77,77,77,77,77,77,77,77,77,77,77,77,77,77,77,77,77,77,77,77,77],"card_choices":[{"not_picked":["Crescendo","Pray"],"picked":"ForeignInfluence","floor":0.0},{"not_picked":["EmptyMind","Conclude"],"picked":"Halt","floor":1.0},{"not_picked":["FollowUp","CrushJoints"],"picked":"BowlingBash","floor":2.0},{"not_picked":["Protect","Omniscience"],"picked":"CutThroughFate","floor":6.0},{"not_picked":["Evaluate","ThirdEye","Swivel"],"picked":"SKIP","floor":8.0},{"not_picked":["CrushJoints","Evaluate"],"picked":"SashWhip","floor":13.0},{"not_picked":["Pray","FlurryOfBlows"],"picked":"Wallop","floor":14.0},{"not_picked":["SpiritShield","Brilliance"],"picked":"Ragnarok","floor":16.0},{"not_picked":["Evaluate","Vengeance+1","Halt"],"picked":"SKIP","floor":18.0},{"not_picked":["ThirdEye+1","CrushJoints+1"],"picked":"Tantrum+1","floor":19.0},{"not_picked":["JustLucky+1","Indignation+1","PathToVictory"],"picked":"SKIP","floor":20.0},{"not_picked":["Crescendo","CutThroughFate+1"],"picked":"Omniscience","floor":23.0},{"not_picked":["Evaluate","Wireheading","BowlingBash+1"],"picked":"SKIP","floor":25.0},{"not_picked":["Conclude+1","Prostrate+1"],"picked":"FearNoEvil+1","floor":29.0},{"not_picked":["DevaForm","Judgement"],"picked":"Ragnarok+1","floor":33.0},{"not_picked":["ThirdEye","SignatureMove+1","Worship"],"picked":"SKIP","floor":35.0},{"not_picked":["Protect+1","JustLucky+1","Evaluate+1"],"picked":"SKIP","floor":38.0},{"not_picked":["Prostrate","Halt+1"],"picked":"BowlingBash+1","floor":41.0},{"not_picked":["Protect+1","Vengeance+1","Brilliance+1"],"picked":"SKIP","floor":46.0},{"not_picked":["MasterReality","Brilliance+1"],"picked":"BowlingBash+1","floor":47.0},{"not_picked":["Finesse","Mayhem"],"picked":"Bandage Up","floor":48.0}],"player_experience":624965,"relics_obtained":[{"floor":6.0,"key":"Bag of Preparation"},{"floor":8.0,"key":"Smiling Mask"},{"floor":9.0,"key":"Lantern"},{"floor":14.0,"key":"Shuriken"},{"floor":17.0,"key":"War Paint"},{"floor":17.0,"key":"Molten Egg 2"},{"floor":17.0,"key":"Unceasing Top"},{"floor":23.0,"key":"Juzu Bracelet"},{"floor":26.0,"key":"Bottled Lightning"},{"floor":29.0,"key":"Mummified Hand"},{"floor":41.0,"key":"White Beast Statue"},{"floor":42.0,"key":"Vajra"},{"floor":43.0,"key":"Centennial Puzzle"},{"floor":47.0,"key":"Potion Belt"}],"event_choices":[{"damage_healed":0.0,"max_hp_gain":0.0,"max_hp_loss":0.0,"gold_gain":0.0,"event_name":"Living Wall","player_choice":"Grow","floor":3.0,"gold_loss":0.0,"damage_taken":0.0,"cards_upgraded":["Eruption"]},{"damage_healed":0.0,"max_hp_gain":0.0,"max_hp_loss":0.0,"gold_gain":75.0,"event_name":"World of Goop","player_choice":"Gather Gold","floor":4.0,"gold_loss":0.0,"damage_taken":11.0},{"cards_removed":["Defend_P"],"damage_healed":0.0,"max_hp_gain":0.0,"max_hp_loss":0.0,"gold_gain":0.0,"event_name":"Golden Wing","player_choice":"Card Removal","floor":5.0,"gold_loss":0.0,"damage_taken":7.0},{"cards_removed":["Defend_P"],"damage_healed":0.0,"max_hp_gain":0.0,"max_hp_loss":0.0,"gold_gain":0.0,"event_name":"Purifier","player_choice":"Purged","floor":10.0,"gold_loss":0.0,"damage_taken":0.0},{"damage_healed":0.0,"max_hp_gain":0.0,"max_hp_loss":0.0,"gold_gain":0.0,"event_name":"The Mausoleum","player_choice":"Opened","floor":22.0,"gold_loss":0.0,"damage_taken":0.0,"relics_obtained":["CeramicFish"]},{"damage_healed":0.0,"max_hp_gain":0.0,"max_hp_loss":0.0,"gold_gain":99.0,"event_name":"Nest","player_choice":"Stole From Cult","floor":28.0,"gold_loss":0.0,"damage_taken":0.0},{"damage_healed":0.0,"max_hp_gain":0.0,"max_hp_loss":0.0,"gold_gain":0.0,"event_name":"Addict","player_choice":"Obtained Relic","floor":30.0,"gold_loss":85.0,"damage_taken":0.0,"relics_obtained":["Tiny Chest"]},{"damage_healed":0.0,"max_hp_gain":0.0,"max_hp_loss":0.0,"gold_gain":0.0,"event_name":"Knowing Skull","player_choice":"","floor":31.0,"potions_obtained":[],"gold_loss":0.0,"damage_taken":6.0,"cards_obtained":[]},{"damage_healed":0.0,"max_hp_gain":0.0,"max_hp_loss":0.0,"gold_gain":0.0,"event_name":"Lab","player_choice":"Got Potions","floor":36.0,"gold_loss":0.0,"damage_taken":0.0},{"damage_healed":0.0,"max_hp_gain":0.0,"max_hp_loss":0.0,"gold_gain":0.0,"event_name":"Mysterious Sphere","player_choice":"Ignored","floor":37.0,"gold_loss":0.0,"damage_taken":0.0},{"damage_healed":0.0,"max_hp_gain":0.0,"max_hp_loss":0.0,"gold_gain":0.0,"event_name":"SensoryStone","player_choice":"Memory 1","floor":48.0,"gold_loss":0.0,"damage_taken":0.0}],"is_beta":false,"boss_relics":[{"not_picked":["SlaversCollar","Sozu"],"picked":"Calling Bell"},{"not_picked":["Cursed Key","Astrolabe"],"picked":"VioletLotus"}],"items_purged_floors":[12,21,27,39,44],"is_endless":false,"potions_floor_spawned":[2,6,8,13,29,38,41,46,47],"ascension_level":7}}