{"host":"a0d98l75j0h1o085","time":1610662545,"event":{"mods":["AlwaysNeverKeys","BaseMod","Downfall","Highlight Path","Minty Spire (QoL Compilation)","StSLib"],"gold_per_floor":[119,119,219,234,251,277,277,287,337,283,283,283],"floor_reached":11,"language":"ENG","playtime":1252,"items_purged":[],"score":77,"play_id":"5c65ba68-2ce3-4965-8864-8cedba0adbed","local_time":"20210114221545","is_ascension_mode":true,"campfire_choices":[],"circlet_count":0,"master_deck":["Strike_P","Strike_P","Strike_P","Defend_P","Defend_P","Defend_P","Defend_P","Eruption","Vigilance","CutThroughFate","Prostrate","Crescendo","Establishment","BattleHymn","Weave","Prostrate"],"relics":["PureWater","NeowsBlessing","Pantograph","Tiny Chest"],"acts_visited":["Exordium"],"potions_floor_usage":[],"damage_taken":[{"damage":0.0,"enemies":"2 Louse","floor":1.0,"turns":1.0},{"damage":0.0,"enemies":"Jaw Worm","floor":4.0,"turns":1.0},{"damage":0.0,"enemies":"Cultist","floor":5.0,"turns":1.0},{"damage":17.0,"enemies":"3 Sentries","floor":6.0,"turns":11.0},{"damage":0.0,"enemies":"2 Fungi Beasts","floor":8.0,"turns":5.0},{"damage":64,"enemies":"Gremlin Nob","floor":11,"turns":4}],"seed_played":"-8640793998279557050","potions_obtained":[{"floor":1.0,"key":"ColorlessPotion"},{"floor":5.0,"key":"StancePotion"}],"is_trial":false,"path_per_floor":["M","?","?","M","M","E","?","M","T","$","E"],"character_chosen":"WATCHER","items_purchased":["Prostrate"],"campfire_rested":0,"item_purchase_floors":[10],"current_hp_per_floor":[72,72,72,72,72,55,55,55,55,55,0,0],"gold":283,"neow_bonus":"THREE_ENEMY_KILL","is_daily":false,"chose_seed":false,"campfire_upgraded":0,"win_rate":0.0,"timestamp":1610662545,"path_taken":["M","?","?","M","?","E","?","?","T","$","E"],"items_purchased_type":["Card"],"build_version":"2020-12-22","purchased_purges":0,"victory":false,"max_hp_per_floor":[72,72,72,72,72,72,72,72,72,72,72,72],"card_choices":[{"not_picked":["SandsOfTime","Worship"],"picked":"CutThroughFate","floor":1.0},{"not_picked":["CrushJoints","CutThroughFate"],"picked":"Prostrate","floor":4.0},{"not_picked":["FlyingSleeves","Indignation"],"picked":"Crescendo","floor":5.0},{"not_picked":["WindmillStrike","Crescendo"],"picked":"Establishment","floor":6.0},{"not_picked":["Consecrate","PathToVictory"],"picked":"Weave","floor":8.0}],"player_experience":922589,"relics_obtained":[{"floor":6.0,"key":"Pantograph"},{"floor":9.0,"key":"Tiny Chest"}],"event_choices":[{"damage_healed":0.0,"max_hp_gain":0.0,"max_hp_loss":0.0,"gold_gain":0.0,"event_name":"Liars Game","player_choice":"Ignored","floor":2.0,"gold_loss":0.0,"damage_taken":0.0},{"damage_healed":0.0,"max_hp_gain":0.0,"max_hp_loss":0.0,"gold_gain":100.0,"event_name":"Golden Shrine","player_choice":"Pray","floor":3.0,"gold_loss":0.0,"damage_taken":0.0},{"damage_healed":0.0,"max_hp_gain":0.0,"max_hp_loss":0.0,"gold_gain":0.0,"cards_transformed":["Strike_P"],"event_name":"Transmorgrifier","player_choice":"Transformed","floor":7.0,"gold_loss":0.0,"damage_taken":0.0,"cards_obtained":["BattleHymn"]}],"is_beta":false,"boss_relics":[],"items_purged_floors":[],"is_endless":false,"potions_floor_spawned":[1,5],"killed_by":"Gremlin Nob","ascension_level":1}}