{"host":"ekyl8r8j8fco3zlk","time":1610618919,"event":{"mods":["ATMod(∞¢Ë™Mod)","Act Like it!","Arknights The Spire","BaseMod","CapriCore","Decade(Õı–°√˜)","Friendly Minions","Gensokyo","Hallownest","Lobotomy","LobotomyExtend","Marisa£®ÏF”Í°°ƒß¿Ì…≥£©","Minty Spire (QoL Compilation)","READ ME - Guardian Mod","Rare Cards Sparkle","Reimu£®≤©¿ˆ¡È√Œ£©","StSLib","The Alterego","The Bug Knight","The Immortal","The Jungle","Waifu the Spire","WarShipGirlsR/’ΩΩ¢…Ÿ≈ÆR mod","°æ“≈ŒÔø®≈∆°øREMEMod"],"gold_per_floor":[119,119,138,138,56,56,75,115,139,139,164,198,213,213,213,343,343,362,362,362,125,144,144,159,4,4,45,60,79,114,114,114,274,274,299,312,326,340,358,358,111,167,219,264,314,22,22,188,188,238,238],"floor_reached":52,"language":"ZHS","playtime":2461,"items_purged":["Normality"],"score":839,"play_id":"a58aab82-8ae3-431b-810e-21b6ec332220","local_time":"20210114180839","is_ascension_mode":false,"campfire_choices":[{"data":"AT_OneInchPunch","floor":6,"key":"SMITH"},{"data":"CollectingQuirk","floor":10,"key":"SMITH"},{"floor":15,"key":"REST"},{"data":"ats:Part Time Job","floor":23,"key":"SMITH"},{"data":"ats:Echo Reverb","floor":32,"key":"SMITH"},{"data":"ats:Thorns","floor":40,"key":"SMITH"},{"data":"ats:Encircling Forest","floor":49,"key":"SMITH"}],"circlet_count":0,"master_deck":["ats:Strike C","ats:Strike G","ats:Strike S","ats:Strike V","ats:Armor Crushing Shot","ats:Defend","ats:Defend","ats:Defend","ats:Defend","ats:Emotion Absorption","ats:Rat Pack","AT_OneInchPunch+1","CollectingQuirk+1","ats:Explosion Area Strengthen","ats:Flexible Camouflage","ats:Charging Defense","ats:Very Hot Blade","ats:Poison Spread","ats:Powerful Strike","ats:Soul Absorption","ats:Encircling Forest+1","ats:Closed Bolt Burst Fire","ats:Thorns+1","ats:Apocalypse","ats:Part Time Job+1","ats:Echo Reverb+1","ats:Revitalization+1","ats:Healing Strengthening+1","AT_LightSaberMaster+1","ats:Healing Drone","ats:Demon Strength+1","ats:Hook Shot+1","ats:Cat Scratch+1","ats:Curse Doll","ats:Nebulous Foxfire","ats:Childhood Dance+1","Parasite","ats:Burning Ground+1","ats:Assault Order+1","ats:Neurotoxin+1","ats:Rapid Magazine+1","ats:Thermite Blade+1","Parasite","ats:Mental Burst","ats:Shadow Assault","ats:Echo Reverb+1","ats:Counter Healing Mode+1"],"relics":["ats:Sanity","AT_ATBox","REME_ComplimentaryCards","LetterFromLob","Golden Idol","ats:Originium","AT_RedTearstoneRing","Potion Belt","CaptainsWheel","Philosopher\u0027s Stone","Frozen Egg 2","AT_SeraphEmbrace","The Courier","Lizard Tail","Bird Faced Urn","SlaversCollar","AT_MibuBalloonWealth","White Beast Statue","MealTicket","ats:Emergency Defibrillator","AT_LudenTempest"],"acts_visited":["Exordium","TheCity","TheBeyond"],"potions_floor_usage":[7,8,18,27,28,28,33,33,36,45,45,50,50,50,50,50,50,50,50],"damage_taken":[{"damage":0,"enemies":"2 Louse","floor":1,"turns":2},{"damage":3,"enemies":"Small Slimes","floor":3,"turns":3},{"damage":0,"enemies":"Cultist","floor":7,"turns":2},{"damage":26,"enemies":"Lagavulin","floor":8,"turns":4},{"damage":2,"enemies":"Blue Slaver","floor":11,"turns":3},{"damage":18,"enemies":"3 Sentries","floor":12,"turns":5},{"damage":5,"enemies":"Exordium Thugs","floor":13,"turns":2},{"damage":16,"enemies":"Hexaghost","floor":16,"turns":6},{"damage":0,"enemies":"Spheric Guardian","floor":18,"turns":4},{"damage":21,"enemies":"2 Thieves","floor":22,"turns":3},{"damage":0,"enemies":"Centurion and Healer","floor":24,"turns":6},{"damage":51,"enemies":"Book of Stabbing","floor":27,"turns":7},{"damage":6,"enemies":"Snecko","floor":28,"turns":3},{"damage":37,"enemies":"Cultist and Chosen","floor":29,"turns":7},{"damage":30,"enemies":"Gremlin Leader","floor":30,"turns":6},{"damage":46,"enemies":"Champ","floor":33,"turns":9},{"damage":9,"enemies":"3 Shapes","floor":35,"turns":4},{"damage":7,"enemies":"Orb Walker","floor":36,"turns":5},{"damage":27,"enemies":"Writhing Mass","floor":37,"turns":7},{"damage":54,"enemies":"Maw","floor":38,"turns":9},{"damage":27,"enemies":"3 Darklings","floor":39,"turns":4},{"damage":96,"enemies":"Giant Head","floor":42,"turns":10},{"damage":17,"enemies":"Spire Growth","floor":44,"turns":4},{"damage":58,"enemies":"Writhing Mass","floor":45,"turns":6},{"damage":19,"enemies":"Reptomancer","floor":48,"turns":4},{"damage":23,"enemies":"Donu and Deca","floor":50,"turns":6}],"seed_played":"3444641651951526928","potions_obtained":[{"floor":3,"key":"ZuzhouPotion:ReiMu"},{"floor":7,"key":"AttackPotion"},{"floor":16,"key":"Regen Potion"},{"floor":18,"key":"EntropicBrew"},{"floor":29,"key":"Strength Potion"},{"floor":30,"key":"REME_GoldPotion"},{"floor":33,"key":"Block Potion"},{"floor":35,"key":"ColorlessPotion"},{"floor":37,"key":"PowerPotion"},{"floor":42,"key":"ZuzhouPotion:ReiMu"},{"floor":44,"key":"Block Potion"},{"floor":45,"key":"EntropicBrew"},{"floor":48,"key":"EssenceOfSteel"}],"is_trial":false,"path_per_floor":["M","?","M","?","$","R","M","E","T","R","M","E","M","M","R","B",null,"M","?","?","$","M","R","M","$","T","E","M","M","E","$","R","B",null,"M","M","M","M","M","R","$","E","T","M","M","$","?","E","R","B",null,null],"character_chosen":"DOCTOR_CLASS","items_purchased":["ats:Encircling Forest","ats:Healing Strengthening+1","AT_LightSaberMaster+1","AT_ArchangelStaff","AT_MibuBalloonWealth","ats:Neurotoxin+1","ats:Rapid Magazine+1","ats:Emergency Defibrillator","ats:Shadow Assault"],"campfire_rested":1,"item_purchase_floors":[5,21,21,25,41,41,41,46,46],"current_hp_per_floor":[72,54,51,51,51,51,51,25,25,25,23,9,4,4,25,19,72,72,72,72,72,51,51,63,63,63,58,60,47,44,44,44,61,72,69,72,65,72,51,51,51,34,34,33,51,66,66,58,58,72,72],"gold":238,"neow_bonus":"ONE_RANDOM_RARE_CARD","is_daily":false,"chose_seed":false,"campfire_upgraded":6,"win_rate":0.0,"timestamp":1610618919,"path_taken":["M","?","M","?","$","R","M","E","T","R","M","E","M","M","R","BOSS","M","?","?","$","?","R","M","$","T","E","M","M","E","$","R","BOSS","M","M","M","M","M","R","$","E","T","M","M","$","?","E","R","BOSS"],"items_purchased_type":["Card","Card","Card","Relic","Relic","Card","Card","Relic","Card"],"build_version":"2020-12-22","purchased_purges":1,"victory":true,"max_hp_per_floor":[72,72,72,72,72,72,72,72,72,72,72,72,72,72,72,72,72,72,72,72,72,72,72,72,72,72,72,72,72,72,72,72,72,72,72,72,72,72,72,72,72,72,72,72,72,72,72,72,72,72,72],"card_choices":[{"not_picked":["ats:Ignite","ats:Consecutive Shot Auto"],"picked":"ats:Explosion Area Strengthen","floor":1},{"not_picked":["ats:Curse Doll","ats:Childhood Dance"],"picked":"ats:Flexible Camouflage","floor":3},{"not_picked":["ats:Flame Of Heaven","ats:Ignite"],"picked":"ats:Closed Bolt Burst Fire","floor":7},{"not_picked":["ats:Apocalypse","ats:Beaten Up"],"picked":"ats:Thorns","floor":8},{"not_picked":["ats:Powerful Strike","ats:Thorns"],"picked":"ats:Apocalypse","floor":11},{"not_picked":["ats:Closed Bolt Burst Fire","ats:Automatic Cover","ats:Counter Healing Mode"],"picked":"SKIP","floor":12},{"not_picked":["ats:Poison Spread","ats:Thorns"],"picked":"ats:Part Time Job","floor":13},{"not_picked":["ats:Fractured Body","ats:Volcano"],"picked":"ats:Echo Reverb","floor":16},{"not_picked":["ats:Chain Hook","ats:Childhood Dance+1"],"picked":"ats:Revitalization+1","floor":18},{"not_picked":["ats:Encircling Forest","ats:Explosion Area Strengthen"],"picked":"ats:Healing Drone","floor":22},{"not_picked":["ats:Poison Spread","ats:Flexible Camouflage"],"picked":"ats:Demon Strength+1","floor":24},{"not_picked":["ats:Automatic Cover","ats:Durian"],"picked":"ats:Hook Shot+1","floor":27},{"not_picked":["ats:Consecutive Shot Auto","ats:Directed Diagnosis"],"picked":"ats:Cat Scratch+1","floor":28},{"not_picked":["ats:Hammer On","ats:Apocalypse"],"picked":"ats:Curse Doll","floor":29},{"not_picked":["ats:Poison Spread","ats:Collapsing Strike","ats:Flexible Camouflage+1"],"picked":"SKIP","floor":30},{"not_picked":["ats:True Silver Slash","ats:Disruption Kick"],"picked":"ats:Nebulous Foxfire","floor":33},{"not_picked":["ats:LN2 Cannon","ats:Curse Doll"],"picked":"ats:Childhood Dance+1","floor":35},{"not_picked":["ats:Leaping Hammer","ats:Healing Strengthening+1","ats:Hook Shot"],"picked":"SKIP","floor":36},{"not_picked":["ats:Powerful Strike","ats:Flexible Camouflage","ats:Explosion Area Strengthen"],"picked":"SKIP","floor":37},{"not_picked":["ats:Cat Scratch+1","ats:Leaping Hammer"],"picked":"ats:Burning Ground+1","floor":38},{"not_picked":["ats:Support Order","ats:Explosion Area Strengthen+1"],"picked":"ats:Assault Order+1","floor":39},{"not_picked":["ats:Explosion Area Strengthen+1","ats:Magnetic Hammer+1"],"picked":"ats:Thermite Blade+1","floor":42},{"not_picked":["ats:Flexible Camouflage","ats:Revitalization","ats:Red Shift"],"picked":"SKIP","floor":44},{"not_picked":["ats:Thorns+1","ats:Apocalypse+1"],"picked":"ats:Mental Burst","floor":45},{"not_picked":["ats:Nebulous Foxfire","ats:Ignite+1"],"picked":"ats:Counter Healing Mode+1","floor":48}],"player_experience":696857,"relics_obtained":[{"floor":1,"key":"LetterFromLob"},{"floor":8,"key":"ats:Originium"},{"floor":8,"key":"AT_RedTearstoneRing"},{"floor":9,"key":"Potion Belt"},{"floor":12,"key":"ats:Originium"},{"floor":12,"key":"CaptainsWheel"},{"floor":26,"key":"The Courier"},{"floor":27,"key":"ats:Originium"},{"floor":27,"key":"Lizard Tail"},{"floor":30,"key":"Bird Faced Urn"},{"floor":42,"key":"White Beast Statue"},{"floor":43,"key":"MealTicket"},{"floor":48,"key":"AT_LudenTempest"}],"event_choices":[{"damage_healed":0,"gold_gain":0,"player_choice":"Take Damage","damage_taken":18,"relics_obtained":["Golden Idol"],"max_hp_gain":0,"max_hp_loss":0,"event_name":"Golden Idol","floor":2,"gold_loss":0},{"damage_healed":0,"gold_gain":0,"player_choice":"Opened","damage_taken":0,"relics_obtained":["Frozen Egg 2"],"max_hp_gain":0,"max_hp_loss":0,"event_name":"The Mausoleum","floor":19,"gold_loss":0,"cards_obtained":["Writhe"]},{"damage_healed":0,"gold_gain":0,"cards_transformed":["Writhe"],"player_choice":"Transformed","damage_taken":0,"max_hp_gain":0,"max_hp_loss":0,"event_name":"Transmorgrifier","floor":20,"gold_loss":0,"cards_obtained":["Normality"]},{"damage_healed":0,"gold_gain":0,"player_choice":"Copied","damage_taken":0,"max_hp_gain":0,"max_hp_loss":0,"event_name":"Duplicator","floor":47,"gold_loss":0,"cards_obtained":["ats:Echo Reverb"]}],"is_beta":false,"boss_relics":[{"not_picked":["Velvet Choker","Cursed Key"],"picked":"Philosopher\u0027s Stone"},{"not_picked":["Runic Pyramid","RedLine:ReiMu"],"picked":"SlaversCollar"}],"items_purged_floors":[21],"is_endless":false,"potions_floor_spawned":[3,7,16,18,29,30,33,35,36,37,42,44,45,48],"ascension_level":0}}