{"host":"ygfasg9u7olr7skw","time":1610637456,"event":{"mods":["AchievementEnabler","BaseMod","Better Note","Better Vampires","Colored Powertips","Minty Spire (QoL Compilation)","Replay The Spire","Spicy Shops","StSLib","The IronCluck"],"gold_per_floor":[118,129,229,245,245,245,275,275,100,100,126,126,126,138,167,90,90,188,188,201,0,20,38,50,50,60,60,60,60,60,71,71,71],"floor_reached":32,"language":"ENG","playtime":1353,"items_purged":["Strike_B","Strike_B","Strike_B"],"score":391,"play_id":"7bb795a4-7a10-4fda-9123-e6646c5b008a","local_time":"20210114101736","is_ascension_mode":true,"campfire_choices":[{"floor":8,"key":"REST"},{"floor":10,"key":"REST"},{"data":"Zap","floor":13,"key":"SMITH"},{"floor":17,"key":"REST"},{"floor":25,"key":"REST"},{"floor":27,"key":"REST"}],"circlet_count":0,"master_deck":["Strike_B","Defend_B","Defend_B","Defend_B","Defend_B","Zap+1","Dualcast","Gash","Gash","Sweeping Beam","Skim","Go for the Eyes"],"relics":["Cracked Core","Odd Mushroom","Replay:Baseball","Blue Candle","Bag of Preparation","Meat on the Bone"],"acts_visited":["Exordium","TheCity"],"potions_floor_usage":[],"damage_taken":[{"damage":5,"enemies":"Small Slimes","floor":1,"turns":3},{"damage":1,"enemies":"Cultist","floor":2,"turns":3},{"damage":7,"enemies":"Jaw Worm","floor":4,"turns":3},{"damage":31,"enemies":"The Mushroom Lair","floor":7,"turns":5},{"damage":0,"enemies":"3 Louse","floor":14,"turns":3},{"damage":16,"enemies":"Replay:BlueRogue","floor":15,"turns":6},{"damage":42,"enemies":"Slime Boss","floor":18,"turns":9},{"damage":9,"enemies":"Chosen","floor":20,"turns":4},{"damage":2,"enemies":"3 Byrds","floor":22,"turns":4},{"damage":15,"enemies":"Snake Plant","floor":23,"turns":4},{"damage":41,"enemies":"Sentry and Sphere","floor":24,"turns":6},{"damage":23,"enemies":"Snecko","floor":26,"turns":5},{"damage":18,"enemies":"Snake Plant","floor":31,"turns":4},{"damage":23,"enemies":"Colosseum Slavers","floor":32,"turns":3}],"seed_played":"9048451824065720931","potions_obtained":[{"floor":4,"key":"Strength Potion"},{"floor":14,"key":"FearPotion"},{"floor":15,"key":"SteroidPotion"},{"floor":24,"key":"Milkshake"}],"is_trial":true,"path_per_floor":["M","M","?","M","PTL","PTL","?","R","$","R","T","?","R","M","E","$","R","B",null,"M","$","M","M","M","R","M","R","T","PTL","PTL","M","?"],"character_chosen":"DEFECT","items_purchased":["Bag of Preparation","Skim"],"campfire_rested":5,"item_purchase_floors":[16,21],"current_hp_per_floor":[70,69,69,62,62,62,31,53,53,75,75,75,75,75,59,59,75,33,75,66,66,64,49,8,30,7,29,29,29,29,23,0,0],"gold":71,"neow_bonus":"","is_daily":false,"chose_seed":false,"campfire_upgraded":1,"win_rate":0.0,"timestamp":1610637456,"path_taken":["M","M","?","?","PTL","PTL","?","R","$","R","T","?","R","?","E","$","R","BOSS","M","$","M","M","M","R","M","R","T","PTL","PTL","M","?"],"items_purchased_type":["Relic","Card"],"build_version":"2020-12-22","purchased_purges":3,"victory":false,"max_hp_per_floor":[75,75,75,75,75,75,75,75,75,75,75,75,75,75,75,75,75,75,75,75,75,75,75,75,75,75,75,75,75,75,75,75,75],"card_choices":[{"not_picked":["Ball Lightning","Self Repair","Genetic Algorithm"],"picked":"SKIP","floor":1},{"not_picked":["Streamline","Conserve Battery"],"picked":"Redo","floor":2},{"not_picked":["Static Discharge","Turbo"],"picked":"Gash","floor":4},{"not_picked":["Echo Form","Reprogram"],"picked":"Gash","floor":7},{"not_picked":["Crystallizer","Redo","Streamline"],"picked":"SKIP","floor":14},{"not_picked":["ReplayTheSpireMod:Reroute Power","Rainbow","Compile Driver"],"picked":"SKIP","floor":15},{"not_picked":["Go for the Eyes","Turbo"],"picked":"Sweeping Beam","floor":20},{"not_picked":["BasicCrystalCard+1","Hologram+1","Stack"],"picked":"SKIP","floor":22},{"not_picked":["Leap","Mirror Shield"],"picked":"Go for the Eyes","floor":23},{"not_picked":["Compile Driver","Recycle","ReplaySort"],"picked":"SKIP","floor":24},{"not_picked":["Turbo","BasicCrystalCard","Ball Lightning"],"picked":"SKIP","floor":26},{"not_picked":["Force Field","Conserve Battery","Crystallizer"],"picked":"SKIP","floor":31}],"player_experience":282162,"relics_obtained":[{"floor":7,"key":"Odd Mushroom"},{"floor":11,"key":"Replay:Baseball"},{"floor":15,"key":"Blue Candle"},{"floor":28,"key":"Meat on the Bone"}],"event_choices":[{"damage_healed":0,"gold_gain":100,"player_choice":"Pray","damage_taken":0,"max_hp_gain":0,"max_hp_loss":0,"event_name":"Golden Shrine","floor":3,"gold_loss":0},{"damage_healed":0,"gold_gain":0,"player_choice":"Fought Mushrooms","damage_taken":0,"max_hp_gain":0,"max_hp_loss":0,"event_name":"Mushrooms","floor":7,"gold_loss":0},{"cards_removed":["Redo"],"damage_healed":5,"gold_gain":0,"player_choice":"Offered Common","damage_taken":0,"max_hp_gain":0,"max_hp_loss":0,"event_name":"Bonfire Elementals","floor":12,"gold_loss":0},{"cards_removed":["Redo"],"damage_healed":5,"gold_gain":0,"player_choice":"Offered Special","damage_taken":0,"max_hp_gain":0,"max_hp_loss":0,"event_name":"Bonfire Elementals","floor":12,"gold_loss":0},{"damage_healed":0,"gold_gain":0,"player_choice":"Fight","damage_taken":0,"max_hp_gain":0,"max_hp_loss":0,"event_name":"Colosseum","floor":32,"gold_loss":0}],"is_beta":false,"boss_relics":[{"not_picked":["Replay:Wanted Poster","Snecko Eye","Honey Jar"]}],"items_purged_floors":[9,9,21],"is_endless":true,"potions_floor_spawned":[4,14,15,24,31],"killed_by":"Colosseum Slavers","ascension_level":3}}