{"host":"jfbo3eu2ui08ej1u","time":1610647504,"event":{"mods":["2.2 Compatiblity","AchievementEnabler","Act Like it!","Aspiration","BaseMod","Better Altar","Better Match","Better Note","Better Sensory Stone","Better Skull","Better Third Choice","Block Reminder","Colored Map","Colored Powertips","Conspire","DeckTracker","Displayed Cursed Tome","Downfall","Energized Spire","Fox Events","GifTheSpireLib","Hubris","Infinite Spire","Marked Mod","Minty Spire (QoL Compilation)","Pale of the Ancients","Quick Restart","RRrroohrrRGHHhhh!!","Relic Filter","Reorder Act Four","Replay The Spire","Shop Mod","Spicy Shops","StSLib","Stuff the Spire","The Blue Laboratory","The Disciple","The Forsaken","The Hierophant","The Marked","Uncapped","Unceasing Turn Reminder","Wandering Minibosses"],"gold_per_floor":[99,119,131,31,206,10,10,37,47,71,71,104,104,132,152,256,256,256,269,269,269,284,284,309,323,342,353,353,353,49,68,3,31,44,149,149,74,91,101,94,106,106,106,106,126,138,138,138,157,191,205,205],"floor_reached":53,"language":"ENG","playtime":2776,"items_purged":["Doubt","Shame","Slimebound:Strike_Slimebound","Slimebound:Tackle","Slimebound:Defend_Slimebound"],"score":866,"play_id":"1d6ea360-f737-4788-8c6b-ce8e022c4114","local_time":"20210114130504","is_ascension_mode":true,"campfire_choices":[{"data":"Slimebound:CorrosiveSpit","floor":1.0,"key":"SMITH"},{"data":"Ghostly","floor":11.0,"key":"SMITH"},{"data":"Slimebound:GrowthPunch","floor":13.0,"key":"SMITH"},{"data":"Slimebound:LeadByExample","floor":18.0,"key":"SMITH"},{"data":"Slimebound:MassFeed","floor":37.0,"key":"SMITH"},{"floor":42.0,"key":"REST"},{"data":"Slimebound:GoopSpray","floor":44.0,"key":"SMITH"},{"data":"Slimebound:RainOfGoop","floor":47,"key":"SMITH"}],"circlet_count":0,"master_deck":["Slimebound:Defend_Slimebound","Slimebound:Defend_Slimebound","Slimebound:Split","Slimebound:CorrosiveSpit+1","Slimebound:GrowthPunch+1","Slimebound:GrowthPunch","Ghostly+1","Slimebound:LeadByExample+1","Slimebound:Equalize","Slimebound:RainOfGoop+1","Slimebound:SplitMire","Slimebound:LeechLife","Slimebound:GrowthPunch+1","Replay:Fractal Strike","Slimebound:GoopSpray+1","Slimebound:ViciousTackle","Slimebound:SplitMire","Slimebound:AcidTongue","Slimebound:Schlurp","Slimebound:MassFeed+1","Slimebound:AcidTongue","Slimebound:AcidTongue"],"relics":["Slimebound:AbsorbEndCombat","StrikeDummy","aspiration:SeaSaltIceCream","Ring of the Snake","Boot","StuffTheSpire:OldFever","Smiling Mask","SacredBark","Blue Doll","Toolbox","Empty Cage","Akabeko","hubris:EmptyBottle","hubris:TenFootPole","energizedSpire:NeverEndingSparkler","downfall:HeartBlessingGreen","Potion Belt","White Beast Statue","StuffTheSpire:Rhapsscallions"],"acts_visited":["Exordium","TheCity","TheBeyond"],"potions_floor_usage":[46,46,49,51,52,52,52,52,52],"damage_taken":[{"damage":9.0,"enemies":"2 Louse","floor":2.0,"turns":3.0},{"damage":9.0,"enemies":"Small Slimes","floor":3.0,"turns":3.0},{"damage":5.0,"enemies":"downfall:FleeingMerchant","floor":6.0,"turns":4.0},{"damage":35.0,"enemies":"Lagavulin","floor":8.0,"turns":8.0},{"damage":1.0,"enemies":"Jaw Worm","floor":9.0,"turns":3.0},{"damage":22.0,"enemies":"conspire:MimicChest","floor":12.0,"turns":7.0},{"damage":27.0,"enemies":"3 Sentries","floor":14.0,"turns":6.0},{"damage":25.0,"enemies":"Large Slime","floor":15.0,"turns":4.0},{"damage":53.0,"enemies":"downfall:Defect","floor":16.0,"turns":8.0},{"damage":4.0,"enemies":"Spheric Guardian","floor":19.0,"turns":4.0},{"damage":22.0,"enemies":"3 Byrds","floor":22.0,"turns":6.0},{"damage":21.0,"enemies":"Sentry and Sphere","floor":25.0,"turns":5.0},{"damage":13.0,"enemies":"conspire:HollyBat","floor":26.0,"turns":7.0},{"damage":1.0,"enemies":"3 Cultists","floor":27.0,"turns":4.0},{"damage":18.0,"enemies":"downfall:FleeingMerchant","floor":30.0,"turns":4.0},{"damage":35.0,"enemies":"Cultist and Chosen","floor":31.0,"turns":5.0},{"damage":38.0,"enemies":"downfall:FleeingMerchant","floor":32.0,"turns":4.0},{"damage":24.0,"enemies":"Replay:Snechameleon","floor":33.0,"turns":5.0},{"damage":45.0,"enemies":"Snake Plant","floor":34.0,"turns":3.0},{"damage":85.0,"enemies":"downfall:Ironclad","floor":35.0,"turns":7.0},{"damage":15.0,"enemies":"3 Darklings","floor":38.0,"turns":3.0},{"damage":27.0,"enemies":"3 Shapes","floor":39.0,"turns":3.0},{"damage":0.0,"enemies":"downfall:FleeingMerchant","floor":40.0,"turns":2.0},{"damage":59.0,"enemies":"Spire Growth","floor":41.0,"turns":5.0},{"damage":43.0,"enemies":"Maw","floor":45.0,"turns":6.0},{"damage":36,"enemies":"Sphere and 2 Shapes","floor":46,"turns":4},{"damage":30,"enemies":"Spire Growth","floor":49,"turns":5},{"damage":11,"enemies":"R_Hoarder","floor":50,"turns":5},{"damage":52,"enemies":"Jaw Worm Horde","floor":51,"turns":3},{"damage":7,"enemies":"downfall:Watcher","floor":52,"turns":5}],"seed_played":"7676715326645897572","potions_obtained":[{"floor":8.0,"key":"Elixir"},{"floor":9.0,"key":"Dexterity Potion"},{"floor":12.0,"key":"Weak Potion"},{"floor":14.0,"key":"blueLaboratory:HummingbirdPotion"},{"floor":22.0,"key":"blueLaboratory:HummingbirdPotion"},{"floor":26.0,"key":"Weak Potion"},{"floor":33.0,"key":"Fire Potion"},{"floor":34.0,"key":"blueLaboratory:FruitPunch"},{"floor":39.0,"key":"champ:CounterPotion"},{"floor":45.0,"key":"blueLaboratory:FruitPunch"},{"floor":46,"key":"sneckomod:MuddlingPotion"},{"floor":49,"key":"blueLaboratory:ImpenetrablePotion"},{"floor":51,"key":"blueLaboratory:BottleOfVodka"}],"is_trial":false,"path_per_floor":["R","M","M","?","?","$","T","E","M","T","R","?","R","E","M","B",null,"R","M","?","?","M","AVR","T","M","M","M","PTL","PTL","$","M","$","E","M","B",null,"R","M","M","$","M","R","T","R","M","M","R","?","M","E","M","B",null],"character_chosen":"SLIMEBOUND","items_purchased":["Slimebound:LeadByExample","Slimebound:ViciousTackle","Slimebound:SplitMire","hubris:EmptyBottle","Slimebound:AcidTongue","Regen Potion","FearPotion","Potion Belt"],"campfire_rested":1,"item_purchase_floors":[6,30,30,30,40,40,40,40],"current_hp_per_floor":[60,60,59,59,59,60,60,53,60,60,60,60,60,60,51,46,60,60,60,60,60,60,60,60,60,60,60,60,60,60,54,44,60,35,21,68,68,72,69,73,40,64,64,64,80,78,78,78,77,90,80,102],"gold":205,"neow_bonus":"THREE_CARDS","is_daily":false,"chose_seed":false,"campfire_upgraded":7,"win_rate":0.0,"timestamp":1610647504,"path_taken":["R","M","M","?","?","$","T","E","M","?","R","?","R","E","M","BOSS","R","M","?","?","M","AVR","T","M","M","M","PTL","PTL","$","M","$","E","M","BOSS","R","M","M","$","M","R","T","R","M","M","R","?","M","E","M","BOSS"],"items_purchased_type":["Card","Card","Card","Relic","Card","Potion","Potion","Relic"],"build_version":"2020-12-22","purchased_purges":5,"victory":true,"max_hp_per_floor":[60,60,60,60,60,60,60,60,60,60,60,60,60,60,60,60,60,60,60,60,60,60,60,60,60,60,60,60,60,60,60,60,60,60,68,68,68,72,80,80,80,80,80,80,80,88,88,88,92,94,102,102],"card_choices":[{"not_picked":["Slimebound:ViciousTackle","Slimebound:ItLooksTasty"],"picked":"Slimebound:GrowthPunch","floor":0.0},{"not_picked":["Slimebound:GoopSpray","Slimebound:PressTheAttack"],"picked":"Slimebound:GrowthPunch","floor":2.0},{"not_picked":["Slimebound:SplitBruiser","Slimebound:ComboTackle","Slimebound:SlimeSpikes"],"picked":"SKIP","floor":3.0},{"not_picked":["Slimebound:SlimeBarrage","Slimebound:FlameTackle","Slimebound:SamplingLick"],"picked":"SKIP","floor":6.0},{"not_picked":["Slimebound:HauntingLick","Slimebound:Schlurp"],"picked":"Slimebound:Equalize","floor":8.0},{"not_picked":["Slimebound:PressTheAttack","Slimebound:LeechEnergy"],"picked":"Slimebound:RainOfGoop","floor":9.0},{"not_picked":["Slimebound:FormOfPuddle","Slimebound:Equalize"],"picked":"Slimebound:SplitMire","floor":12.0},{"not_picked":["Slimebound:LeechingTouch","Slimebound:MassRepurpose","Slimebound:SplitLeeching"],"picked":"SKIP","floor":14.0},{"not_picked":["Slimebound:LeechingTouch","Slimebound:MassRepurpose","Slimebound:SplitLeeching"],"picked":"SKIP","floor":14.0},{"not_picked":["Slimebound:Prepare","Slimebound:RollThrough","Slimebound:LeechingTouch"],"picked":"SKIP","floor":15.0},{"not_picked":["Slimebound:Overexert","Slimebound:MassRepurpose"],"picked":"Slimebound:LeechLife","floor":16.0},{"not_picked":["Slimebound:FinishingTackle","Slimebound:Nibble","Slimebound:SplitBruiser+1"],"picked":"SKIP","floor":19.0},{"not_picked":["Slimebound:SplitLeeching","Slimebound:SplitAcid"],"picked":"Slimebound:GrowthPunch+1","floor":22.0},{"not_picked":["Slimebound:Replication","Slimebound:ComboTackle"],"picked":"Slimebound:GoopSpray","floor":25.0},{"not_picked":["Slimebound:GoopTackle+1","Slimebound:Schlurp","Slimebound:PrepareCrush"],"picked":"SKIP","floor":26.0},{"not_picked":["Slimebound:ViciousTackle","Slimebound:Prepare","Slimebound:RejuvenatingLick"],"picked":"SKIP","floor":27.0},{"not_picked":["Slimebound:LeechingTouch+1","Slimebound:FlameTackle","Slimebound:GoopSpray+1"],"picked":"SKIP","floor":30.0},{"not_picked":["Slimebound:LeechEnergy","Slimebound:PressTheAttack","Slimebound:SplitLeeching"],"picked":"SKIP","floor":31.0},{"not_picked":["Slimebound:Replication+1","Slimebound:LeechingTouch","Slimebound:Prepare+1"],"picked":"SKIP","floor":32.0},{"not_picked":["Slimebound:Gluttony+1","Slimebound:TongueLash"],"picked":"Slimebound:AcidTongue","floor":33.0},{"not_picked":["Slimebound:RollThrough","Slimebound:LivingWall"],"picked":"Slimebound:Schlurp","floor":34.0},{"not_picked":["Slimebound:LeechLife","Slimebound:MassRepurpose"],"picked":"Slimebound:MassFeed","floor":35.0},{"not_picked":["Slimebound:Schlurp","Slimebound:BestDefense","Slimebound:Dissolve+1"],"picked":"SKIP","floor":38.0},{"not_picked":["Slimebound:GoopSpray+1","Slimebound:FormOfPuddle+1","Slimebound:Schlurp+1"],"picked":"SKIP","floor":39.0},{"not_picked":["Slimebound:ComboTackle","Slimebound:GrowthPunch"],"picked":"Slimebound:AcidTongue","floor":40.0},{"not_picked":["Slimebound:ItLooksTasty","Slimebound:SamplingLick+1","Slimebound:SlimeBrawl+1"],"picked":"SKIP","floor":41.0},{"not_picked":["Slimebound:SplitBruiser+1","Slimebound:PressTheAttack+1","Slimebound:GrowthPunch"],"picked":"SKIP","floor":45.0},{"not_picked":["Slimebound:LeechEnergy","Slimebound:Grow+1","Slimebound:SplitLeeching+1"],"picked":"SKIP","floor":46},{"not_picked":["Slimebound:SplitMire+1","Slimebound:RallyTheTroops","Slimebound:Dissolve+1"],"picked":"SKIP","floor":49},{"not_picked":["Slimebound:LeadByExample","Slimebound:GoopTackle+1","Slimebound:ComboTackle+1"],"picked":"SKIP","floor":50},{"not_picked":["Slimebound:SlimeTap","Slimebound:Schlurp","Slimebound:SplitAcid"],"picked":"SKIP","floor":51}],"player_experience":1218210,"relics_obtained":[{"floor":7.0,"key":"StrikeDummy"},{"floor":8.0,"key":"aspiration:SeaSaltIceCream"},{"floor":10.0,"key":"Boot"},{"floor":12.0,"key":"StuffTheSpire:OldFever"},{"floor":14.0,"key":"Smiling Mask"},{"floor":24.0,"key":"Akabeko"},{"floor":33.0,"key":"hubris:TenFootPole"},{"floor":43.0,"key":"White Beast Statue"},{"floor":50,"key":"StuffTheSpire:Rhapsscallions"}],"event_choices":[{"damage_healed":0.0,"max_hp_gain":0.0,"max_hp_loss":0.0,"gold_gain":0.0,"event_name":"conspire:LoneGhost","player_choice":"Argue","floor":4.0,"gold_loss":0.0,"damage_taken":0.0},{"damage_healed":0.0,"max_hp_gain":0.0,"max_hp_loss":0.0,"gold_gain":0.0,"event_name":"Addict","player_choice":"Stole Relic","floor":20.0,"gold_loss":0.0,"damage_taken":0.0,"relics_obtained":["Blue Doll"],"cards_obtained":["Shame"]},{"damage_healed":0,"gold_gain":0,"player_choice":"Leave","damage_taken":0,"max_hp_gain":0,"max_hp_loss":0,"event_name":"conspire:Investor","floor":48,"gold_loss":0}],"is_beta":false,"boss_relics":[{"not_picked":["aspiration:PoetsPen_weak","hubris:CrackedHourglass"],"picked":"SacredBark"},{"not_picked":["Replay:Drink Me","Honey Jar"],"picked":"energizedSpire:NeverEndingSparkler"}],"items_purged_floors":[6,23,30,32,40],"is_endless":false,"potions_floor_spawned":[8,9,12,14,22,26,33,34,39,45,46,49,50,51],"ascension_level":2}}