{"host":"m6ptjq1h7q0nif66","time":1610644253,"event":{"mods":["2.2 Compatiblity","Aspiration","BaseMod","Beaked The Cultist","Better Third Choice","BetterRewards","Colored Map","Colored Powertips","Googly Eyes","Halation","Hermit","Hubris","Infinite Spire","Minty Spire (QoL Compilation)","Permanent Neow","Quick Restart","Relic Stats","Remove Card Discount Mod","Replay The Spire","Shop Mod","StSLib","SuperFastMode","The Construct","The Cursed","The Disciple","The Forsaken"],"gold_per_floor":[113,124,9,9,21,47,57,57,57,57,57,71,101,116,116,221,221,241,241,241,391,404,404,404,414,414,445,461,477,477,495,495,623,723,784,848,848,914,961,1053,1013,1097,1143,1143,500,559,608,663,663,663,663,663,500,564,564],"floor_reached":56,"language":"ENG","playtime":3581,"items_purged":["theForsaken:TheForsaken_Strike","theForsaken:TheForsaken_Strike","theForsaken:TheForsaken_Strike","Shame"],"score":1716,"play_id":"8f689fb6-6048-4da0-94ac-01ef20a86fa4","local_time":"20210114171053","is_ascension_mode":false,"campfire_choices":[{"data":"theForsaken:Tranquility","floor":8,"key":"SMITH"},{"data":"theForsaken:Bolster","floor":10,"key":"SMITH"},{"data":"theForsaken:Riposte","floor":15,"key":"SMITH"},{"data":"theForsaken:HymnOfPatience","floor":24,"key":"SMITH"},{"data":"theForsaken:Bolster","floor":30,"key":"SMITH"},{"data":"theForsaken:Bolster","floor":32,"key":"SMITH"},{"floor":44,"key":"RECALL"},{"data":"theForsaken:Prudence","floor":49,"key":"SMITH"},{"data":"theForsaken:DarkBarrier","floor":52,"key":"SMITH"}],"circlet_count":0,"master_deck":["theForsaken:TheForsaken_Defend","theForsaken:TheForsaken_Defend","theForsaken:TheForsaken_Defend","theForsaken:TheForsaken_Defend","theForsaken:Smite+1","theForsaken:Penitence","theForsaken:DefensiveStance+1","theForsaken:FuryStrikes+1","Replay:Dark Deal","theForsaken:FuryStrikes+1","theForsaken:Eulogy+1","theForsaken:DefensiveStance","theForsaken:Tranquility+1","theForsaken:HymnOfPatience+1","theForsaken:DefensiveStance+1","theForsaken:Retribution","theForsaken:HymnOfPatience","theForsaken:RainingSunlight+1","theForsaken:SacrificeSoul+1","theForsaken:Thunderbolt+1","theForsaken:Bolster+1","theForsaken:Riposte+1","theForsaken:WordsOfMight","theForsaken:Thunderbolt+1","theForsaken:Prudence+1","theForsaken:Eulogy+1","TheCursedMod:Dregs","theForsaken:DarkBarrier+1","theForsaken:Bolster+1","theForsaken:Bolster+1","theForsaken:Purification+1","theForsaken:HymnOfPatience+1","theForsaken:FatRoll","infinitespire:Starlight","theForsaken:HymnOfPatience+1","theForsaken:HymnOfPatience+1","theForsaken:MagicWeapon","hubris:DuctTapeCard","theForsaken:DarkBarrier+1","Sadistic Nature","Bandage Up"],"relics":["theForsaken:JudgementScales","halation:LettersToHer","hubris:PeanutButter","Bag of Marbles","theForsaken:Gavel","Replay:Rubber Ducky","hubris:Towel","Vajra","halation:PinkSoulGem","ReplayTheSpireMod:Lightbulb","beaked:MawFillet","hubris:EvacipatedBox","ReplayTheSpireMod:CursedCoin","aspiration:Stabinomicon","ReplayFunnel","infinitespire:EvilPickle","Philosopher\u0027s Stone","Replay:Wanted Poster","Turnip","Replay:Bottled Steam","Art of War","Medical Kit","Orichalcum","aspiration:FrozenJewel","hubris:DuctTape","MerchantsRug","halation:Sosunser","hubris:MedicalManual"],"acts_visited":["Exordium","TheCity","TheBeyond","TheEnding"],"potions_floor_usage":[39,42],"damage_taken":[{"damage":0,"enemies":"Cultist","floor":1,"turns":2},{"damage":0,"enemies":"Jaw Worm","floor":2,"turns":1},{"damage":0,"enemies":"2 Louse","floor":5,"turns":2},{"damage":0,"enemies":"Gremlin Nob","floor":6,"turns":4},{"damage":0,"enemies":"Looter","floor":7,"turns":2},{"damage":0,"enemies":"Exordium Wildlife","floor":12,"turns":3},{"damage":0,"enemies":"Lagavulin","floor":13,"turns":4},{"damage":0,"enemies":"Lots of Slimes","floor":14,"turns":2},{"damage":0,"enemies":"The Guardian","floor":16,"turns":8},{"damage":0,"enemies":"Shell Parasite","floor":18,"turns":2},{"damage":0,"enemies":"Chosen","floor":22,"turns":3},{"damage":0,"enemies":"Sentry and Sphere","floor":25,"turns":4},{"damage":0,"enemies":"Slavers","floor":27,"turns":5},{"damage":0,"enemies":"Centurion and Healer","floor":28,"turns":1},{"damage":0,"enemies":"Snake Plant","floor":29,"turns":3},{"damage":0,"enemies":"Chosen and Byrds","floor":31,"turns":3},{"damage":0,"enemies":"Pondfish","floor":33,"turns":10},{"damage":0,"enemies":"Orb Walker","floor":35,"turns":2},{"damage":9,"enemies":"3 Darklings","floor":36,"turns":4},{"damage":0,"enemies":"Maw","floor":38,"turns":6},{"damage":0,"enemies":"2 Orb Walkers","floor":39,"turns":5},{"damage":0,"enemies":"Reptomancer","floor":40,"turns":4},{"damage":17,"enemies":"Writhing Mass","floor":42,"turns":4},{"damage":0,"enemies":"Nemesis","floor":46,"turns":4},{"damage":0,"enemies":"4 Shapes","floor":47,"turns":4},{"damage":0,"enemies":"3 Darklings","floor":48,"turns":3},{"damage":0,"enemies":"Donu and Deca","floor":50,"turns":6},{"damage":15,"enemies":"Shield and Spear","floor":54,"turns":6},{"damage":0,"enemies":"The Heart","floor":55,"turns":2}],"seed_played":"6576199904366394039","potions_obtained":[{"floor":2,"key":"Reflective Coating"},{"floor":12,"key":"Weak Potion"},{"floor":13,"key":"Elixir"},{"floor":22,"key":"LifebloodPotion"},{"floor":42,"key":"construct:ShiftPotion"},{"floor":47,"key":"Weak Potion"},{"floor":54,"key":"Adrenaline Potion"}],"is_trial":false,"path_per_floor":["M","M","$","?","M","E","M","R","T","R","?","M","E","M","R","B",null,"M","?","?","$","M","?","R","M","T","E","M","M","R","M","R","B",null,"M","M","AVR","M","?","E","?","M","T","R","$","E","M","M","R","B",null,"R","$","E","B",null],"character_chosen":"THE_FORSAKEN","items_purchased":["halation:LettersToHer","hubris:PeanutButter","theForsaken:DefensiveStance","theForsaken:FuryStrikes+1","Molten Egg 2","Replay:Dark Deal","theForsaken:FuryStrikes+1","theForsaken:Eulogy+1","theForsaken:DefensiveStance","theForsaken:ShieldBash+1","Bag of Marbles","theForsaken:Gavel","theForsaken:Tranquility","Replay:Rubber Ducky","theForsaken:FuryStrikes+1","theForsaken:HymnOfPatience","theForsaken:DefensiveStance","theForsaken:SacrificeSoul+1","hubris:EvacipatedBox","ReplayTheSpireMod:CursedCoin","theForsaken:MagicWeapon","theForsaken:FuryStrikes+1","Medical Kit","Orichalcum","aspiration:FrozenJewel","MerchantsRug","halation:Sosunser","Sadistic Nature","Bandage Up"],"campfire_rested":0,"item_purchase_floors":[0,0,0,0,0,0,0,0,0,0,0,0,0,0,0,0,0,3,21,21,45,45,45,45,45,53,53,53,53],"current_hp_per_floor":[65,65,65,65,65,65,65,65,65,65,65,65,65,65,65,65,65,65,65,65,41,41,25,25,25,25,35,35,35,35,35,35,41,65,65,61,61,65,65,65,65,50,50,50,50,60,65,65,65,65,65,65,65,65,65],"gold":564,"neow_bonus":"","is_daily":false,"chose_seed":false,"campfire_upgraded":8,"win_rate":0.0,"timestamp":1610644253,"path_taken":["M","M","?","?","M","E","M","R","T","R","?","M","E","M","R","BOSS","M","?","?","?","?","?","R","M","T","E","M","M","R","M","R","BOSS","M","M","AVR","M","?","E","?","?","T","R","?","E","?","M","R","BOSS","R","$","E","BOSS"],"items_purchased_type":["Relic","Relic","Card","Card","Relic","Card","Card","Card","Card","Card","Relic","Relic","Card","Relic","Card","Card","Card","Card","Relic","Relic","Card","Card","Relic","Relic","Relic","Relic","Relic","Card","Card"],"build_version":"2020-12-22","purchased_purges":4,"victory":true,"max_hp_per_floor":[65,65,65,65,65,65,65,65,65,65,65,65,65,65,65,65,65,65,65,65,65,65,65,65,65,65,65,65,65,65,65,65,65,65,65,65,65,65,65,65,65,65,65,65,65,65,65,65,65,65,65,65,65,65,65],"relic_stats":{"counters":[104,479],"Turnip":[12],"Art of War":[12],"Orichalcum":[24],"Medical Kit":[0],"obtain_stats":[{"Golden Egg":54,"Replay:Accelerometer":53,"Vajra":44,"aspiration:Stabinomicon":23,"Whetstone":26,"Bottled Tornado":54,"hubris:MysteriousPyramids":53,"Blood Vial":20,"Replay:Wanted Poster":34,"Centennial Puzzle":47,"Lizard Tail":0,"infinitespire:ShieldingShard":6,"DollysMirror":0,"halation:PrussianBluePaint":0,"MealTicket":36,"Philosopher\u0027s Stone":34,"HandDrill":36,"hubris:TinFlute":42,"Replay:Bottled Steam":48,"MerchantsRug":20,"halation:OrihimeAndHikoboshiSamaAndTears":5,"Ring of Hypnosis":22,"hubris:DuctTape":46,"ReplayTheSpireMod:CursedCoin":21,"Replay:Grab Bag":34,"Oddly Smooth Stone":26,"infinitespire:Beetle Shell":20,"Ring of Chaos":34,"infinitespire:Magic Flask":12,"Question Card":37,"Akabeko":2,"aspiration:FrozenJewel":45,"WarpedTongs":4,"Du-Vu Doll":0,"hubris:Zylophone":28,"infinitespire:EvilPickle":33,"hermit:PetGhost":53,"ReplayTheSpireMod:Shallot":0,"Shuriken":43,"Bronze Scales":11,"Onion Ring":14,"Simple Rune":7,"hubris:PeanutButter":0,"Molten Egg 2":0,"beaked:MawFillet":17,"ReplayTheSpireMod:TigerMarble":12,"Black Star":17,"Grinning Jar":43,"hermit:Momento":0,"Darkstone Periapt":0,"ReplayFunnel":27,"Regal Pillow":36,"Lantern":3,"Singing Bowl":24,"halation:Sosunser":53,"Painkiller Herb":34,"Juzu Bracelet":30,"hubris:SlimyHat":23,"Replay:Mystery Machine":47,"theForsaken:Gavel":0,"hubris:EvacipatedBox":21,"ClockworkSouvenir":29,"Replay:Rubber Ducky":0,"Nunchaku":6,"hubris:Icosahedron":22,"Matryoshka":26,"hubris:CuriousFeather":44,"Red Mask":37,"Replay:Bottled Snecko":0,"Replay:Bottled Eggs":0,"halation:LettersToHer":0,"InkBottle":43,"construct:ClawGrip":17,"aspiration:FetidBarrel":54,"Guide Book":2,"betterThird:NestCultRelic":31,"infinitespire:Joker Card":0,"hubris:MedicalManual":54,"Orichalcum":2,"hubris:Towel":4,"Medical Kit":45,"CaptainsWheel":24,"Anchor":42,"Ring of Misfortune":22,"infinitespire:Satchel":7,"ChewingGum":34,"Ectoplasm":21,"Turnip":39,"Art of War":0,"Bag of Marbles":0,"Bottled Lightning":11,"Membership Card":0,"halation:AfternoonTea":41,"halation:PinkSoulGem":37,"ReplayTheSpireMod:Lightbulb":13,"theForsaken:JudgementScales":53},{"Golden Egg":26,"Replay:Accelerometer":55,"Vajra":21,"aspiration:Stabinomicon":86,"Whetstone":87,"Bottled Tornado":26,"hubris:MysteriousPyramids":55,"Blood Vial":10,"Replay:Wanted Poster":92,"Centennial Puzzle":53,"Lizard Tail":57,"infinitespire:ShieldingShard":67,"DollysMirror":27,"halation:PrussianBluePaint":63,"MealTicket":47,"Philosopher\u0027s Stone":92,"HandDrill":47,"hubris:TinFlute":20,"Replay:Bottled Steam":54,"MerchantsRug":10,"halation:OrihimeAndHikoboshiSamaAndTears":3,"Ring of Hypnosis":42,"hubris:DuctTape":99,"ReplayTheSpireMod:CursedCoin":85,"Replay:Grab Bag":92,"Oddly Smooth Stone":12,"infinitespire:Beetle Shell":10,"Ring of Chaos":92,"infinitespire:Magic Flask":63,"Question Card":94,"Akabeko":69,"aspiration:FrozenJewel":98,"WarpedTongs":70,"Du-Vu Doll":0,"hubris:Zylophone":44,"infinitespire:EvilPickle":46,"hermit:PetGhost":55,"ReplayTheSpireMod:Shallot":57,"Shuriken":51,"Bronze Scales":36,"Onion Ring":38,"Simple Rune":61,"hubris:PeanutButter":75,"Molten Egg 2":75,"beaked:MawFillet":84,"ReplayTheSpireMod:TigerMarble":6,"Black Star":8,"Grinning Jar":20,"hermit:Momento":0,"Darkstone Periapt":63,"ReplayFunnel":88,"Regal Pillow":47,"Lantern":64,"Singing Bowl":11,"halation:Sosunser":102,"Painkiller Herb":16,"Juzu Bracelet":15,"hubris:SlimyHat":43,"Replay:Mystery Machine":53,"theForsaken:Gavel":75,"hubris:EvacipatedBox":85,"ClockworkSouvenir":44,"Replay:Rubber Ducky":75,"Nunchaku":32,"hubris:Icosahedron":10,"Matryoshka":43,"hubris:CuriousFeather":21,"Red Mask":47,"Replay:Bottled Snecko":63,"Replay:Bottled Eggs":68,"halation:LettersToHer":27,"InkBottle":51,"construct:ClawGrip":39,"aspiration:FetidBarrel":56,"Guide Book":69,"betterThird:NestCultRelic":45,"infinitespire:Joker Card":57,"hubris:MedicalManual":103,"Orichalcum":28,"hubris:Towel":77,"Medical Kit":98,"CaptainsWheel":11,"Anchor":20,"Ring of Misfortune":42,"infinitespire:Satchel":4,"ChewingGum":46,"Ectoplasm":10,"Turnip":96,"Art of War":68,"Bag of Marbles":75,"Bottled Lightning":5,"Membership Card":27,"halation:AfternoonTea":50,"halation:PinkSoulGem":18,"ReplayTheSpireMod:Lightbulb":82,"theForsaken:JudgementScales":102},{"Golden Egg":126,"Replay:Accelerometer":287,"Vajra":95,"aspiration:Stabinomicon":403,"Whetstone":407,"Bottled Tornado":126,"hubris:MysteriousPyramids":287,"Blood Vial":44,"Replay:Wanted Poster":429,"Centennial Puzzle":270,"Lizard Tail":300,"infinitespire:ShieldingShard":347,"DollysMirror":135,"halation:PrussianBluePaint":332,"MealTicket":238,"Philosopher\u0027s Stone":429,"HandDrill":238,"hubris:TinFlute":89,"Replay:Bottled Steam":278,"MerchantsRug":44,"halation:OrihimeAndHikoboshiSamaAndTears":12,"Ring of Hypnosis":209,"hubris:DuctTape":458,"ReplayTheSpireMod:CursedCoin":400,"Replay:Grab Bag":429,"Oddly Smooth Stone":53,"infinitespire:Beetle Shell":44,"Ring of Chaos":429,"infinitespire:Magic Flask":332,"Question Card":435,"Akabeko":353,"aspiration:FrozenJewel":454,"WarpedTongs":355,"Du-Vu Doll":0,"hubris:Zylophone":218,"infinitespire:EvilPickle":233,"hermit:PetGhost":287,"ReplayTheSpireMod:Shallot":300,"Shuriken":261,"Bronze Scales":183,"Onion Ring":193,"Simple Rune":319,"hubris:PeanutButter":370,"Molten Egg 2":370,"beaked:MawFillet":398,"ReplayTheSpireMod:TigerMarble":27,"Black Star":37,"Grinning Jar":89,"hermit:Momento":0,"Darkstone Periapt":332,"ReplayFunnel":412,"Regal Pillow":238,"Lantern":335,"Singing Bowl":48,"halation:Sosunser":471,"Painkiller Herb":69,"Juzu Bracelet":63,"hubris:SlimyHat":214,"Replay:Mystery Machine":270,"theForsaken:Gavel":370,"hubris:EvacipatedBox":400,"ClockworkSouvenir":218,"Replay:Rubber Ducky":370,"Nunchaku":169,"hubris:Icosahedron":44,"Matryoshka":214,"hubris:CuriousFeather":95,"Red Mask":238,"Replay:Bottled Snecko":332,"Replay:Bottled Eggs":349,"halation:LettersToHer":135,"InkBottle":261,"construct:ClawGrip":201,"aspiration:FetidBarrel":292,"Guide Book":353,"betterThird:NestCultRelic":223,"infinitespire:Joker Card":300,"hubris:MedicalManual":477,"Orichalcum":138,"hubris:Towel":373,"Medical Kit":454,"CaptainsWheel":48,"Anchor":89,"Ring of Misfortune":209,"infinitespire:Satchel":18,"ChewingGum":233,"Ectoplasm":44,"Turnip":446,"Art of War":349,"Bag of Marbles":370,"Bottled Lightning":22,"Membership Card":135,"halation:AfternoonTea":255,"halation:PinkSoulGem":76,"ReplayTheSpireMod:Lightbulb":388,"theForsaken:JudgementScales":471}]},"card_choices":[{"not_picked":["theForsaken:HorrifyingStrike+1","theForsaken:PowerUp"],"picked":"theForsaken:HymnOfPatience","floor":1},{"not_picked":["theForsaken:BlindFaith","theForsaken:Backlash"],"picked":"theForsaken:RainingSunlight+1","floor":2},{"not_picked":["theForsaken:Eulogy","theForsaken:QuickAttack+1"],"picked":"theForsaken:Thunderbolt+1","floor":5},{"not_picked":["theForsaken:StoreUp","theForsaken:BottledPlague"],"picked":"theForsaken:Bolster","floor":6},{"not_picked":["theForsaken:ChargeAttack+1","theForsaken:SacrificeSoul+1"],"picked":"theForsaken:Riposte","floor":7},{"not_picked":["theForsaken:ChargeAttack+1","theForsaken:DarkBargain"],"picked":"theForsaken:WordsOfMight","floor":12},{"not_picked":["theForsaken:Tranquility","theForsaken:CleansingLight","theForsaken:BottledPlague"],"picked":"SKIP","floor":13},{"not_picked":["theForsaken:DarkBarrier","theForsaken:BlindFaith"],"picked":"theForsaken:Thunderbolt+1","floor":14},{"not_picked":["theForsaken:DarkRift+1","theForsaken:TearsOfSunlight"],"picked":"theForsaken:Prudence","floor":16},{"not_picked":["theForsaken:Parry","theForsaken:BlightOfFamine+1"],"picked":"theForsaken:Eulogy+1","floor":18},{"not_picked":["theForsaken:HymnOfPatience","theForsaken:WardingHymn"],"picked":"theForsaken:DarkBarrier+1","floor":22},{"not_picked":["theForsaken:Backlash","theForsaken:Retribution","theForsaken:WordOfPower+1"],"picked":"SKIP","floor":25},{"not_picked":["theForsaken:QuickAttack+1","theForsaken:BlindFaith","theForsaken:StoreUp+1"],"picked":"SKIP","floor":27},{"not_picked":["theForsaken:SpinAttack+1","theForsaken:QuickAttack+1"],"picked":"theForsaken:Bolster","floor":28},{"not_picked":["theForsaken:Parry","theForsaken:BattleHymn+1","theForsaken:DarkBargain+1"],"picked":"SKIP","floor":29},{"not_picked":["theForsaken:StoreUp","theForsaken:Parry+1"],"picked":"theForsaken:Bolster","floor":31},{"not_picked":["theForsaken:SacrificeSoul+1","theForsaken:CorruptedForm"],"picked":"theForsaken:Purification+1","floor":33},{"not_picked":["theForsaken:Riposte","theForsaken:RainingSunlight+1"],"picked":"theForsaken:HymnOfPatience+1","floor":35},{"not_picked":["theForsaken:Terrorize+1","theForsaken:ShieldBash+1"],"picked":"theForsaken:FatRoll","floor":36},{"not_picked":["theForsaken:ChargeAttack+1","theForsaken:SacrificeSoul+1","theForsaken:Parry+1","theForsaken:PreciseStrike+1"],"picked":"SKIP","floor":38},{"not_picked":["theForsaken:ChargeAttack+1","theForsaken:SacrificeSoul+1","theForsaken:Parry+1","theForsaken:PreciseStrike+1"],"picked":"SKIP","floor":38},{"not_picked":["theForsaken:ShieldBash+1","theForsaken:PreciseStrike+1","theForsaken:ShieldCharge+1"],"picked":"theForsaken:HymnOfPatience+1","floor":39},{"not_picked":["theForsaken:Backlash","theForsaken:ShieldCharge+1","theForsaken:ShieldBash+1"],"picked":"theForsaken:HymnOfPatience+1","floor":40},{"not_picked":["theForsaken:NobleSacrifice","theForsaken:Preservation","theForsaken:Parry+1","theForsaken:Thunderbolt+1"],"picked":"SKIP","floor":42},{"not_picked":["theForsaken:ScorchingSunlight+1","theForsaken:SpreadingPlague","theForsaken:ShieldCharge+1","theForsaken:Temperance+1"],"picked":"SKIP","floor":46},{"not_picked":["theForsaken:FuryStrikes+1","theForsaken:SiphonStrike+1","theForsaken:BindingThorns","theForsaken:HorrifyingStrike+1"],"picked":"SKIP","floor":47},{"not_picked":["theForsaken:WrathOfGod+1","theForsaken:HymnOfPatience","theForsaken:Enfeeble+1"],"picked":"theForsaken:DarkBarrier","floor":48},{"not_picked":["theForsaken:QuickAttack+1","theForsaken:WrathOfGod","theForsaken:Tranquility+1"],"picked":"SKIP","floor":54}],"player_experience":231940,"relics_obtained":[{"floor":6,"key":"Vajra"},{"floor":9,"key":"halation:LettersToHer"},{"floor":13,"key":"ReplayTheSpireMod:Lightbulb"},{"floor":23,"key":"aspiration:Stabinomicon"},{"floor":26,"key":"halation:LettersToHer"},{"floor":26,"key":"Whetstone"},{"floor":27,"key":"ReplayFunnel"},{"floor":39,"key":"Turnip"},{"floor":40,"key":"Replay:Bottled Steam"},{"floor":43,"key":"halation:LettersToHer"},{"floor":43,"key":"Art of War"},{"floor":46,"key":"hubris:DuctTape"},{"floor":54,"key":"hubris:MedicalManual"}],"event_choices":[{"damage_healed":0,"gold_gain":0,"player_choice":"Ignored","damage_taken":0,"max_hp_gain":0,"max_hp_loss":0,"event_name":"Ghosts","floor":19,"gold_loss":0},{"damage_healed":0,"gold_gain":0,"player_choice":"Obtained Book","damage_taken":16,"max_hp_gain":0,"max_hp_loss":0,"event_name":"Cursed Tome","floor":23,"gold_loss":0},{"damage_healed":0,"gold_gain":0,"player_choice":"Fight","damage_taken":0,"max_hp_gain":0,"max_hp_loss":0,"event_name":"Mysterious Sphere","floor":39,"gold_loss":0},{"damage_healed":0,"gold_gain":0,"player_choice":"Upgraded Two","damage_taken":0,"max_hp_gain":0,"max_hp_loss":0,"event_name":"Designer","floor":41,"gold_loss":40,"cards_upgraded":["theForsaken:DefensiveStance","theForsaken:DefensiveStance"]}],"is_beta":false,"boss_relics":[{"not_picked":["hubris:CrackedHourglass","theForsaken:ArmorOfThorns"],"picked":"beaked:MawFillet"},{"not_picked":["Replay:Bronze Core","construct:WeddingRing","construct:ClawGrip"],"picked":"Replay:Grab Bag"},{"not_picked":["aspiration:FutureDiary","hubris:VirtuousBlindfold","halation:Risk"],"picked":"Philosopher\u0027s Stone"},{"not_picked":["Cursed Key","hubris:GrandSneckoEye","SlaversCollar"],"picked":"Replay:Wanted Poster"},{"not_picked":["aspiration:SilentSkillbook","Replay:Drink Me","aspiration:BeakedSkillbook"],"picked":"Ring of Chaos"}],"items_purged_floors":[0,0,0,21],"is_endless":false,"potions_floor_spawned":[2,12,13,16,18,22,31,40,42,47,48,54],"ascension_level":0}}