{"host":"jscggscbx0p7706o","time":1610595265,"event":{"mods":["AchievementEnabler","BaseMod","Block Reminder","Colored Powertips","Minty Spire (QoL Compilation)","Permanent Neow","Quick Restart","StSLib"],"gold_per_floor":[111,111,186,199,213,247,263,263,263,263,40,58,58,72,72,203,203,171,42,42,58,76,107,107,121,173,173,189,204,204,19,19,144,144,169,88,88,107,107,107,143,143,169,0,12,37,93,144,156,168],"floor_reached":51,"language":"ENG","playtime":4449,"items_purged":["Decay","Pain"],"score":1002,"play_id":"c2836528-7f95-4275-b0dc-231b862dc42e","local_time":"20210114113425","is_ascension_mode":true,"campfire_choices":[{"floor":8.0,"key":"REST"},{"data":"Neutralize","floor":10.0,"key":"SMITH"},{"floor":15.0,"key":"REST"},{"floor":24.0,"key":"REST"},{"floor":27.0,"key":"REST"},{"floor":32.0,"key":"REST"},{"data":"1","floor":40.0,"key":"LIFT"},{"data":"2","floor":42.0,"key":"LIFT"},{"data":"3","floor":45.0,"key":"LIFT"},{"data":"Normality","floor":49.0,"key":"PURGE"}],"circlet_count":0,"master_deck":["Defend_G","Defend_G","Defend_G","Defend_G","Defend_G","Survivor","Neutralize+1","Cloak And Dagger","Dagger Throw","Sucker Punch","Backflip","Dagger Spray","Dagger Throw","Adrenaline+1","CurseOfTheBell","Backflip","Footwork","Cloak And Dagger","PiercingWail+1","Blur","Slice+1","Infinite Blades","Dodge and Roll+1","Bite","Bite","Bite","Bite","Bite","Infinite Blades","Acrobatics","Tools of the Trade","Outmaneuver+1","Well Laid Plans","Cloak And Dagger","Backflip","Finisher"],"relics":["Cursed Key","Girya","WingedGreaves","CaptainsWheel","Juzu Bracelet","Golden Idol","Calling Bell","Centennial Puzzle","Kunai","Peace Pipe","Mummified Hand","Regal Pillow","Philosopher\u0027s Stone","Pocketwatch","MawBank","Red Mask","Dream Catcher","Blood Vial"],"acts_visited":["Exordium","TheCity","TheBeyond"],"potions_floor_usage":[50],"damage_taken":[{"damage":3.0,"enemies":"Jaw Worm","floor":1.0,"turns":5.0},{"damage":0.0,"enemies":"2 Louse","floor":4.0,"turns":3.0},{"damage":0.0,"enemies":"Cultist","floor":5.0,"turns":4.0},{"damage":9.0,"enemies":"3 Sentries","floor":6.0,"turns":7.0},{"damage":0.0,"enemies":"2 Fungi Beasts","floor":7.0,"turns":3.0},{"damage":18.0,"enemies":"Exordium Thugs","floor":12.0,"turns":6.0},{"damage":1.0,"enemies":"Looter","floor":14.0,"turns":3.0},{"damage":30.0,"enemies":"Hexaghost","floor":16.0,"turns":15.0},{"damage":7.0,"enemies":"2 Thieves","floor":18.0,"turns":5.0},{"damage":1.0,"enemies":"Chosen","floor":21.0,"turns":6.0},{"damage":0.0,"enemies":"Snake Plant","floor":22.0,"turns":9.0},{"damage":39.0,"enemies":"Gremlin Leader","floor":23.0,"turns":14.0},{"damage":5.0,"enemies":"Sentry and Sphere","floor":25.0,"turns":11.0},{"damage":7.0,"enemies":"3 Cultists","floor":28.0,"turns":8.0},{"damage":27.0,"enemies":"Snecko","floor":29.0,"turns":6.0},{"damage":20.0,"enemies":"Automaton","floor":33.0,"turns":17.0},{"damage":9.0,"enemies":"3 Shapes","floor":35.0,"turns":9.0},{"damage":9.0,"enemies":"Orb Walker","floor":38.0,"turns":5.0},{"damage":2.0,"enemies":"Nemesis","floor":41.0,"turns":15.0},{"damage":3.0,"enemies":"3 Darklings","floor":46.0,"turns":4.0},{"damage":9.0,"enemies":"Giant Head","floor":47.0,"turns":10.0},{"damage":24.0,"enemies":"Nemesis","floor":48.0,"turns":9.0},{"damage":39,"enemies":"Time Eater","floor":50,"turns":18}],"seed_played":"1411099412332669423","potions_obtained":[{"floor":4.0,"key":"Explosive Potion"},{"floor":7.0,"key":"LiquidMemories"},{"floor":12.0,"key":"Weak Potion"},{"floor":22.0,"key":"AttackPotion"},{"floor":25.0,"key":"Explosive Potion"},{"floor":35.0,"key":"SkillPotion"}],"is_trial":false,"path_per_floor":["M","?","?","M","M","E","M","R","T","R","$","M","?","M","R","B",null,"M","$","?","M","M","E","R","M","T","R","M","M","?","$","R","B",null,"M","$","?","M","?","R","E","R","T","?","R","M","E","E","R","B",null],"character_chosen":"THE_SILENT","items_purchased":["Juzu Bracelet","Footwork","Cloak And Dagger","Infinite Blades","Acrobatics","Well Laid Plans","Cloak And Dagger"],"campfire_rested":5,"item_purchase_floors":[11,19,19,31,31,36,36],"current_hp_per_floor":[60,57,46,46,46,37,37,58,58,58,58,40,40,39,58,28,56,49,49,43,42,42,3,22,17,17,51,44,17,17,17,45,36,43,45,45,45,44,43,43,43,43,43,43,43,42,42,41,41,24],"gold":180,"neow_bonus":"BOSS_RELIC","is_daily":false,"chose_seed":false,"campfire_upgraded":1,"win_rate":0.0,"timestamp":1610595265,"path_taken":["M","?","?","M","M","E","M","R","T","R","$","M","?","M","R","BOSS","M","$","?","M","M","E","R","M","T","R","M","M","?","$","R","BOSS","M","$","?","M","?","R","E","R","T","?","R","M","E","E","R","BOSS"],"items_purchased_type":["Relic","Card","Card","Card","Card","Card","Card"],"build_version":"2020-12-22","purchased_purges":2,"victory":true,"max_hp_per_floor":[70,70,70,70,70,70,70,70,70,70,70,70,65,65,65,65,65,65,65,65,65,65,65,65,65,65,65,65,65,45,45,45,45,45,45,45,45,45,43,43,43,43,43,43,43,43,43,43,43,43],"card_choices":[{"not_picked":["Dodge and Roll","All Out Attack"],"picked":"Cloak And Dagger","floor":1.0},{"not_picked":["Finisher","Bane"],"picked":"Dagger Throw","floor":4.0},{"not_picked":["Predator","Tactician"],"picked":"Sucker Punch","floor":5.0},{"not_picked":["Bane","Terror"],"picked":"Backflip","floor":6.0},{"not_picked":["Endless Agony","Deflect"],"picked":"Dagger Spray","floor":7.0},{"not_picked":["Reflex","Heel Hook","Masterful Stab"],"picked":"SKIP","floor":12.0},{"not_picked":["Setup","Bouncing Flask"],"picked":"Dagger Throw","floor":14.0},{"not_picked":["Tools of the Trade","Glass Knife"],"picked":"Adrenaline","floor":16.0},{"not_picked":["Caltrops","Dash"],"picked":"Backflip","floor":18.0},{"not_picked":["Flechettes","Calculated Gamble","Riddle With Holes"],"picked":"SKIP","floor":21.0},{"not_picked":["Tactician","Dagger Spray"],"picked":"PiercingWail+1","floor":22.0},{"not_picked":["Cloak And Dagger","Grand Finale"],"picked":"Blur","floor":23.0},{"not_picked":["Heel Hook+1","Bane"],"picked":"Slice+1","floor":25.0},{"not_picked":["Bane","Deadly Poison+1"],"picked":"Infinite Blades","floor":28.0},{"not_picked":["Quick Slash","Flying Knee"],"picked":"Dodge and Roll+1","floor":29.0},{"not_picked":["Corpse Explosion","Unload"],"picked":"Tools of the Trade","floor":33.0},{"not_picked":["Underhanded Strike","Prepared"],"picked":"Outmaneuver+1","floor":35.0},{"not_picked":["Quick Slash","Bane"],"picked":"Backflip","floor":38.0},{"not_picked":["Catalyst+1","Backstab"],"picked":"Finisher","floor":41.0},{"not_picked":["Dagger Throw+1","Outmaneuver","Deadly Poison+1"],"picked":"SKIP","floor":46.0},{"not_picked":["Malaise","Slice","Expertise"],"picked":"SKIP","floor":47.0},{"not_picked":["Outmaneuver+1","Poisoned Stab","Heel Hook"],"picked":"SKIP","floor":48.0}],"player_experience":240150,"relics_obtained":[{"floor":6.0,"key":"WingedGreaves"},{"floor":9.0,"key":"CaptainsWheel"},{"floor":17.0,"key":"Centennial Puzzle"},{"floor":17.0,"key":"Kunai"},{"floor":17.0,"key":"Peace Pipe"},{"floor":23.0,"key":"Mummified Hand"},{"floor":26.0,"key":"Regal Pillow"},{"floor":41.0,"key":"Pocketwatch"},{"floor":43.0,"key":"MawBank"},{"floor":47.0,"key":"Dream Catcher"},{"floor":48.0,"key":"Blood Vial"}],"event_choices":[{"damage_healed":0.0,"max_hp_gain":0.0,"max_hp_loss":0.0,"gold_gain":0.0,"event_name":"Scrap Ooze","player_choice":"Success","floor":2.0,"gold_loss":0.0,"damage_taken":3.0,"relics_obtained":["Girya"]},{"damage_healed":0.0,"max_hp_gain":0.0,"max_hp_loss":0.0,"gold_gain":75.0,"event_name":"World of Goop","player_choice":"Gather Gold","floor":3.0,"gold_loss":0.0,"damage_taken":11.0},{"damage_healed":0.0,"max_hp_gain":0.0,"max_hp_loss":5.0,"gold_gain":0.0,"event_name":"Golden Idol","player_choice":"Lose Max HP","floor":13.0,"gold_loss":0.0,"damage_taken":0.0,"relics_obtained":["Golden Idol"]},{"damage_healed":0.0,"max_hp_gain":0.0,"max_hp_loss":0.0,"gold_gain":0.0,"event_name":"Knowing Skull","player_choice":"","floor":20.0,"potions_obtained":[],"gold_loss":0.0,"damage_taken":6.0,"cards_obtained":[]},{"damage_healed":0.0,"max_hp_gain":0.0,"max_hp_loss":20.0,"gold_gain":0.0,"event_name":"Vampires","player_choice":"Became a vampire","floor":30.0,"gold_loss":0.0,"damage_taken":0.0,"cards_obtained":["Bite","Bite","Bite","Bite","Bite"]},{"damage_healed":0.0,"max_hp_gain":0.0,"max_hp_loss":0.0,"gold_gain":0.0,"event_name":"Accursed Blacksmith","player_choice":"Forge","floor":37.0,"gold_loss":0.0,"damage_taken":0.0,"cards_upgraded":["Adrenaline"]},{"damage_healed":0.0,"max_hp_gain":0.0,"max_hp_loss":2.0,"gold_gain":0.0,"event_name":"Winding Halls","player_choice":"Max HP","floor":39.0,"gold_loss":0.0,"damage_taken":0.0},{"damage_healed":0.0,"max_hp_gain":0.0,"max_hp_loss":0.0,"gold_gain":0.0,"event_name":"Tomb of Lord Red Mask","player_choice":"Paid","floor":44.0,"gold_loss":181.0,"damage_taken":0.0,"relics_obtained":["Red Mask"]}],"is_beta":false,"boss_relics":[{"not_picked":["HoveringKite","Coffee Dripper"],"picked":"Calling Bell"},{"not_picked":["Tiny House","Fusion Hammer"],"picked":"Philosopher\u0027s Stone"}],"items_purged_floors":[11,31],"is_endless":false,"potions_floor_spawned":[4,7,12,22,25,35],"ascension_level":7}}