{"host":"y76x98twjnyyxs83","time":1610628075,"event":{"mods":["BaseMod","Colored Powertips","Minty Spire (QoL Compilation)","Permanent Neow","Quick Restart","Rare Cards Sparkle","Relic Stats","StSLib"],"gold_per_floor":[118,118,134,146,15,44,44,56,105,116,151,72,102,113,113,190,190,200,220,80,80,80],"floor_reached":21,"language":"ENG","playtime":1212,"items_purged":["Strike_G","Strike_G"],"score":372,"play_id":"e1924b20-c74c-4d5b-8d63-3e5f43c010fe","local_time":"20210114204115","is_ascension_mode":true,"campfire_choices":[{"data":"Neutralize","floor":7.0,"key":"SMITH"},{"data":"Noxious Fumes","floor":15.0,"key":"SMITH"}],"circlet_count":0,"master_deck":["AscendersBane","Strike_G","Strike_G","Defend_G","Defend_G","Defend_G","Defend_G","Survivor","Neutralize+1","Deadly Poison","Dash","Dagger Throw","PiercingWail","Bane","Concentrate","Noxious Fumes+1","Dagger Spray","A Thousand Cuts","Crippling Poison","Footwork"],"relics":["Runic Pyramid","InkBottle","MealTicket","Dream Catcher","Singing Bowl","Empty Cage"],"acts_visited":["Exordium","TheCity"],"potions_floor_usage":[21],"damage_taken":[{"damage":0.0,"enemies":"2 Louse","floor":1.0,"turns":4.0},{"damage":0.0,"enemies":"Cultist","floor":3.0,"turns":4.0},{"damage":0.0,"enemies":"Small Slimes","floor":4.0,"turns":4.0},{"damage":26.0,"enemies":"Gremlin Nob","floor":6.0,"turns":5.0},{"damage":1.0,"enemies":"3 Louse","floor":8.0,"turns":6.0},{"damage":9.0,"enemies":"Exordium Wildlife","floor":10.0,"turns":7.0},{"damage":2.0,"enemies":"Lagavulin","floor":11.0,"turns":7.0},{"damage":7.0,"enemies":"3 Sentries","floor":13.0,"turns":7.0},{"damage":1.0,"enemies":"Blue Slaver","floor":14.0,"turns":6.0},{"damage":10.0,"enemies":"The Guardian","floor":16.0,"turns":11.0},{"damage":44.0,"enemies":"2 Thieves","floor":18.0,"turns":4.0},{"damage":10.0,"enemies":"Shell Parasite","floor":19.0,"turns":6.0},{"damage":27,"enemies":"Shelled Parasite and Fungi","floor":21,"turns":5}],"seed_played":"4432903094831040941","potions_obtained":[{"floor":1.0,"key":"EntropicBrew"},{"floor":3.0,"key":"SteroidPotion"},{"floor":11.0,"key":"SpeedPotion"},{"floor":14.0,"key":"SkillPotion"},{"floor":16.0,"key":"SkillPotion"}],"is_trial":false,"path_per_floor":["M","?","M","M","$","E","R","M","T","M","E","$","E","M","R","B",null,"M","M","$","M"],"character_chosen":"THE_SILENT","items_purchased":["Dagger Throw","Noxious Fumes","Footwork"],"campfire_rested":0,"item_purchase_floors":[5,12,20],"current_hp_per_floor":[59,64,64,64,64,38,38,37,37,28,26,41,34,35,35,25,61,19,9,24,0,0],"gold":80,"neow_bonus":"BOSS_RELIC","is_daily":false,"chose_seed":false,"campfire_upgraded":2,"win_rate":0.0,"timestamp":1610628075,"path_taken":["M","?","M","M","$","E","R","M","T","M","E","$","E","M","R","BOSS","M","M","$","M"],"items_purchased_type":["Card","Card","Card"],"build_version":"2020-12-22","purchased_purges":2,"victory":false,"max_hp_per_floor":[66,71,71,71,71,71,71,71,71,71,71,71,71,73,73,73,73,75,75,75,75,75],"relic_stats":{"Dream Catcher":0,"Singing Bowl":4,"counters":[13,76],"MealTicket":30,"obtain_stats":[{"Dream Catcher":11,"Singing Bowl":13,"MealTicket":9,"Empty Cage":17,"InkBottle":6,"Ring of the Snake":0,"Runic Pyramid":0},{"Dream Catcher":7,"Singing Bowl":8,"MealTicket":5,"Empty Cage":10,"InkBottle":4,"Ring of the Snake":0,"Runic Pyramid":0},{"Dream Catcher":37,"Singing Bowl":44,"MealTicket":23,"Empty Cage":61,"InkBottle":17,"Ring of the Snake":0,"Runic Pyramid":0}],"InkBottle":[17]},"card_choices":[{"not_picked":["Caltrops","Cloak And Dagger"],"picked":"Deadly Poison","floor":1.0},{"not_picked":["Masterful Stab","Cloak And Dagger"],"picked":"Dash","floor":3.0},{"not_picked":["Dodge and Roll","Calculated Gamble","Masterful Stab"],"picked":"SKIP","floor":4.0},{"not_picked":["Finisher","Dash"],"picked":"PiercingWail","floor":6.0},{"not_picked":["Cloak And Dagger","Terror"],"picked":"Bane","floor":8.0},{"not_picked":["Calculated Gamble","Choke"],"picked":"Concentrate","floor":10.0},{"not_picked":["Cloak And Dagger","Outmaneuver","Slice"],"picked":"SKIP","floor":11.0},{"not_picked":["Slice","Predator"],"picked":"Dagger Spray","floor":13.0},{"not_picked":["Setup","Cloak And Dagger","Prepared"],"picked":"Singing Bowl","floor":14.0},{"not_picked":["Adrenaline","Venomology"],"picked":"A Thousand Cuts","floor":16.0},{"not_picked":["Prepared","Dodge and Roll+1","Poisoned Stab"],"picked":"Singing Bowl","floor":18.0},{"not_picked":["Eviscerate","Quick Slash"],"picked":"Crippling Poison","floor":19.0}],"player_experience":1133014,"relics_obtained":[{"floor":6.0,"key":"InkBottle"},{"floor":9.0,"key":"MealTicket"},{"floor":11.0,"key":"Dream Catcher"},{"floor":13.0,"key":"Singing Bowl"}],"event_choices":[{"damage_healed":0.0,"max_hp_gain":5.0,"max_hp_loss":0.0,"gold_gain":0.0,"event_name":"Big Fish","player_choice":"Donut","floor":2.0,"gold_loss":0.0,"damage_taken":0.0}],"is_beta":false,"boss_relics":[{"not_picked":["SacredBark","SlaversCollar"],"picked":"Empty Cage"}],"items_purged_floors":[5,20],"is_endless":false,"potions_floor_spawned":[1,3,11,14,16,18],"killed_by":"Shelled Parasite and Fungi","ascension_level":17}}