{"host":"kh4wzxwh3q3yppxp","time":1610646301,"event":{"mods":["AchievementEnabler","BaseMod","Colored Map","DeckTracker","Minty Spire (QoL Compilation)","Quick Restart","StSLib"],"gold_per_floor":[113,113,188,208,218,248,99,99,122,171,189,200,219,231,231,336,336,349,329,61,73,86,86,11,11,11,11,23,37,37,37,37,141,141,157,157,176,64,64,82,82,99,99,114,133,97,124,138,138,138,138,138,38,70,70,70],"floor_reached":55,"language":"ENG","playtime":2974,"items_purged":["Strike_G","Defend_G"],"score":655,"play_id":"c1951f2d-1c7d-48b2-a3e2-96029281db5d","local_time":"20210114194501","is_ascension_mode":false,"campfire_choices":[{"floor":8,"key":"REST"},{"floor":15,"key":"REST"},{"floor":23,"key":"REST"},{"floor":25,"key":"RECALL"},{"data":"Phantasmal Killer","floor":30,"key":"SMITH"},{"floor":32,"key":"REST"},{"data":"Terror","floor":41,"key":"SMITH"},{"floor":49,"key":"REST"},{"data":"Wraith Form v2","floor":52,"key":"SMITH"}],"circlet_count":0,"master_deck":["Strike_G+1","Strike_G","Strike_G+1","Defend_G","Defend_G","Defend_G","Defend_G","Survivor","Neutralize","Storm of Steel+1","Blur","Expertise","Acrobatics","Accuracy","Quick Slash","Cloak And Dagger","Terror+1","Phantasmal Killer+1","CurseOfTheBell","Skewer+1","Deflect+1","Footwork","Deflect+1","Dodge and Roll+1","Blade Dance+1","Writhe","Secret Technique+1","Escape Plan+1","Finisher+1","Escape Plan+1","Blade Dance+1","Accuracy","Wraith Form v2+1"],"relics":["Ring of the Snake","Nunchaku","Regal Pillow","Oddly Smooth Stone","Whetstone","Calling Bell","Akabeko","Toxic Egg 2","Mango","Anchor","Sundial","Art of War","WristBlade","Ice Cream","StrikeDummy","Happy Flower"],"acts_visited":["Exordium","TheCity","TheBeyond","TheEnding"],"potions_floor_usage":[6,16,33,40,42,55,55,55],"damage_taken":[{"damage":2,"enemies":"Jaw Worm","floor":1,"turns":6},{"damage":1,"enemies":"Cultist","floor":4,"turns":4},{"damage":0,"enemies":"Small Slimes","floor":5,"turns":2},{"damage":22,"enemies":"Gremlin Nob","floor":6,"turns":4},{"damage":0,"enemies":"Blue Slaver","floor":11,"turns":3},{"damage":5,"enemies":"Large Slime","floor":12,"turns":8},{"damage":0,"enemies":"Looter","floor":13,"turns":3},{"damage":3,"enemies":"Exordium Wildlife","floor":14,"turns":3},{"damage":51,"enemies":"Slime Boss","floor":16,"turns":7},{"damage":25,"enemies":"3 Byrds","floor":18,"turns":8},{"damage":12,"enemies":"2 Thieves","floor":19,"turns":4},{"damage":4,"enemies":"Centurion and Healer","floor":21,"turns":6},{"damage":18,"enemies":"3 Cultists","floor":22,"turns":9},{"damage":4,"enemies":"Snake Plant","floor":28,"turns":5},{"damage":0,"enemies":"Centurion and Healer","floor":29,"turns":6},{"damage":42,"enemies":"Automaton","floor":33,"turns":14},{"damage":0,"enemies":"3 Shapes","floor":35,"turns":5},{"damage":9,"enemies":"Orb Walker","floor":37,"turns":4},{"damage":18,"enemies":"Transient","floor":40,"turns":5},{"damage":32,"enemies":"4 Shapes","floor":42,"turns":11},{"damage":11,"enemies":"Maw","floor":44,"turns":8},{"damage":3,"enemies":"3 Darklings","floor":45,"turns":5},{"damage":2,"enemies":"Giant Head","floor":47,"turns":4},{"damage":1,"enemies":"Writhing Mass","floor":48,"turns":4},{"damage":35,"enemies":"Donu and Deca","floor":50,"turns":11},{"damage":17,"enemies":"Shield and Spear","floor":54,"turns":7},{"damage":65,"enemies":"The Heart","floor":55,"turns":5}],"seed_played":"318771551461556870","potions_obtained":[{"floor":1,"key":"LiquidBronze"},{"floor":5,"key":"SkillPotion"},{"floor":11,"key":"CunningPotion"},{"floor":13,"key":"Dexterity Potion"},{"floor":14,"key":"Explosive Potion"},{"floor":19,"key":"SpeedPotion"},{"floor":28,"key":"Fire Potion"},{"floor":33,"key":"BlessingOfTheForge"},{"floor":40,"key":"Regen Potion"},{"floor":44,"key":"Strength Potion"}],"is_trial":false,"path_per_floor":["M","?","?","M","M","E","$","R","T","T","M","M","M","M","R","B",null,"M","M","$","M","M","R","?","R","T","T","M","M","R","?","R","B",null,"M","?","M","$","?","M","R","M","T","M","M","$","E","M","R","B",null,"R","$","E","B"],"character_chosen":"THE_SILENT","items_purchased":["Regal Pillow","Footwork","Deflect+1","Anchor","Escape Plan+1","Accuracy"],"campfire_rested":5,"item_purchase_floors":[7,20,20,20,38,46],"current_hp_per_floor":[47,47,36,35,35,13,13,49,49,49,49,44,44,41,70,19,84,59,47,47,43,25,65,65,65,65,65,61,61,61,61,84,42,84,84,84,75,75,75,57,57,40,40,29,26,26,24,23,62,27,80,80,80,63,0,0],"gold":70,"neow_bonus":"THREE_RARE_CARDS","is_daily":false,"chose_seed":false,"campfire_upgraded":3,"win_rate":0.0,"timestamp":1610646301,"path_taken":["M","?","?","M","?","E","$","R","T","?","M","M","M","M","R","BOSS","M","M","$","M","M","R","?","R","T","?","M","?","R","?","R","BOSS","M","?","M","$","?","M","R","M","T","M","M","$","E","M","R","BOSS","R","$","E","BOSS"],"items_purchased_type":["Relic","Card","Card","Relic","Card","Card"],"build_version":"2020-12-22","purchased_purges":2,"victory":false,"max_hp_per_floor":[70,70,70,70,70,70,70,70,70,70,70,70,70,70,70,70,84,84,84,84,84,84,84,84,84,84,84,84,84,84,84,84,84,84,84,84,84,84,80,80,80,80,80,80,80,80,80,80,80,80,80,80,80,80,80,80],"card_choices":[{"not_picked":["Unload","Bullet Time"],"picked":"Storm of Steel","floor":0},{"not_picked":["Predator","Poisoned Stab"],"picked":"Blur","floor":1},{"not_picked":["Distraction","Dagger Spray","Sucker Punch"],"picked":"SKIP","floor":4},{"not_picked":["Choke","Prepared"],"picked":"Expertise","floor":5},{"not_picked":["Deadly Poison","Catalyst"],"picked":"Acrobatics","floor":6},{"not_picked":["Skewer","Deflect"],"picked":"Accuracy","floor":11},{"not_picked":["Noxious Fumes","Outmaneuver"],"picked":"Quick Slash","floor":12},{"not_picked":["Bouncing Flask","Underhanded Strike"],"picked":"Cloak And Dagger","floor":13},{"not_picked":["Quick Slash","Poisoned Stab"],"picked":"Terror","floor":14},{"not_picked":["Corpse Explosion","Glass Knife"],"picked":"Phantasmal Killer","floor":16},{"not_picked":["Outmaneuver+1","Noxious Fumes"],"picked":"Skewer+1","floor":18},{"not_picked":["Crippling Poison+1","Dagger Throw"],"picked":"Deflect+1","floor":19},{"not_picked":["Distraction+1","Skewer","Prepared+1"],"picked":"SKIP","floor":21},{"not_picked":["Acrobatics+1","Poisoned Stab"],"picked":"Dodge and Roll+1","floor":22},{"not_picked":["Grand Finale","Bouncing Flask+1","Dash"],"picked":"SKIP","floor":28},{"not_picked":["Cloak And Dagger+1","Deadly Poison+1"],"picked":"Blade Dance+1","floor":29},{"not_picked":["Dodge and Roll+1","Choke","Quick Slash"],"picked":"SKIP","floor":35},{"not_picked":["Dramatic Entrance","Jack Of All Trades+1"],"picked":"Secret Technique+1","floor":36},{"not_picked":["Sucker Punch","Dagger Spray","Caltrops+1"],"picked":"SKIP","floor":37},{"not_picked":["Slice+1","Crippling Poison+1"],"picked":"Finisher+1","floor":40},{"not_picked":["Setup+1","Quick Slash","Deflect+1"],"picked":"SKIP","floor":42},{"not_picked":["Backflip+1","Underhanded Strike+1"],"picked":"Escape Plan+1","floor":44},{"not_picked":["Deadly Poison+1","Flying Knee"],"picked":"Blade Dance+1","floor":45},{"not_picked":["Blur+1","Flechettes"],"picked":"Wraith Form v2","floor":47},{"not_picked":["Backflip+1","Deflect+1","Flying Knee"],"picked":"SKIP","floor":48},{"not_picked":["Prepared+1","Well Laid Plans","Setup+1"],"picked":"SKIP","floor":54}],"player_experience":698629,"relics_obtained":[{"floor":6,"key":"Nunchaku"},{"floor":9,"key":"Oddly Smooth Stone"},{"floor":10,"key":"Whetstone"},{"floor":17,"key":"Akabeko"},{"floor":17,"key":"Toxic Egg 2"},{"floor":17,"key":"Mango"},{"floor":27,"key":"Sundial"},{"floor":43,"key":"Ice Cream"},{"floor":47,"key":"StrikeDummy"},{"floor":54,"key":"Happy Flower"}],"event_choices":[{"damage_healed":0,"gold_gain":0,"player_choice":"Grow","damage_taken":0,"max_hp_gain":0,"max_hp_loss":0,"event_name":"Living Wall","floor":2,"gold_loss":0,"cards_upgraded":["Storm of Steel"]},{"damage_healed":0,"gold_gain":75,"player_choice":"Gather Gold","damage_taken":11,"max_hp_gain":0,"max_hp_loss":0,"event_name":"World of Goop","floor":3,"gold_loss":0},{"cards_removed":["Strike_G"],"damage_healed":0,"gold_gain":0,"player_choice":"Gave Gold","damage_taken":0,"max_hp_gain":0,"max_hp_loss":0,"event_name":"Beggar","floor":24,"gold_loss":75},{"damage_healed":0,"gold_gain":0,"player_choice":"Opened","damage_taken":0,"relics_obtained":["Art of War"],"max_hp_gain":0,"max_hp_loss":0,"event_name":"The Mausoleum","floor":31,"gold_loss":0,"cards_obtained":["Writhe"]},{"damage_healed":0,"gold_gain":0,"player_choice":"Memory 1","damage_taken":0,"max_hp_gain":0,"max_hp_loss":0,"event_name":"SensoryStone","floor":36,"gold_loss":0},{"damage_healed":0,"gold_gain":0,"player_choice":"Max HP","damage_taken":0,"max_hp_gain":0,"max_hp_loss":4,"event_name":"Winding Halls","floor":39,"gold_loss":0}],"is_beta":false,"boss_relics":[{"not_picked":["Busted Crown","Runic Pyramid"],"picked":"Calling Bell"},{"not_picked":["Astrolabe","SlaversCollar"],"picked":"WristBlade"}],"items_purged_floors":[38,53],"is_endless":false,"potions_floor_spawned":[1,5,11,13,14,19,28,29,33,40,44,47],"killed_by":"The Heart","ascension_level":0}}