{"host":"J","time":1610654628,"event":{"mods":["AchievementEnabler","BaseMod","Block Reminder","Highlight Path","Minty Spire (QoL Compilation)","Permanent Neow","Quick Restart","Relic Stats","UnlockEverythingMod"],"gold_per_floor":[20,39,139,154,173,198,214,54,54,54,388,388,411,449,461,545,557,582,644,669,681,693,705,705],"floor_reached":23,"language":"ENG","playtime":2107,"items_purged":[],"score":418,"play_id":"53b1c55b-fe01-47a0-a199-49fe2d1f4a4c","local_time":"20210114210348","is_ascension_mode":true,"campfire_choices":[{"data":"Blade Dance","floor":10.0,"key":"SMITH"},{"data":"After Image","floor":12.0,"key":"SMITH"},{"data":"Well Laid Plans","floor":15.0,"key":"SMITH"}],"circlet_count":0,"master_deck":["AscendersBane","Strike_G","Strike_G","Strike_G","Strike_G","Defend_G","Defend_G","Defend_G","Defend_G","Survivor","Neutralize","Blade Dance+1","Dagger Throw","Finisher","Dodge and Roll","Backflip","After Image+1","Well Laid Plans+1","Night Terror","PiercingWail","Blade Dance","Writhe","Blade Dance"],"relics":["Ring of the Snake","Pen Nib","Lee\u0027s Waffle","HornCleat","Old Coin","MawBank","Eternal Feather","Black Star","Art of War"],"acts_visited":["Exordium","TheCity"],"potions_floor_usage":[23],"damage_taken":[{"damage":4.0,"enemies":"Jaw Worm","floor":1.0,"turns":6.0},{"damage":0.0,"enemies":"Cultist","floor":2.0,"turns":3.0},{"damage":2.0,"enemies":"2 Louse","floor":4.0,"turns":3.0},{"damage":1.0,"enemies":"Blue Slaver","floor":5.0,"turns":4.0},{"damage":30.0,"enemies":"Lagavulin","floor":6.0,"turns":6.0},{"damage":7.0,"enemies":"Looter","floor":7.0,"turns":3.0},{"damage":5.0,"enemies":"3 Sentries","floor":11.0,"turns":7.0},{"damage":19.0,"enemies":"Lagavulin","floor":14.0,"turns":6.0},{"damage":21.0,"enemies":"The Guardian","floor":16.0,"turns":15.0},{"damage":20.0,"enemies":"Spheric Guardian","floor":18.0,"turns":6.0},{"damage":1.0,"enemies":"3 Byrds","floor":20.0,"turns":9.0},{"damage":45,"enemies":"Slavers","floor":23,"turns":5}],"seed_played":"5133919493695286025","potions_obtained":[{"floor":1.0,"key":"Poison Potion"},{"floor":2.0,"key":"Ancient Potion"},{"floor":4.0,"key":"Block Potion"},{"floor":14.0,"key":"DistilledChaos"}],"is_trial":false,"path_per_floor":["M","M","?","M","M","E","M","$","T","R","E","R","T","E","R","B",null,"M","?","M","?","?","E"],"character_chosen":"THE_SILENT","items_purchased":["Lee\u0027s Waffle"],"campfire_rested":0,"item_purchase_floors":[8],"current_hp_per_floor":[55,55,55,53,52,22,15,73,73,73,68,68,68,49,58,37,64,44,44,43,43,43,0,0],"gold":705,"neow_bonus":"REMOVE_TWO","is_daily":false,"chose_seed":false,"campfire_upgraded":3,"win_rate":0.0,"timestamp":1610654628,"path_taken":["M","M","?","M","M","E","M","?","T","R","E","R","?","E","R","BOSS","M","?","M","?","?","E"],"items_purchased_type":["Relic"],"build_version":"2020-12-18","purchased_purges":0,"victory":false,"max_hp_per_floor":[66,66,66,66,66,66,66,73,73,73,73,73,73,73,73,73,73,73,73,73,73,73,73,73],"relic_stats":{"Lee\u0027s Waffle":58,"counters":[12,73],"Eternal Feather":9,"Pen Nib":[15],"Black Star":0,"Art of War":[0],"MawBank":120,"obtain_stats":[{"Lee\u0027s Waffle":8,"HornCleat":9,"Eternal Feather":14,"Pen Nib":6,"Black Star":17,"Art of War":21,"MawBank":13,"Ring of the Snake":0,"Old Coin":11},{"Lee\u0027s Waffle":6,"HornCleat":6,"Eternal Feather":8,"Pen Nib":5,"Black Star":9,"Art of War":11,"MawBank":7,"Ring of the Snake":0,"Old Coin":7},{"Lee\u0027s Waffle":25,"HornCleat":25,"Eternal Feather":38,"Pen Nib":22,"Black Star":53,"Art of War":68,"MawBank":32,"Ring of the Snake":0,"Old Coin":32}],"Ring of the Snake":[24]},"card_choices":[{"not_picked":["Poisoned Stab","Dagger Spray"],"picked":"Blade Dance","floor":1.0},{"not_picked":["Outmaneuver","Sucker Punch"],"picked":"Dagger Throw","floor":2.0},{"not_picked":["Riddle With Holes","Slice"],"picked":"Finisher","floor":4.0},{"not_picked":["Sucker Punch","Outmaneuver","Underhanded Strike"],"picked":"SKIP","floor":5.0},{"not_picked":["Poisoned Stab","Dagger Throw"],"picked":"Dodge and Roll","floor":6.0},{"not_picked":["Quick Slash","Dagger Spray"],"picked":"Backflip","floor":7.0},{"not_picked":["Quick Slash","Riddle With Holes"],"picked":"After Image","floor":11.0},{"not_picked":["Quick Slash","Poisoned Stab"],"picked":"Well Laid Plans","floor":14.0},{"not_picked":["Tools of the Trade","Unload"],"picked":"Night Terror","floor":16.0},{"not_picked":["Blur","Sucker Punch"],"picked":"PiercingWail","floor":18.0},{"not_picked":["Dodge and Roll","Acrobatics+1"],"picked":"Blade Dance","floor":20.0}],"player_experience":235115,"relics_obtained":[{"floor":6.0,"key":"Pen Nib"},{"floor":9.0,"key":"HornCleat"},{"floor":11.0,"key":"Old Coin"},{"floor":13.0,"key":"MawBank"},{"floor":14.0,"key":"Eternal Feather"}],"event_choices":[{"damage_healed":0.0,"max_hp_gain":0.0,"max_hp_loss":0.0,"gold_gain":100.0,"event_name":"Wheel of Change","player_choice":"Gold","floor":3.0,"gold_loss":0.0,"damage_taken":0.0},{"damage_healed":0.0,"max_hp_gain":0.0,"max_hp_loss":0.0,"gold_gain":50.0,"event_name":"Nest","player_choice":"Stole From Cult","floor":19.0,"gold_loss":0.0,"damage_taken":0.0},{"damage_healed":0.0,"max_hp_gain":0.0,"max_hp_loss":0.0,"gold_gain":0.0,"event_name":"The Mausoleum","player_choice":"Opened","floor":21.0,"gold_loss":0.0,"damage_taken":0.0,"relics_obtained":["Art of War"],"cards_obtained":["Writhe"]},{"damage_healed":0.0,"max_hp_gain":0.0,"max_hp_loss":0.0,"gold_gain":0.0,"event_name":"The Library","player_choice":"Read","floor":22.0,"gold_loss":0.0,"damage_taken":0.0,"cards_obtained":["Blade Dance"]}],"is_beta":true,"boss_relics":[{"not_picked":["Empty Cage","Pandora\u0027s Box"],"picked":"Black Star"}],"items_purged_floors":[],"is_endless":false,"potions_floor_spawned":[1,2,4,14],"killed_by":"Slavers","ascension_level":20}}