{"host":"pf47v7h0307523iy","time":1610627211,"event":{"mods":["BaseMod","Minty Spire (QoL Compilation)"],"gold_per_floor":[111,186,198,348,16,16,43,60,60,87,97,97,115,133,133,133,133],"floor_reached":16,"language":"ENG","playtime":823,"items_purged":[],"score":254,"play_id":"3b623d1e-83d3-4fba-941b-58c859afe07d","local_time":"20210114142651","is_ascension_mode":true,"campfire_choices":[{"data":"Neutralize","floor":6.0,"key":"SMITH"},{"data":"Sucker Punch","floor":12.0,"key":"SMITH"},{"floor":15.0,"key":"REST"}],"circlet_count":0,"master_deck":["AscendersBane","Strike_G","Strike_G","Strike_G","Strike_G","Strike_G","Defend_G","Defend_G","Defend_G","Defend_G","Defend_G","Survivor","Neutralize+1","Sucker Punch+1","Catalyst","Doubt","Blade Dance+1","PiercingWail+1","Dagger Throw+1","Footwork","Dodge and Roll+1"],"relics":["Ring of the Snake","NeowsBlessing","Toxic Egg 2","Ice Cream","Molten Egg 2","Pen Nib"],"acts_visited":["Exordium"],"potions_floor_usage":[16],"damage_taken":[{"damage":0.0,"enemies":"Cultist","floor":1.0,"turns":1.0},{"damage":0.0,"enemies":"Jaw Worm","floor":3.0,"turns":1.0},{"damage":0.0,"enemies":"3 Sentries","floor":7.0,"turns":2.0},{"damage":7.0,"enemies":"Small Slimes","floor":8.0,"turns":4.0},{"damage":3.0,"enemies":"Looter","floor":11.0,"turns":3.0},{"damage":3.0,"enemies":"3 Louse","floor":13.0,"turns":4.0},{"damage":0.0,"enemies":"2 Fungi Beasts","floor":14.0,"turns":1.0},{"damage":55,"enemies":"Slime Boss","floor":16,"turns":13}],"seed_played":"6946035139640141637","potions_obtained":[{"floor":8.0,"key":"Fire Potion"},{"floor":14.0,"key":"LiquidBronze"}],"is_trial":false,"path_per_floor":["M","?","M","?","$","R","E","M","T","T","M","R","M","M","R","B"],"character_chosen":"THE_SILENT","items_purchased":["Toxic Egg 2","Blade Dance+1"],"campfire_rested":1,"item_purchase_floors":[5,5],"current_hp_per_floor":[59,48,48,48,48,48,48,41,41,41,38,38,35,35,54,0,0],"gold":133,"neow_bonus":"THREE_ENEMY_KILL","is_daily":false,"chose_seed":false,"campfire_upgraded":2,"win_rate":0.0,"timestamp":1610627211,"path_taken":["M","?","M","?","$","R","E","M","T","?","M","R","M","M","R","BOSS"],"items_purchased_type":["Relic","Card"],"build_version":"2020-12-22","purchased_purges":0,"victory":false,"max_hp_per_floor":[66,66,66,66,66,66,66,66,66,66,66,66,66,66,66,66,66],"card_choices":[{"not_picked":["Slice","Calculated Gamble"],"picked":"Sucker Punch","floor":1.0},{"not_picked":["Underhanded Strike","Infinite Blades"],"picked":"Catalyst","floor":3.0},{"not_picked":["Sucker Punch","Concentrate+1","Bane"],"picked":"SKIP","floor":7.0},{"not_picked":["Concentrate+1","Underhanded Strike"],"picked":"PiercingWail+1","floor":8.0},{"not_picked":["Prepared+1","Infinite Blades"],"picked":"Dagger Throw+1","floor":11.0},{"not_picked":["Eviscerate+1","Venomology+1"],"picked":"Footwork","floor":13.0},{"not_picked":["Masterful Stab+1","Flying Knee+1"],"picked":"Dodge and Roll+1","floor":14.0}],"player_experience":1640263,"relics_obtained":[{"floor":7.0,"key":"Ice Cream"},{"floor":9.0,"key":"Molten Egg 2"},{"floor":10.0,"key":"Pen Nib"}],"event_choices":[{"damage_healed":0.0,"max_hp_gain":0.0,"max_hp_loss":0.0,"gold_gain":75.0,"event_name":"World of Goop","player_choice":"Gather Gold","floor":2.0,"gold_loss":0.0,"damage_taken":11.0},{"damage_healed":0.0,"max_hp_gain":0.0,"max_hp_loss":0.0,"gold_gain":150.0,"event_name":"Liars Game","player_choice":"AGREE","floor":4.0,"gold_loss":0.0,"damage_taken":0.0,"cards_obtained":["Doubt"]}],"is_beta":false,"boss_relics":[],"items_purged_floors":[],"is_endless":false,"potions_floor_spawned":[8,14],"killed_by":"Slime Boss","ascension_level":20}}