{"host":"51fyd6gkml7xavq8","time":1610600565,"event":{"mods":["BaseMod","BetterRewards","Colored Map","Energized Spire","Infinite Spire","Minty Spire (QoL Compilation)","Replay The Spire","Shop Mod","Spicy Shops","StSLib","The Blue Laboratory","[IsaacMod]????"],"gold_per_floor":[120,134,134,173,193,193,240,240,264,337,337,33,58,100,100,149,149],"floor_reached":16,"language":"ENG","playtime":1106,"items_purged":["Bash","Regret","Injury"],"score":120,"play_id":"85c5ccfa-66cf-4819-951a-a8d55dd661ca","local_time":"20210114020245","is_ascension_mode":true,"campfire_choices":[{"data":"BettingIsNotGood","floor":6.0,"key":"SMITH"},{"data":"Metallicize","floor":8.0,"key":"SMITH"},{"floor":15.0,"key":"REST"}],"circlet_count":0,"master_deck":["Strike_R","Strike_R","Strike_R","Strike_R","Strike_R","Defend_R+1","Defend_R","Defend_R","Defend_R+1","BettingIsNotGood+1","Metallicize+1","Berserk+1"],"relics":["Burning Blood","HushsDoor","PillsDrop","Golden Egg","infinitespire:Midas Blood","UnicornStump","Golden Idol","MerchantsRug"],"acts_visited":["Exordium"],"potions_floor_usage":[],"damage_taken":[{"damage":19.0,"enemies":"Jaw Worm","floor":1.0,"turns":6.0},{"damage":3.0,"enemies":"Small Slimes","floor":2.0,"turns":3.0},{"damage":5.0,"enemies":"2 Louse","floor":4.0,"turns":5.0},{"damage":25.0,"enemies":"Red Slaver","floor":5.0,"turns":6.0},{"damage":3.0,"enemies":"Exordium Wildlife","floor":7.0,"turns":2.0},{"damage":16.0,"enemies":"Blue Slaver","floor":10.0,"turns":5.0},{"damage":1.0,"enemies":"Exordium Thugs","floor":13.0,"turns":3.0},{"damage":10.0,"enemies":"3 Louse","floor":14.0,"turns":7.0},{"damage":86,"enemies":"The Guardian","floor":16,"turns":18}],"seed_played":"4001916560892313384","potions_obtained":[{"floor":4.0,"key":"SpeedPotion"},{"floor":5.0,"key":"Fire Potion"},{"floor":13.0,"key":"SpeedPotion"}],"is_trial":false,"path_per_floor":["M","M","?","M","M","R","M","R","T","M","?","$","M","M","R","B"],"character_chosen":"IRONCLAD","items_purchased":["Golden Egg","infinitespire:Midas Blood","UnicornStump","MerchantsRug"],"campfire_rested":1,"item_purchase_floors":[0,0,0,12],"current_hp_per_floor":[31,34,34,35,19,19,22,22,22,12,12,12,17,23,44,0,0],"gold":149,"neow_bonus":"","is_daily":false,"chose_seed":false,"campfire_upgraded":2,"win_rate":0.0,"timestamp":1610600565,"path_taken":["M","M","?","M","M","R","M","R","T","M","?","$","M","M","R","BOSS"],"items_purchased_type":["Relic","Relic","Relic","Relic"],"build_version":"2020-12-22","purchased_purges":3,"victory":false,"max_hp_per_floor":[80,80,80,80,83,83,78,78,78,78,78,78,78,73,73,73,73],"card_choices":[{"not_picked":[],"picked":"BettingIsNotGood","floor":0.0},{"not_picked":["Run Through","Bomb"],"picked":"Metallicize","floor":1.0},{"not_picked":["Sword Boomerang","Spot Weakness"],"picked":"Berserk","floor":2.0},{"not_picked":["Dropkick","Shrug It Off","Run Through"],"picked":"SKIP","floor":4.0},{"not_picked":["Pommel Strike","Clothesline"],"picked":"Bomb","floor":5.0},{"not_picked":["Twin Strike","Pommel Strike","Shrug It Off"],"picked":"SKIP","floor":7.0},{"not_picked":["Perfected Strike","Cleave","Iron Wave"],"picked":"SKIP","floor":10.0},{"not_picked":["Dark Embrace","Burning Pact","Perfected Strike"],"picked":"SKIP","floor":13.0},{"not_picked":["Heavy Blade","Iron Wave","Shrug It Off"],"picked":"SKIP","floor":14.0}],"player_experience":500324,"relics_obtained":[{"floor":9.0,"key":"War Paint"}],"event_choices":[{"damage_healed":0.0,"max_hp_gain":0.0,"max_hp_loss":0.0,"gold_gain":0.0,"event_name":"Big Fish","player_choice":"Box","floor":3.0,"gold_loss":0.0,"damage_taken":0.0,"relics_obtained":["Pet Ghost"],"cards_obtained":["Regret"]},{"damage_healed":0.0,"max_hp_gain":0.0,"max_hp_loss":0.0,"gold_gain":0.0,"event_name":"Golden Idol","player_choice":"Take Wound","floor":11.0,"gold_loss":0.0,"damage_taken":0.0,"relics_obtained":["Golden Idol"],"cards_obtained":["Injury"]}],"is_beta":false,"boss_relics":[],"items_purged_floors":[0,12,12],"is_endless":false,"potions_floor_spawned":[4,5,13],"killed_by":"The Guardian","ascension_level":5}}