{"host":"2qv44oxt58ptq59r","time":1610638809,"event":{"mods":["AchievementEnabler","BaseMod","Colored Powertips","Highlight Path","Minty Spire (QoL Compilation)","Permanent Neow","StSLib"],"gold_per_floor":[117,117,133,144,155,155,155,187,187,199,9,9,29,40,40,40,40],"floor_reached":16,"language":"ENG","playtime":1215,"items_purged":[],"score":102,"play_id":"d3622350-1161-48dc-85ed-c0d22d491de1","local_time":"20210114154009","is_ascension_mode":false,"campfire_choices":[{"data":"Intimidate","floor":6.0,"key":"SMITH"},{"floor":12.0,"key":"RECALL"},{"data":"Feed","floor":15,"key":"SMITH"}],"circlet_count":0,"master_deck":["Strike_R","Strike_R","Strike_R+1","Strike_R+1","Defend_R","Defend_R","Defend_R","Defend_R","Bash+1","Intimidate+1","Feed+1"],"relics":["Burning Blood","Unceasing Top","Matryoshka","MawBank","Pear","Potion Belt"],"acts_visited":["Exordium"],"potions_floor_usage":[],"damage_taken":[{"damage":6.0,"enemies":"Cultist","floor":1.0,"turns":4.0},{"damage":5.0,"enemies":"Small Slimes","floor":3.0,"turns":3.0},{"damage":1.0,"enemies":"2 Louse","floor":4.0,"turns":3.0},{"damage":11.0,"enemies":"Exordium Wildlife","floor":5.0,"turns":8.0},{"damage":10.0,"enemies":"Gremlin Nob","floor":8.0,"turns":3.0},{"damage":0.0,"enemies":"Blue Slaver","floor":13.0,"turns":4.0},{"damage":2,"enemies":"Looter","floor":14,"turns":5},{"damage":67,"enemies":"Slime Boss","floor":16,"turns":11}],"seed_played":"-2042651252486393147","potions_obtained":[{"floor":5.0,"key":"SkillPotion"}],"is_trial":false,"path_per_floor":["M","?","M","M","M","R","?","E","T","?","$","R","M","M","R","B"],"character_chosen":"IRONCLAD","items_purchased":["Potion Belt","AttackPotion"],"campfire_rested":0,"item_purchase_floors":[11,11],"current_hp_per_floor":[80,64,65,70,65,65,47,43,53,53,53,53,59,63,63,0,0],"gold":40,"neow_bonus":"UPGRADE_CARD","is_daily":false,"chose_seed":false,"campfire_upgraded":2,"win_rate":0.0,"timestamp":1610638809,"path_taken":["M","?","M","M","M","R","?","E","T","?","$","R","M","M","R","BOSS"],"items_purchased_type":["Relic","Potion"],"build_version":"2020-12-22","purchased_purges":0,"victory":false,"max_hp_per_floor":[80,80,80,80,80,80,80,80,90,90,90,90,90,90,90,90,90],"card_choices":[{"not_picked":["Perfected Strike","Thunderclap","Sentinel"],"picked":"SKIP","floor":1.0},{"not_picked":["Sever Soul","Flex","Ghostly Armor"],"picked":"SKIP","floor":3.0},{"not_picked":["Heavy Blade","Anger"],"picked":"Intimidate","floor":4.0},{"not_picked":["Perfected Strike","Body Slam","Thunderclap"],"picked":"SKIP","floor":5.0},{"not_picked":["Thunderclap","Clash","Wild Strike"],"picked":"SKIP","floor":8.0},{"not_picked":["Shockwave","Flame Barrier"],"picked":"Feed","floor":13.0},{"not_picked":["Warcry","Blood for Blood","Wild Strike"],"picked":"SKIP","floor":14}],"player_experience":5331182,"relics_obtained":[{"floor":8.0,"key":"Matryoshka"},{"floor":9.0,"key":"MawBank"},{"floor":9.0,"key":"Pear"}],"event_choices":[{"damage_healed":0.0,"max_hp_gain":0.0,"max_hp_loss":0.0,"gold_gain":0.0,"event_name":"Shining Light","player_choice":"Entered Light","floor":2.0,"gold_loss":0.0,"damage_taken":16.0,"cards_upgraded":["Strike_R","Strike_R"]},{"damage_healed":0.0,"max_hp_gain":0.0,"max_hp_loss":0.0,"gold_gain":0.0,"event_name":"Scrap Ooze","player_choice":"Success","floor":7.0,"gold_loss":0.0,"damage_taken":18.0,"relics_obtained":["Unceasing Top"]},{"cards_removed":["Strike_R"],"damage_healed":0.0,"max_hp_gain":0.0,"max_hp_loss":0.0,"gold_gain":0.0,"event_name":"Wheel of Change","player_choice":"Card Removal","floor":10.0,"gold_loss":0.0,"damage_taken":0.0}],"is_beta":false,"boss_relics":[],"items_purged_floors":[],"is_endless":false,"potions_floor_spawned":[5],"killed_by":"Slime Boss","ascension_level":0}}