{"host":"2ikxgthhm1pqb5gz","time":1610624894,"event":{"mods":["BaseMod","Colored Map","Minty Spire (QoL Compilation)","StSLib","SuperFastMode","slay the spire mod where everything is the same but ironclad has a cowboy hat"],"gold_per_floor":[12,31,81,145,1,1,26,26,26,57,107,157,102,142,142,225,225,239,289,264,73,86,128,159,193,216,254,277,327,73,123,123,207,207,218,180,200,259,362,412,439,439,439,489,527,577,613,633,633,633,633,633,633,94,131,131],"floor_reached":57,"language":"KOR","playtime":2392,"items_purged":["Strike_B","Strike_B","Defend_B","Defend_B","Streamline"],"score":3231,"play_id":"5d3f39b8-ea6a-4d75-adb6-3091305b107b","local_time":"20210114204814","is_ascension_mode":true,"campfire_choices":[{"data":"Apotheosis","floor":6.0,"key":"SMITH"},{"floor":8.0,"key":"RECALL"},{"data":"Reboot","floor":15.0,"key":"SMITH"},{"floor":32.0,"key":"DIG"},{"floor":42.0,"key":"DIG"},{"floor":49,"key":"DIG"},{"floor":53,"key":"DIG"}],"circlet_count":0,"master_deck":["AscendersBane","Defend_B","Zap+1","Dualcast","Glacier","Auto Shields","Storm","Apotheosis+1","Hologram","Reboot+1","Go for the Eyes+1","Creative AI+1","Defragment","Echo Form","Coolheaded+1","Double Energy","Thunder Strike+1","Coolheaded","Amplify","Heatsinks","Sunder+1","Dark Shackles","Heatsinks","Electrodynamics+1","Turbo"],"relics":["Cracked Core","Membership Card","The Courier","SsserpentHead","Omamori","Turnip","PreservedInsect","CeramicFish","Molten Egg 2","Juzu Bracelet","Sundial","Ginger","StoneCalendar","HornCleat","WingedGreaves","Strawberry","TungstenRod","Darkstone Periapt","SacredBark","Pocketwatch","Potion Belt","White Beast Statue","MealTicket","Happy Flower","Centennial Puzzle","Gremlin Horn","Shovel","Pear","Necronomicon","Bird Faced Urn","Inserter","Runic Capacitor","Bag of Preparation","Bottled Tornado","Cables","Lizard Tail","Toy Ornithopter","Bag of Marbles","Dream Catcher","Anchor","Frozen Egg 2","Mummified Hand","Kunai","OrangePellets","Bottled Lightning","Ornamental Fan","Akabeko","Vajra","Letter Opener","Bronze Scales","Eternal Feather","Symbiotic Virus"],"acts_visited":["Exordium","TheCity","TheBeyond","TheEnding"],"potions_floor_usage":[47,56,56,56],"damage_taken":[{"damage":1.0,"enemies":"Cultist","floor":1.0,"turns":3.0},{"damage":0.0,"enemies":"Small Slimes","floor":2.0,"turns":4.0},{"damage":7.0,"enemies":"Jaw Worm","floor":4.0,"turns":3.0},{"damage":2.0,"enemies":"Lagavulin","floor":7.0,"turns":5.0},{"damage":40.0,"enemies":"Gremlin Nob","floor":10.0,"turns":4.0},{"damage":0.0,"enemies":"Lagavulin","floor":14.0,"turns":6.0},{"damage":0.0,"enemies":"Slime Boss","floor":16.0,"turns":3.0},{"damage":0.0,"enemies":"Spheric Guardian","floor":18.0,"turns":3.0},{"damage":0.0,"enemies":"Chosen","floor":22.0,"turns":5.0},{"damage":21.0,"enemies":"Gremlin Leader","floor":23.0,"turns":4.0},{"damage":17.0,"enemies":"Book of Stabbing","floor":24.0,"turns":4.0},{"damage":3.0,"enemies":"Gremlin Leader","floor":25.0,"turns":5.0},{"damage":1.0,"enemies":"Book of Stabbing","floor":27.0,"turns":6.0},{"damage":3.0,"enemies":"Snake Plant","floor":28.0,"turns":5.0},{"damage":8.0,"enemies":"Automaton","floor":33.0,"turns":5.0},{"damage":1.0,"enemies":"Orb Walker","floor":35.0,"turns":3.0},{"damage":9.0,"enemies":"3 Darklings","floor":37.0,"turns":6.0},{"damage":46.0,"enemies":"2 Orb Walkers","floor":39.0,"turns":4.0},{"damage":0.0,"enemies":"Reptomancer","floor":41.0,"turns":1.0},{"damage":16.0,"enemies":"Nemesis","floor":45.0,"turns":4.0},{"damage":4,"enemies":"Reptomancer","floor":47,"turns":2},{"damage":28,"enemies":"Spire Growth","floor":48,"turns":4},{"damage":49,"enemies":"Time Eater","floor":50,"turns":6},{"damage":21,"enemies":"Donu and Deca","floor":51,"turns":4},{"damage":17,"enemies":"Shield and Spear","floor":55,"turns":3},{"damage":20,"enemies":"The Heart","floor":56,"turns":5}],"seed_played":"-1375040800050394640","potions_obtained":[{"floor":1.0,"key":"Dexterity Potion"},{"floor":2.0,"key":"Weak Potion"},{"floor":16.0,"key":"LiquidBronze"},{"floor":22.0,"key":"Swift Potion"},{"floor":23.0,"key":"Dexterity Potion"},{"floor":24.0,"key":"ColorlessPotion"},{"floor":25.0,"key":"SkillPotion"},{"floor":27.0,"key":"Weak Potion"},{"floor":28.0,"key":"SkillPotion"},{"floor":33.0,"key":"PotionOfCapacity"},{"floor":35.0,"key":"BlessingOfTheForge"},{"floor":39.0,"key":"FocusPotion"},{"floor":47,"key":"Dexterity Potion"},{"floor":55,"key":"EssenceOfSteel"}],"is_trial":false,"path_per_floor":["M","M","T","M","$","R","E","R","T","E","?","?","$","E","R","B",null,"M","?","?","$","M","E","E","E","T","E","M","?","$","?","R","B",null,"M","$","M","?","?","?","E","R","T","?","E","?","E","M","R","B","B",null,"R","$","E","B",null],"character_chosen":"DEFECT","items_purchased":["Storm","Apotheosis","PreservedInsect","Hologram","Reboot","Ginger","StoneCalendar","HornCleat","WingedGreaves","Strawberry","TungstenRod","White Beast Statue","Defragment","Shovel","Pear","Coolheaded","Runic Capacitor","Bag of Preparation","Bottled Tornado","Cables","Heatsinks","OrangePellets","Bottled Lightning","Ornamental Fan","Akabeko","Vajra","Letter Opener","Bronze Scales","Eternal Feather"],"campfire_rested":0,"item_purchase_floors":[5,5,5,5,13,13,13,13,13,13,13,21,21,30,30,30,36,36,36,36,36,54,54,54,54,54,54,54,54],"current_hp_per_floor":[63,63,63,56,56,56,54,54,54,14,14,3,10,10,10,10,61,61,61,61,61,61,40,23,20,20,19,16,32,57,40,40,46,78,83,88,88,79,35,35,35,35,35,72,56,56,63,48,48,19,26,61,61,72,69,68],"gold":131,"neow_bonus":"TRANSFORM_TWO_CARDS","is_daily":false,"chose_seed":false,"campfire_upgraded":2,"win_rate":0.0,"timestamp":1610624894,"path_taken":["M","M","?","?","?","R","E","R","T","E","?","?","$","E","R","BOSS","M","?","?","$","M","E","E","E","T","E","M","?","?","?","R","BOSS","M","$","M","?","?","?","E","R","T","?","E","?","E","M","R","BOSS","BOSS","R","$","E","BOSS"],"items_purchased_type":["Card","Card","Relic","Card","Card","Relic","Relic","Relic","Relic","Relic","Relic","Relic","Card","Relic","Relic","Card","Relic","Relic","Relic","Relic","Card","Relic","Relic","Relic","Relic","Relic","Relic","Relic","Relic"],"build_version":"2020-12-22","purchased_purges":5,"victory":true,"max_hp_per_floor":[71,71,71,71,71,71,71,71,71,71,71,71,78,78,78,78,78,78,78,78,78,78,78,78,78,78,78,78,78,88,88,88,88,88,88,88,88,88,88,88,88,88,88,72,72,72,72,72,72,72,72,72,72,72,72,72],"card_choices":[{"not_picked":["Compile Driver","Redo"],"picked":"Auto Shields","floor":1.0},{"not_picked":["Sweeping Beam","FTL"],"picked":"Ball Lightning","floor":2.0},{"not_picked":["Redo","Streamline","Auto Shields"],"picked":"SKIP","floor":4.0},{"not_picked":["Hello World","Redo","Blizzard"],"picked":"SKIP","floor":7.0},{"not_picked":["Turbo","Steam","Stack"],"picked":"SKIP","floor":10.0},{"not_picked":["Hyperbeam+1","Turbo"],"picked":"Go for the Eyes+1","floor":14.0},{"not_picked":["Amplify","Reboot"],"picked":"Creative AI","floor":16.0},{"not_picked":["Rebound+1","Go for the Eyes+1","Sweeping Beam+1"],"picked":"SKIP","floor":18.0},{"not_picked":["Steam+1","Go for the Eyes+1","Cold Snap+1"],"picked":"SKIP","floor":22.0},{"not_picked":["Genetic Algorithm+1","Rip and Tear+1"],"picked":"Echo Form","floor":23.0},{"not_picked":["Hologram","Reinforced Body","Beam Cell+1"],"picked":"SKIP","floor":24.0},{"not_picked":["Hologram","Consume"],"picked":"Coolheaded+1","floor":25.0},{"not_picked":["Static Discharge","Doom and Gloom+1"],"picked":"Double Energy","floor":27.0},{"not_picked":["Streamline+1","Conserve Battery"],"picked":"Thunder Strike+1","floor":28.0},{"not_picked":["Thunder Strike+1","Reboot"],"picked":"Amplify","floor":33.0},{"not_picked":["Go for the Eyes+1","Sweeping Beam+1","Leap"],"picked":"SKIP","floor":35.0},{"not_picked":["Stack","Turbo"],"picked":"Sunder+1","floor":37.0},{"not_picked":["Flash of Steel+1","Madness"],"picked":"Dark Shackles","floor":38.0},{"not_picked":["Hello World","Coolheaded","Melter+1"],"picked":"SKIP","floor":41.0},{"not_picked":["Darkness","Coolheaded+1"],"picked":"Heatsinks","floor":45.0},{"not_picked":["White Noise","Cold Snap+1"],"picked":"Electrodynamics+1","floor":47},{"not_picked":["Conserve Battery","Rebound+1","Gash+1"],"picked":"SKIP","floor":48},{"not_picked":["Gash+1","Leap"],"picked":"Turbo","floor":55}],"player_experience":917693,"relics_obtained":[{"floor":3.0,"key":"Turnip"},{"floor":7.0,"key":"CeramicFish"},{"floor":9.0,"key":"Molten Egg 2"},{"floor":10.0,"key":"Juzu Bracelet"},{"floor":14.0,"key":"Darkstone Periapt"},{"floor":23.0,"key":"MealTicket"},{"floor":24.0,"key":"Happy Flower"},{"floor":25.0,"key":"Centennial Puzzle"},{"floor":27.0,"key":"Gremlin Horn"},{"floor":31.0,"key":"Necronomicon"},{"floor":32.0,"key":"Bird Faced Urn"},{"floor":39.0,"key":"Lizard Tail"},{"floor":41.0,"key":"Toy Ornithopter"},{"floor":42.0,"key":"Bag of Marbles"},{"floor":43.0,"key":"Dream Catcher"},{"floor":45.0,"key":"Anchor"},{"floor":47,"key":"Frozen Egg 2"},{"floor":49,"key":"Mummified Hand"},{"floor":53,"key":"Kunai"},{"floor":55,"key":"Symbiotic Virus"}],"event_choices":[{"damage_healed":0.0,"max_hp_gain":0.0,"max_hp_loss":0.0,"gold_gain":0.0,"event_name":"Upgrade Shrine","player_choice":"Upgraded","floor":11.0,"gold_loss":0.0,"damage_taken":0.0,"cards_upgraded":["Zap"]},{"damage_healed":0.0,"max_hp_gain":0.0,"max_hp_loss":0.0,"gold_gain":0.0,"event_name":"Scrap Ooze","player_choice":"Success","floor":12.0,"gold_loss":0.0,"damage_taken":11.0,"relics_obtained":["Sundial"]},{"damage_healed":0.0,"max_hp_gain":0.0,"max_hp_loss":0.0,"gold_gain":0.0,"event_name":"Accursed Blacksmith","player_choice":"Forge","floor":19.0,"gold_loss":0.0,"damage_taken":0.0,"cards_upgraded":["Creative AI"]},{"cards_removed":["Strike_B"],"damage_healed":0.0,"max_hp_gain":0.0,"max_hp_loss":0.0,"gold_gain":0.0,"event_name":"Beggar","player_choice":"Gave Gold","floor":20.0,"gold_loss":75.0,"damage_taken":0.0},{"damage_healed":16.0,"max_hp_gain":0.0,"max_hp_loss":0.0,"gold_gain":0.0,"event_name":"The Library","player_choice":"Heal","floor":29.0,"gold_loss":0.0,"damage_taken":0.0},{"damage_healed":0.0,"max_hp_gain":0.0,"max_hp_loss":0.0,"gold_gain":0.0,"event_name":"Cursed Tome","player_choice":"Obtained Book","floor":31.0,"gold_loss":0.0,"damage_taken":21.0},{"damage_healed":0.0,"max_hp_gain":0.0,"max_hp_loss":0.0,"gold_gain":0.0,"event_name":"SensoryStone","player_choice":"Memory 3","floor":38.0,"gold_loss":0.0,"damage_taken":10.0},{"damage_healed":0.0,"max_hp_gain":0.0,"max_hp_loss":0.0,"gold_gain":0.0,"event_name":"Mysterious Sphere","player_choice":"Fight","floor":39.0,"gold_loss":0.0,"damage_taken":0.0},{"cards_removed":["Ball Lightning"],"damage_healed":0.0,"max_hp_gain":0.0,"max_hp_loss":0.0,"gold_gain":0.0,"event_name":"Falling","player_choice":"Removed Attack","floor":40.0,"gold_loss":0.0,"damage_taken":0.0},{"damage_healed":72.0,"max_hp_gain":0.0,"max_hp_loss":16.0,"gold_gain":0.0,"event_name":"The Moai Head","player_choice":"Heal","floor":44.0,"gold_loss":0.0,"damage_taken":0.0},{"damage_healed":0.0,"max_hp_gain":0.0,"max_hp_loss":0.0,"gold_gain":0.0,"event_name":"Tomb of Lord Red Mask","player_choice":"Ignored","floor":46.0,"gold_loss":0.0,"damage_taken":0.0}],"is_beta":false,"boss_relics":[{"not_picked":["Velvet Choker","Runic Pyramid"],"picked":"SacredBark"},{"not_picked":["Nuclear Battery","Empty Cage"],"picked":"Inserter"}],"items_purged_floors":[13,21,30,36,54],"is_endless":false,"potions_floor_spawned":[1,2,16,22,23,24,25,27,28,33,35,37,39,41,45,47,48,55],"ascension_level":20}}