{"host":"j9ki0s1dicmcfq9y","time":1610590383,"event":{"mods":["BaseMod","Minty Spire (QoL Compilation)","Prisma Mod","StSLib"],"gold_per_floor":[369,23,35,35,35,68,78,78,78,78,95,115,128,143,143,243,243,261,112,162,173,183,218,218,244,315,333,333,24,24,36,36,135,135,151,161,161,14,27,47,47,78,78,16,36,36,86,96,96,96,96,96,43,69,69,69],"floor_reached":55,"language":"ENG","playtime":5966,"items_purged":[],"score":791,"play_id":"dcfcebb0-d658-4ee0-bbb4-dc2a5d24d4ac","local_time":"20210113211303","is_ascension_mode":false,"campfire_choices":[{"data":"PrismaMod:IllyaUncommonDefend","floor":8,"key":"SMITH"},{"data":"PrismaMod:IllyaCheapChannelDefend","floor":15,"key":"SMITH"},{"floor":24,"key":"RECALL"},{"data":"PrismaMod:IllyaPoisoningPhantasm","floor":30,"key":"SMITH"},{"data":"PrismaMod:IllyaRubysPotion","floor":32,"key":"SMITH"},{"data":"PrismaMod:IllyaBoysLove","floor":41,"key":"SMITH"},{"data":"Panache","floor":46,"key":"SMITH"},{"floor":49,"key":"REST"},{"data":"PrismaMod:IllyaStunPoison","floor":52,"key":"SMITH"}],"circlet_count":0,"master_deck":["PrismaMod:IllyaCommonAttack","PrismaMod:IllyaCommonDefend","PrismaMod:IllyaCommonAttack","PrismaMod:IllyaCommonDefend","PrismaMod:IllyaCommonAttack","PrismaMod:IllyaCommonDefend","PrismaMod:IllyaCommonAttack","PrismaMod:IllyaCommonDefend","PrismaMod:IllyaCommonAttack","PrismaMod:IllyaCommonDefend","PrismaMod:IllyaUncommonAttack","PrismaMod:IllyaUncommonDefend+1","PrismaMod:IllyaPoisonTippedWeapons","PrismaMod:IllyaStunPoison+1","PrismaMod:IllyaRubysPotion+1","PrismaMod:IllyaCheapChannelDefend+1","PrismaMod:IllyaFeed","PrismaMod:IllyaDevil","PrismaMod:IllyaBoysLove+1","PrismaMod:IllyaGun+1","PrismaMod:IllyaGun+1","PrismaMod:IllyaUncommonDefend+1","Panache+1","PrismaMod:IllyaBlindPoisonToss+1","PrismaMod:IllyaPoisoningPhantasm+1","PrismaMod:IllyaAOECommonAttack+1","PrismaMod:IllyaCarnivalDefend+1","PrismaMod:IllyaPoisonBomb+1","PrismaMod:IllyaRubysPotion+1","PrismaMod:IllyaUncommonAOEAttack","PrismaMod:IllyaBlindPoisonToss+1","PrismaMod:IllyaUberDefendChannel+1"],"relics":["PrismaMod:PrismaZwei","Ice Cream","MealTicket","Ornamental Fan","Gremlin Horn","Sozu","Vajra","Potion Belt","Bag of Preparation","Toxic Egg 2","Strawberry","Eternal Feather","Turnip","Gambling Chip","Lantern"],"acts_visited":["Exordium","TheCity","TheBeyond","TheEnding"],"potions_floor_usage":[16,16,16],"damage_taken":[{"damage":0,"enemies":"Cultist","floor":1,"turns":3},{"damage":0,"enemies":"Small Slimes","floor":3,"turns":3},{"damage":41,"enemies":"Lagavulin","floor":6,"turns":11},{"damage":0,"enemies":"2 Louse","floor":7,"turns":2},{"damage":8,"enemies":"Exordium Thugs","floor":11,"turns":5},{"damage":0,"enemies":"2 Fungi Beasts","floor":12,"turns":4},{"damage":0,"enemies":"Blue Slaver","floor":13,"turns":5},{"damage":0,"enemies":"Lots of Slimes","floor":14,"turns":4},{"damage":0,"enemies":"Slime Boss","floor":16,"turns":4},{"damage":0,"enemies":"Chosen","floor":18,"turns":5},{"damage":8,"enemies":"2 Thieves","floor":21,"turns":4},{"damage":13,"enemies":"Centurion and Healer","floor":22,"turns":7},{"damage":15,"enemies":"Book of Stabbing","floor":23,"turns":5},{"damage":0,"enemies":"Gremlin Leader","floor":25,"turns":7},{"damage":8,"enemies":"3 Cultists","floor":27,"turns":5},{"damage":5,"enemies":"Snecko","floor":31,"turns":4},{"damage":65,"enemies":"Collector","floor":33,"turns":9},{"damage":8,"enemies":"3 Darklings","floor":35,"turns":6},{"damage":13,"enemies":"3 Shapes","floor":36,"turns":4},{"damage":35,"enemies":"3 Darklings","floor":39,"turns":4},{"damage":17,"enemies":"Sphere and 2 Shapes","floor":40,"turns":5},{"damage":24,"enemies":"Nemesis","floor":42,"turns":7},{"damage":23,"enemies":"Writhing Mass","floor":45,"turns":6},{"damage":40,"enemies":"2 Orb Walkers","floor":47,"turns":5},{"damage":0,"enemies":"4 Shapes","floor":48,"turns":3},{"damage":49,"enemies":"Donu and Deca","floor":50,"turns":9},{"damage":30,"enemies":"Shield and Spear","floor":54,"turns":8},{"damage":77,"enemies":"The Heart","floor":55,"turns":9}],"seed_played":"1603095800496621385","potions_obtained":[{"floor":7,"key":"SteroidPotion"},{"floor":11,"key":"BlessingOfTheForge"},{"floor":13,"key":"AttackPotion"}],"is_trial":false,"path_per_floor":["M","$","M","?","?","E","M","R","T","?","M","M","M","M","R","B",null,"M","$","?","M","M","E","R","E","T","M","?","$","R","M","R","B",null,"M","M","?","$","M","M","R","E","T","?","M","R","?","M","R","B",null,"R","$","E","B"],"character_chosen":"ILLYA","items_purchased":["Ice Cream","PrismaMod:IllyaStunPoison","Vajra","Panache","PrismaMod:IllyaBlindPoisonToss+1","PrismaMod:IllyaPoisoningPhantasm","Strawberry","PrismaMod:IllyaBlindPoisonToss+1"],"campfire_rested":1,"item_purchase_floors":[2,2,19,29,29,29,38,53],"current_hp_per_floor":[68,68,68,68,68,32,37,37,37,37,34,39,44,44,44,49,68,68,68,68,65,62,55,55,60,60,57,51,66,66,61,61,16,68,65,61,61,75,53,46,46,47,47,47,34,49,27,32,72,43,75,75,75,50,0,0],"gold":69,"neow_bonus":"TWO_FIFTY_GOLD","is_daily":false,"chose_seed":false,"campfire_upgraded":7,"win_rate":0.0,"timestamp":1610590383,"path_taken":["M","$","?","?","?","E","M","R","T","?","M","?","M","M","R","BOSS","M","$","?","?","M","E","R","E","T","M","?","?","R","M","R","BOSS","M","M","?","$","?","M","R","E","T","?","?","R","?","M","R","BOSS","R","$","E","BOSS"],"items_purchased_type":["Relic","Card","Relic","Card","Card","Card","Relic","Card"],"build_version":"2020-12-22","purchased_purges":0,"victory":false,"max_hp_per_floor":[68,68,68,68,68,68,68,68,68,68,68,68,68,68,68,68,68,68,68,68,68,68,68,68,68,68,68,68,68,68,68,68,68,68,68,68,68,75,75,75,75,75,75,75,75,75,75,75,75,75,75,75,75,75,75,75],"card_choices":[{"not_picked":["PrismaMod:IllyaGrailKun","PrismaMod:IllyaGun"],"picked":"PrismaMod:IllyaPoisonTippedWeapons","floor":1},{"not_picked":["PrismaMod:IllyaCheapChannelDefend","PrismaMod:IllyaUncommonEvoke"],"picked":"PrismaMod:IllyaRubysPotion","floor":3},{"not_picked":["PrismaMod:IllyaFriendMaker","PrismaMod:IllyaDetonatingBlow","PrismaMod:IllyaUpgradeOrbs"],"picked":"SKIP","floor":6},{"not_picked":["PrismaMod:IllyaCheapChannelAttack","PrismaMod:IllyaZwei","PrismaMod:IllyaAlice"],"picked":"SKIP","floor":7},{"not_picked":["PrismaMod:IllyaUncommonEvoke","PrismaMod:IllyaPoisonTippedWeapons","PrismaMod:IllyaCommonEvoke"],"picked":"SKIP","floor":11},{"not_picked":["PrismaMod:IllyaUberPoisonBlock","PrismaMod:IllyaMaid"],"picked":"PrismaMod:IllyaCheapChannelDefend","floor":12},{"not_picked":["PrismaMod:IllyaRubysPotion","PrismaMod:IllyaBerserCAR"],"picked":"PrismaMod:IllyaFeed","floor":13},{"not_picked":["PrismaMod:IllyaBride","PrismaMod:IllyaMinorReinForce"],"picked":"PrismaMod:IllyaDevil","floor":14},{"not_picked":["PrismaMod:IllyaReinForce","PrismaMod:IllyaUberPoisonBlock+1","PrismaMod:IllyaCheapChannelDefend"],"picked":"SKIP","floor":18},{"not_picked":["PrismaMod:IllyaUncommonEvoke","PrismaMod:IllyaMaid"],"picked":"PrismaMod:IllyaBoysLove","floor":21},{"not_picked":["PrismaMod:IllyaPartialInstallAssassin","PrismaMod:IllyaReinForce","PrismaMod:IllyaDualEvoke"],"picked":"SKIP","floor":22},{"not_picked":["PrismaMod:IllyaPoisonTippedWeapons","PrismaMod:IllyaGrailKun"],"picked":"PrismaMod:IllyaGun+1","floor":23},{"not_picked":["PrismaMod:IllyaBerserCAR","PrismaMod:IllyaHassanGift+1"],"picked":"PrismaMod:IllyaGun+1","floor":25},{"not_picked":["PrismaMod:IllyaTestament","PrismaMod:IllyaFeed"],"picked":"PrismaMod:IllyaUncommonDefend+1","floor":27},{"not_picked":["PrismaMod:IllyaStunPoison","PrismaMod:IllyaCheapChannelAttack+1"],"picked":"PrismaMod:IllyaAOECommonAttack+1","floor":31},{"not_picked":["PrismaMod:IllyaCarnivalAttack","PrismaMod:IllyaInstallRider"],"picked":"PrismaMod:IllyaCarnivalDefend+1","floor":33},{"not_picked":["PrismaMod:IllyaPoisonTippedWeapons","PrismaMod:IllyaUberPoisonBlock+1","PrismaMod:IllyaDualEvoke"],"picked":"SKIP","floor":35},{"not_picked":["PrismaMod:IllyaCommandSeal+1","PrismaMod:IllyaGrail+1"],"picked":"PrismaMod:IllyaPoisonBomb+1","floor":36},{"not_picked":["PrismaMod:IllyaSaphire+1","PrismaMod:IllyaAssassinRevenge+1"],"picked":"PrismaMod:IllyaRubysPotion+1","floor":39},{"not_picked":["PrismaMod:IllyaGun+1","PrismaMod:IllyaCheapChannelAttack+1","PrismaMod:IllyaBride+1"],"picked":"SKIP","floor":40},{"not_picked":["PrismaMod:IllyaPoisoningPhantasm+1","PrismaMod:IllyaAssassinRevenge+1","PrismaMod:IllyaDualEvoke+1"],"picked":"SKIP","floor":42},{"not_picked":["PrismaMod:IllyaPartialInstallAssassin+1","PrismaMod:IllyaUpgradeOrbs+1","PrismaMod:IllyaAlice+1"],"picked":"SKIP","floor":45},{"not_picked":["PrismaMod:IllyaGun","PrismaMod:IllyaCheapDefend+1"],"picked":"PrismaMod:IllyaUncommonAOEAttack","floor":48},{"not_picked":["PrismaMod:IllyaMinorRapidFire+1","PrismaMod:IllyaPoisoningPhantasm+1"],"picked":"PrismaMod:IllyaUberDefendChannel+1","floor":54}],"player_experience":651842,"relics_obtained":[{"floor":6,"key":"Ornamental Fan"},{"floor":9,"key":"Gremlin Horn"},{"floor":23,"key":"Potion Belt"},{"floor":25,"key":"Bag of Preparation"},{"floor":26,"key":"Toxic Egg 2"},{"floor":42,"key":"Eternal Feather"},{"floor":47,"key":"Gambling Chip"},{"floor":54,"key":"Lantern"}],"event_choices":[{"damage_healed":0,"gold_gain":0,"player_choice":"Leave","damage_taken":0,"max_hp_gain":0,"max_hp_loss":0,"event_name":"The Cleric","floor":4,"gold_loss":0},{"damage_healed":0,"gold_gain":0,"player_choice":"Box","damage_taken":0,"relics_obtained":["MealTicket"],"max_hp_gain":0,"max_hp_loss":0,"event_name":"Big Fish","floor":5,"gold_loss":0,"cards_obtained":["Regret"]},{"cards_removed":["Regret"],"damage_healed":0,"gold_gain":0,"player_choice":"Removed Curses","damage_taken":0,"max_hp_gain":0,"max_hp_loss":0,"event_name":"Fountain of Cleansing","floor":10,"gold_loss":0},{"damage_healed":0,"gold_gain":100,"player_choice":"Bet on Murderer","damage_taken":0,"max_hp_gain":0,"max_hp_loss":0,"event_name":"The Joust","floor":20,"gold_loss":50},{"damage_healed":0,"gold_gain":0,"player_choice":"Damaged","damage_taken":6,"max_hp_gain":0,"max_hp_loss":0,"event_name":"Wheel of Change","floor":28,"gold_loss":0},{"damage_healed":0,"gold_gain":0,"player_choice":"Ignored","damage_taken":0,"max_hp_gain":0,"max_hp_loss":0,"event_name":"NoteForYourself","floor":37,"gold_loss":0},{"damage_healed":0,"gold_gain":0,"player_choice":"Paid Gold","damage_taken":0,"relics_obtained":["Turnip"],"max_hp_gain":0,"max_hp_loss":0,"event_name":"WeMeetAgain","floor":44,"gold_loss":62},{"damage_healed":0,"gold_gain":0,"player_choice":"Fight","damage_taken":0,"max_hp_gain":0,"max_hp_loss":0,"event_name":"Mysterious Sphere","floor":47,"gold_loss":0}],"is_beta":false,"boss_relics":[{"not_picked":["Pandora\u0027s Box","Ectoplasm"],"picked":"Sozu"},{"not_picked":["SacredBark","Philosopher\u0027s Stone"],"picked":"PrismaMod:PrismaZwei"}],"items_purged_floors":[],"is_endless":false,"potions_floor_spawned":[7,11,13,21,23,25,31,33,35,42,45,48,54],"killed_by":"The Heart","ascension_level":0}}