{"host":"ywbsnexmk111etbw","time":1610650073,"event":{"mods":["100% Spire Juice","Act Like it!","BaseMod","Beaked The Cultist","Colored Powertips","Curses Come First","Downfall","Hubris","Infinite Spire","Marisa????????","Minty Spire (QoL Compilation)","Pale of the Ancients","Permanent Neow","Replay The Spire","StSLib","The Cursed","The Dragon Tamer","The Mystic","The Necromancer","The Saiyan","Wandering Minibosses"],"gold_per_floor":[115,129,22,39,50,50,78,78,104,104,104,104,118,118,118,118,118],"floor_reached":16,"language":"ENG","playtime":582,"items_purged":[],"score":127,"play_id":"f786b0da-b68d-4ca1-bc12-b17cbae3bf23","local_time":"20210114134753","is_ascension_mode":false,"campfire_choices":[{"floor":6,"key":"REST"},{"data":"Moonworks:BigMagnum","floor":10,"key":"SMITH"},{"floor":15,"key":"REST"}],"circlet_count":0,"master_deck":["Moonworks:Strike","Moonworks:Strike","Moonworks:Strike","Moonworks:Strike","Moonworks:Defend","Moonworks:Defend","Moonworks:Defend","Moonworks:Defend","Moonworks:Ambush","Moonworks:LongDistanceShot","Moonworks:Dash","Moonworks:Assault","Moonworks:BigMagnum+1","Moonworks:ImOnFire","Moonworks:ExtendedPhotonRifle","Moonworks:AccelHyper"],"relics":["Moonworks:BrokenBomb","Moonworks:Homemark","Bag of Marbles","Replay:Mystery Machine","hubris:Icosahedron","Strawberry","hubris:TinFlute","Replay:Rubber Ducky"],"acts_visited":["Exordium"],"potions_floor_usage":[7,7,16],"damage_taken":[{"damage":1,"enemies":"Cultist","floor":1,"turns":3},{"damage":10,"enemies":"Jaw Worm","floor":2,"turns":4},{"damage":0,"enemies":"2 Louse","floor":3,"turns":2},{"damage":6,"enemies":"2 Fungi Beasts","floor":4,"turns":3},{"damage":14,"enemies":"Lots of Slimes","floor":5,"turns":3},{"damage":5,"enemies":"Gremlin Nob","floor":7,"turns":2},{"damage":6,"enemies":"Red Slaver","floor":13,"turns":2},{"damage":74,"enemies":"The Guardian","floor":16,"turns":8}],"seed_played":"-2697350080243388649","potions_obtained":[{"floor":1,"key":"BlessingOfTheForge"},{"floor":3,"key":"Energy Potion"},{"floor":13,"key":"Reflective Coating"}],"is_trial":false,"path_per_floor":["M","M","M","M","M","R","E","?","T","R","$","?","M","?","R","B"],"character_chosen":"THE_STARBREAKER","items_purchased":[],"campfire_rested":2,"item_purchase_floors":[],"current_hp_per_floor":[59,49,49,43,29,47,42,42,49,49,49,42,36,36,56,0,0],"gold":118,"neow_bonus":"RANDOM_COMMON_RELIC","is_daily":false,"chose_seed":false,"campfire_upgraded":1,"win_rate":0.0,"timestamp":1610650073,"path_taken":["M","M","?","M","M","R","E","?","T","R","$","?","M","?","R","BOSS"],"items_purchased_type":[],"build_version":"2020-12-22","purchased_purges":0,"victory":false,"max_hp_per_floor":[60,60,60,60,60,60,60,60,67,67,67,67,67,67,67,67,67],"card_choices":[{"not_picked":["Moonworks:LuckyCharm","Moonworks:CloudOfSeagulls"],"picked":"Moonworks:Dash","floor":1},{"not_picked":["Moonworks:IndiscriminateFireSupport","Moonworks:NicePresent"],"picked":"Moonworks:Assault","floor":2},{"not_picked":["Moonworks:DeployBits","Moonworks:IndiscriminateFireSupport"],"picked":"Moonworks:BigMagnum","floor":3},{"not_picked":["Moonworks:ReproductionOfRecords","Moonworks:EvilMastermind"],"picked":"Moonworks:ImOnFire","floor":4},{"not_picked":["Moonworks:Dash","Moonworks:LulusLuckyEgg","Moonworks:BigMagnum"],"picked":"SKIP","floor":5},{"not_picked":["Moonworks:AwakeningOfTalent","Moonworks:IndiscriminateFireSupport"],"picked":"Moonworks:ExtendedPhotonRifle","floor":7},{"not_picked":["Moonworks:IntelligenceOfficer","Moonworks:Dinner"],"picked":"Moonworks:AccelHyper","floor":13}],"player_experience":153633,"relics_obtained":[{"floor":7,"key":"Replay:Mystery Machine"},{"floor":9,"key":"Strawberry"}],"event_choices":[{"damage_healed":0,"gold_gain":0,"player_choice":"Success","damage_taken":7,"relics_obtained":["hubris:TinFlute"],"max_hp_gain":0,"max_hp_loss":0,"event_name":"Scrap Ooze","floor":12,"gold_loss":0},{"damage_healed":0,"gold_gain":0,"player_choice":"Gave Potion","damage_taken":0,"relics_obtained":["Replay:Rubber Ducky"],"max_hp_gain":0,"max_hp_loss":0,"event_name":"WeMeetAgain","floor":14,"gold_loss":0}],"is_beta":false,"boss_relics":[],"items_purged_floors":[],"is_endless":false,"potions_floor_spawned":[1,3,13],"killed_by":"The Guardian","ascension_level":0}}