{"host":"p9t7qd83igtcp2bh","time":1610607128,"event":{"mods":["2.2 Compatiblity","AchievementEnabler","BaseMod","Colored Map","Colored Powertips","Custom Start","DeckTracker","Keyboard Shortcuts","Minty Spire (QoL Compilation)","Permanent Neow","StSLib","SuperFastMode","everything is the same but u backflip on backflip"],"gold_per_floor":[114,134,154,168,5,5,5,5,30,41,41,41,41,75,75,153,153,164,201,126,136,136,136,136,136],"floor_reached":24,"language":"KOR","playtime":650,"items_purged":[],"score":382,"play_id":"ac780178-90ea-48e5-ad49-9190aca5f400","local_time":"20210114155208","is_ascension_mode":true,"campfire_choices":[{"data":"Redo","floor":6.0,"key":"SMITH"},{"data":"Darkness","floor":11,"key":"SMITH"},{"data":"Dualcast","floor":13,"key":"SMITH"},{"data":"Coolheaded","floor":15,"key":"SMITH"},{"data":"Go for the Eyes","floor":23,"key":"SMITH"}],"circlet_count":0,"master_deck":["AscendersBane","Strike_B","Strike_B","Strike_B","Defend_B","Defend_B","Defend_B","Defend_B","Zap","Dualcast+1","Darkness+1","Go for the Eyes+1","Coolheaded+1","Self Repair+1","Redo+1","Sweeping Beam","Cold Snap","Compile Driver","Echo Form","Core Surge"],"relics":["Cracked Core","Orrery","Centennial Puzzle","Tiny Chest","Philosopher\u0027s Stone","Nilry\u0027s Codex"],"acts_visited":["Exordium","TheCity"],"potions_floor_usage":[10,16,19],"damage_taken":[{"damage":0.0,"enemies":"2 Louse","floor":1.0,"turns":2.0},{"damage":9.0,"enemies":"Small Slimes","floor":2.0,"turns":4.0},{"damage":4.0,"enemies":"Jaw Worm","floor":3.0,"turns":4.0},{"damage":27.0,"enemies":"Exordium Wildlife","floor":4.0,"turns":6.0},{"damage":5,"enemies":"Large Slime","floor":10,"turns":5},{"damage":1,"enemies":"Lagavulin","floor":14,"turns":5},{"damage":6,"enemies":"Slime Boss","floor":16,"turns":8},{"damage":9,"enemies":"Chosen","floor":18,"turns":5},{"damage":16,"enemies":"2 Thieves","floor":19,"turns":5},{"damage":28,"enemies":"Chosen and Byrds","floor":21,"turns":5},{"damage":49,"enemies":"Gremlin Leader","floor":24,"turns":5}],"seed_played":"6832684016696591883","potions_obtained":[{"floor":1.0,"key":"ColorlessPotion"},{"floor":3.0,"key":"EssenceOfSteel"},{"floor":10,"key":"Fire Potion"},{"floor":18,"key":"Dexterity Potion"}],"is_trial":false,"path_per_floor":["M","M","M","M","$","R","?","?","T","M","R","?","R","E","R","B",null,"M","M","?","M","?","R","E"],"character_chosen":"DEFECT","items_purchased":["Orrery"],"campfire_rested":0,"item_purchase_floors":[5],"current_hp_per_floor":[71,62,58,31,31,31,31,31,31,36,36,41,41,50,50,64,78,79,73,73,55,34,34,0,0],"gold":136,"neow_bonus":"TEN_PERCENT_HP_BONUS","is_daily":false,"chose_seed":false,"campfire_upgraded":5,"win_rate":0.0,"timestamp":1610607128,"path_taken":["M","M","M","M","$","R","?","?","T","M","R","?","R","E","R","BOSS","M","M","?","M","?","R","E"],"items_purchased_type":["Relic"],"build_version":"2020-12-22","purchased_purges":0,"victory":false,"max_hp_per_floor":[78,78,78,78,78,78,78,78,78,78,78,83,83,83,83,83,83,83,83,83,83,83,83,83,83],"card_choices":[{"not_picked":["Reinforced Body","Steam Power"],"picked":"Darkness","floor":1.0},{"not_picked":["Double Energy","Gash"],"picked":"Go for the Eyes","floor":2.0},{"not_picked":["Steam","FTL"],"picked":"Coolheaded","floor":3.0},{"not_picked":["Static Discharge","Rebound"],"picked":"Self Repair","floor":4.0},{"not_picked":["Sweeping Beam","Meteor Strike"],"picked":"Redo","floor":5.0},{"not_picked":["Melter","Go for the Eyes"],"picked":"Sweeping Beam","floor":5.0},{"not_picked":["Force Field","Stack"],"picked":"Cold Snap","floor":5.0},{"not_picked":["Barrage","Skim"],"picked":"Compile Driver","floor":10},{"not_picked":["Defragment","Gash"],"picked":"Echo Form","floor":14},{"not_picked":["Electrodynamics","Fission"],"picked":"Core Surge","floor":16},{"not_picked":["Steam","Consume","Gash"],"picked":"SKIP","floor":18},{"not_picked":["Ball Lightning","Rebound","Beam Cell"],"picked":"SKIP","floor":19},{"not_picked":["Turbo","Cold Snap","Ball Lightning"],"picked":"SKIP","floor":21}],"player_experience":636717,"relics_obtained":[{"floor":9,"key":"Centennial Puzzle"},{"floor":14,"key":"Tiny Chest"},{"floor":22,"key":"Nilry\u0027s Codex"}],"event_choices":[{"damage_healed":0,"gold_gain":0,"player_choice":"Searched \u00270\u0027 times","damage_taken":0,"max_hp_gain":0,"max_hp_loss":0,"event_name":"Dead Adventurer","floor":7,"gold_loss":0},{"damage_healed":0,"gold_gain":0,"player_choice":"Grow","damage_taken":0,"max_hp_gain":0,"max_hp_loss":0,"event_name":"Living Wall","floor":8,"gold_loss":0,"cards_upgraded":["Self Repair"]},{"damage_healed":0,"gold_gain":0,"player_choice":"Donut","damage_taken":0,"max_hp_gain":5,"max_hp_loss":0,"event_name":"Big Fish","floor":12,"gold_loss":0},{"cards_removed":["Strike_B"],"damage_healed":0,"gold_gain":0,"player_choice":"Gave Gold","damage_taken":0,"max_hp_gain":0,"max_hp_loss":0,"event_name":"Beggar","floor":20,"gold_loss":75},{"damage_healed":0,"gold_gain":0,"player_choice":"Obtained Book","damage_taken":21,"max_hp_gain":0,"max_hp_loss":0,"event_name":"Cursed Tome","floor":22,"gold_loss":0}],"is_beta":false,"boss_relics":[{"not_picked":["Calling Bell","Nuclear Battery"],"picked":"Philosopher\u0027s Stone"}],"items_purged_floors":[],"is_endless":false,"potions_floor_spawned":[1,3,10,18],"killed_by":"Gremlin Leader","ascension_level":19}}