{"host":"vex7walpoxzv48nx","time":1610648135,"event":{"mods":["BaseMod","Highlight Path","Minty Spire (QoL Compilation)","Permanent Neow","Quick Restart","Relic Stats"],"gold_per_floor":[114,130,147,161,7,37,37,66,66,66,66,91,108,108,108,212,212,228,228,228,33,48,48,67,95,95,95,95],"floor_reached":27,"language":"ENG","playtime":4007,"items_purged":["Shame"],"score":253,"play_id":"4ab65fad-0c87-409f-bcc6-1a22961ddce4","local_time":"20210114191535","is_ascension_mode":false,"campfire_choices":[{"floor":11.0,"key":"REST"},{"data":"Footwork","floor":15,"key":"SMITH"},{"data":"After Image","floor":23,"key":"SMITH"}],"circlet_count":0,"master_deck":["Strike_G","Strike_G","Strike_G","Defend_G","Defend_G","Defend_G","Defend_G","Defend_G","Survivor","Neutralize","Wraith Form v2+1","Blade Dance","Backstab","Dodge and Roll","Predator","Outmaneuver","Footwork+1","Sucker Punch+1","After Image+1","Slice+1","Mind Blast+1","Well Laid Plans","Acrobatics+1","Dagger Spray+1","Noxious Fumes"],"relics":["Ring of the Snake","Frozen Eye","Oddly Smooth Stone","Vajra","Molten Egg 2","White Beast Statue","Empty Cage","Pen Nib","TungstenRod","Dream Catcher"],"acts_visited":["Exordium","TheCity"],"potions_floor_usage":[13,14,16,24,25,27],"damage_taken":[{"damage":1.0,"enemies":"Small Slimes","floor":1.0,"turns":6.0},{"damage":1.0,"enemies":"Jaw Worm","floor":2.0,"turns":4.0},{"damage":0.0,"enemies":"2 Louse","floor":3.0,"turns":3.0},{"damage":3.0,"enemies":"2 Fungi Beasts","floor":4.0,"turns":3.0},{"damage":14.0,"enemies":"Gremlin Nob","floor":6.0,"turns":5.0},{"damage":26.0,"enemies":"Lagavulin","floor":8.0,"turns":8.0},{"damage":2.0,"enemies":"3 Sentries","floor":12.0,"turns":7.0},{"damage":0,"enemies":"Large Slime","floor":13,"turns":7},{"damage":0,"enemies":"3 Louse","floor":14,"turns":1},{"damage":30,"enemies":"Slime Boss","floor":16,"turns":15},{"damage":3,"enemies":"3 Byrds","floor":18,"turns":7},{"damage":0,"enemies":"Spheric Guardian","floor":22,"turns":4},{"damage":3,"enemies":"Cultist and Chosen","floor":24,"turns":6},{"damage":1,"enemies":"Book of Stabbing","floor":25,"turns":7},{"damage":0,"enemies":"Snake Plant","floor":27,"turns":1}],"seed_played":"-4867454191972663119","potions_obtained":[{"floor":1.0,"key":"ColorlessPotion"},{"floor":4.0,"key":"LiquidBronze"},{"floor":8.0,"key":"Strength Potion"},{"floor":13,"key":"SmokeBomb"},{"floor":16,"key":"Block Potion"},{"floor":18,"key":"Poison Potion"},{"floor":22,"key":"SpeedPotion"},{"floor":24,"key":"EssenceOfSteel"},{"floor":25,"key":"SpeedPotion"}],"is_trial":false,"path_per_floor":["M","M","M","M","$","E","?","E","T","?","R","E","M","M","R","B",null,"M","?","?","$","M","R","M","E","T","M"],"character_chosen":"THE_SILENT","items_purchased":["Frozen Eye","Mind Blast+1","Well Laid Plans"],"campfire_rested":1,"item_purchase_floors":[5,21,21],"current_hp_per_floor":[62,61,61,58,58,44,44,18,18,18,36,34,34,34,34,4,63,60,60,49,49,49,49,46,45,45,45,45],"gold":95,"neow_bonus":"THREE_RARE_CARDS","is_daily":false,"chose_seed":false,"campfire_upgraded":2,"win_rate":0.0,"timestamp":1610648135,"path_taken":["M","M","M","M","$","E","?","E","T","?","R","E","M","M","R","BOSS","M","?","?","$","M","R","M","E","T","M"],"items_purchased_type":["Relic","Card","Card"],"build_version":"2020-12-22","purchased_purges":1,"victory":false,"max_hp_per_floor":[63,63,63,63,63,63,63,63,63,63,63,63,63,63,63,63,63,63,63,68,68,68,68,68,68,68,68,68],"relic_stats":{"Dream Catcher":0,"counters":[15,84],"Pen Nib":[4],"obtain_stats":[{"Frozen Eye":5,"Dream Catcher":26,"Oddly Smooth Stone":6,"Vajra":8,"Molten Egg 2":9,"Pen Nib":19,"Empty Cage":17,"White Beast Statue":12,"TungstenRod":25,"Ring of the Snake":0},{"Frozen Eye":4,"Dream Catcher":14,"Oddly Smooth Stone":5,"Vajra":6,"Molten Egg 2":6,"Pen Nib":11,"Empty Cage":10,"White Beast Statue":7,"TungstenRod":14,"Ring of the Snake":0},{"Frozen Eye":16,"Dream Catcher":83,"Oddly Smooth Stone":21,"Vajra":29,"Molten Egg 2":29,"Pen Nib":66,"Empty Cage":59,"White Beast Statue":36,"TungstenRod":83,"Ring of the Snake":0}],"TungstenRod":0,"Ring of the Snake":[30]},"card_choices":[{"not_picked":["Night Terror","After Image"],"picked":"Wraith Form v2","floor":0.0},{"not_picked":["Flying Knee","Sucker Punch"],"picked":"Blade Dance","floor":1.0},{"not_picked":["Deadly Poison","Backflip"],"picked":"Backstab","floor":2.0},{"not_picked":["Escape Plan","Deflect"],"picked":"Dodge and Roll","floor":3.0},{"not_picked":["Backflip","Slice"],"picked":"Predator","floor":4.0},{"not_picked":["Glass Knife","Flechettes"],"picked":"Outmaneuver","floor":6.0},{"not_picked":["Deadly Poison","Night Terror"],"picked":"Footwork","floor":8.0},{"not_picked":["Bane+1","Catalyst","Deflect"],"picked":"SKIP","floor":12.0},{"not_picked":["Flying Knee+1","Bouncing Flask"],"picked":"Sucker Punch+1","floor":13},{"not_picked":["Glass Knife+1","Unload+1"],"picked":"After Image","floor":16},{"not_picked":["Skewer+1","Sucker Punch+1"],"picked":"Slice+1","floor":18},{"not_picked":["Deadly Poison","Poisoned Stab+1"],"picked":"Acrobatics+1","floor":22},{"not_picked":["Dagger Throw+1","Reflex"],"picked":"Dagger Spray+1","floor":24},{"not_picked":["Dagger Throw+1","Dagger Spray+1"],"picked":"Noxious Fumes","floor":25}],"player_experience":120065,"relics_obtained":[{"floor":6.0,"key":"Oddly Smooth Stone"},{"floor":8.0,"key":"Vajra"},{"floor":9.0,"key":"Molten Egg 2"},{"floor":12.0,"key":"White Beast Statue"},{"floor":25,"key":"TungstenRod"},{"floor":26,"key":"Dream Catcher"}],"event_choices":[{"damage_healed":0.0,"max_hp_gain":0.0,"max_hp_loss":0.0,"gold_gain":0.0,"event_name":"Living Wall","player_choice":"Grow","floor":7.0,"gold_loss":0.0,"damage_taken":0.0,"cards_upgraded":["Wraith Form v2"]},{"damage_healed":0.0,"max_hp_gain":0.0,"max_hp_loss":0.0,"gold_gain":0.0,"event_name":"Shining Light","player_choice":"Ignored","floor":10.0,"gold_loss":0.0,"damage_taken":0.0},{"damage_healed":0,"gold_gain":0,"player_choice":"Stole Relic","damage_taken":0,"relics_obtained":["Pen Nib"],"max_hp_gain":0,"max_hp_loss":0,"event_name":"Addict","floor":19,"gold_loss":0,"cards_obtained":["Shame"]},{"damage_healed":0,"gold_gain":0,"player_choice":"Shed Blood","damage_taken":16,"max_hp_gain":5,"max_hp_loss":0,"event_name":"Forgotten Altar","floor":20,"gold_loss":0}],"is_beta":false,"boss_relics":[{"not_picked":["SlaversCollar","SacredBark"],"picked":"Empty Cage"}],"items_purged_floors":[21],"is_endless":false,"potions_floor_spawned":[1,4,8,13,14,16,18,22,24,25],"killed_by":"Snake Plant","ascension_level":0}}