{"host":"tnsigirk6wurdark","time":1610609074,"event":{"mods":["BaseMod","Bestiary","Colored Map","Colored Powertips","Curses Come First","DeckTracker","Highlight Path","Minty Spire (QoL Compilation)","Quick Restart","Relic Sorter","StSLib","Synergy Search"],"gold_per_floor":[116,135,155,169,187,220,161,161,208,242,264,264,264,264],"floor_reached":13,"language":"ENG","playtime":799,"items_purged":[],"score":175,"play_id":"1a6b2a61-83cd-447d-88ce-491c2d1a0ea0","local_time":"20210114072434","is_ascension_mode":true,"campfire_choices":[{"floor":8,"key":"REST"}],"circlet_count":0,"master_deck":["AscendersBane","Survivor","Neutralize","Infinite Blades","Doppelganger","Malaise","Reflex","Escape Plan","A Thousand Cuts","Catalyst","Flechettes","Grand Finale","Crippling Poison","Deadly Poison","Expertise","Dagger Throw","Prepared","Dagger Throw","Deflect","Dagger Throw","Escape Plan","Prepared"],"relics":["Pandora\u0027s Box","Ancient Tea Set","CeramicFish","Frozen Egg 2"],"acts_visited":["Exordium"],"potions_floor_usage":[4,6,6],"damage_taken":[{"damage":3,"enemies":"Small Slimes","floor":1,"turns":3},{"damage":1,"enemies":"2 Louse","floor":2,"turns":2},{"damage":0,"enemies":"Cultist","floor":3,"turns":3},{"damage":7,"enemies":"Looter","floor":4,"turns":3},{"damage":0,"enemies":"Large Slime","floor":5,"turns":2},{"damage":47,"enemies":"Gremlin Nob","floor":6,"turns":5},{"damage":4,"enemies":"Lagavulin","floor":10,"turns":4},{"damage":23,"enemies":"3 Louse","floor":11,"turns":3},{"damage":6,"enemies":"3 Sentries","floor":13,"turns":1}],"seed_played":"7466110321116944317","potions_obtained":[{"floor":2,"key":"Regen Potion"},{"floor":4,"key":"SkillPotion"},{"floor":5,"key":"EssenceOfSteel"}],"is_trial":false,"path_per_floor":["M","M","M","M","M","E","$","R","T","E","M","?","E"],"character_chosen":"THE_SILENT","items_purchased":["Dagger Throw"],"campfire_rested":1,"item_purchase_floors":[7],"current_hp_per_floor":[56,55,55,57,57,10,10,29,29,25,2,2,0,0],"gold":264,"neow_bonus":"BOSS_RELIC","is_daily":false,"chose_seed":false,"campfire_upgraded":0,"win_rate":0.0,"timestamp":1610609074,"path_taken":["M","M","M","M","M","E","$","R","T","E","M","?","E"],"items_purchased_type":["Card"],"build_version":"2020-12-22","purchased_purges":0,"victory":false,"max_hp_per_floor":[66,66,66,66,66,66,66,66,66,66,66,66,66,66],"card_choices":[{"not_picked":["Sucker Punch","Distraction"],"picked":"Deadly Poison","floor":1},{"not_picked":["Acrobatics","Underhanded Strike"],"picked":"Expertise","floor":2},{"not_picked":["Deadly Poison","Expertise"],"picked":"Dagger Throw","floor":3},{"not_picked":["Flying Knee","Glass Knife"],"picked":"Prepared","floor":4},{"not_picked":["Skewer","Blade Dance"],"picked":"Dagger Throw","floor":5},{"not_picked":["Bouncing Flask","Finisher"],"picked":"Deflect","floor":6},{"not_picked":["Caltrops+1","Outmaneuver"],"picked":"Escape Plan","floor":10},{"not_picked":["Deflect","Sucker Punch"],"picked":"Prepared","floor":11}],"player_experience":741537,"relics_obtained":[{"floor":6,"key":"Ancient Tea Set"},{"floor":9,"key":"CeramicFish"},{"floor":10,"key":"Frozen Egg 2"}],"event_choices":[{"damage_healed":0,"gold_gain":0,"player_choice":"Ignored","damage_taken":0,"max_hp_gain":0,"max_hp_loss":0,"event_name":"Shining Light","floor":12,"gold_loss":0}],"is_beta":false,"boss_relics":[],"items_purged_floors":[],"is_endless":false,"potions_floor_spawned":[2,4,5],"killed_by":"3 Sentries","ascension_level":16}}