{"host":"3y2rtlgteqp2nuo3","time":1610599176,"event":{"mods":["2.2 Compatiblity","AchievementEnabler","BaseMod","Colored Map","DeckTracker","Highlight Path","Keyboard Shortcuts","Minty Spire (QoL Compilation)","Permanent Neow","Quick Restart","StSLib","SuperFastMode","everything is the same but u backflip on backflip"],"gold_per_floor":[117,42,53,67,67,77,90,103,181,181,181,195,195,95,95,199,199,216,196,213,213,213],"floor_reached":21,"language":"KOR","playtime":726,"items_purged":["Strike_G","Strike_G"],"score":271,"play_id":"8a9addb1-b4a0-46d0-bc38-1126e30a6647","local_time":"20210114133936","is_ascension_mode":true,"campfire_choices":[{"data":"Deadly Poison","floor":11.0,"key":"SMITH"},{"data":"Neutralize","floor":13.0,"key":"SMITH"},{"data":"Prepared","floor":15,"key":"SMITH"}],"circlet_count":0,"master_deck":["AscendersBane","Defend_G","Defend_G","Defend_G","Defend_G","Survivor","Neutralize+1","Underhanded Strike","Prepared+1","Deadly Poison+1","Escape Plan","PiercingWail","Burst","Bane+1","Reflex"],"relics":["Ring of the Snake","Eternal Feather","Empty Cage"],"acts_visited":["Exordium","TheCity"],"potions_floor_usage":[],"damage_taken":[{"damage":0.0,"enemies":"Jaw Worm","floor":1.0,"turns":7.0},{"damage":0.0,"enemies":"2 Louse","floor":3.0,"turns":2.0},{"damage":1.0,"enemies":"Cultist","floor":4.0,"turns":4.0},{"damage":1.0,"enemies":"Blue Slaver","floor":6.0,"turns":5.0},{"damage":22.0,"enemies":"Large Slime","floor":7.0,"turns":7.0},{"damage":10.0,"enemies":"Exordium Thugs","floor":8.0,"turns":6.0},{"damage":7.0,"enemies":"Gremlin Gang","floor":12.0,"turns":6.0},{"damage":23,"enemies":"Hexaghost","floor":16,"turns":10},{"damage":14,"enemies":"Shell Parasite","floor":18,"turns":8},{"damage":5,"enemies":"2 Thieves","floor":19,"turns":4},{"damage":33,"enemies":"Snecko","floor":20,"turns":4},{"damage":13,"enemies":"Centurion and Healer","floor":21,"turns":5}],"seed_played":"1994839874294888937","potions_obtained":[{"floor":4.0,"key":"Energy Potion"},{"floor":6.0,"key":"PowerPotion"},{"floor":12.0,"key":"Fire Potion"}],"is_trial":false,"path_per_floor":["M","$","M","M","?","M","M","M","T","?","R","M","R","$","R","B",null,"M","M","M","M"],"character_chosen":"THE_SILENT","items_purchased":[],"campfire_rested":0,"item_purchase_floors":[],"current_hp_per_floor":[63,63,63,62,67,66,44,34,34,34,43,36,45,45,51,28,58,44,39,6,0,0],"gold":213,"neow_bonus":"REMOVE_TWO","is_daily":false,"chose_seed":false,"campfire_upgraded":3,"win_rate":0.0,"timestamp":1610599176,"path_taken":["M","$","M","M","?","M","M","M","T","?","R","M","R","$","R","BOSS","M","M","M","M"],"items_purchased_type":[],"build_version":"2020-12-22","purchased_purges":2,"victory":false,"max_hp_per_floor":[63,63,63,63,68,68,68,68,68,68,68,68,68,68,68,68,68,68,68,68,68,68],"card_choices":[{"not_picked":["Sucker Punch","Prepared"],"picked":"Underhanded Strike","floor":1.0},{"not_picked":["Outmaneuver","PiercingWail"],"picked":"Prepared","floor":3.0},{"not_picked":["Blade Dance","Backflip"],"picked":"Deadly Poison","floor":4.0},{"not_picked":["Skewer","Underhanded Strike","Flying Knee"],"picked":"SKIP","floor":6.0},{"not_picked":["Prepared","Outmaneuver"],"picked":"Escape Plan","floor":7.0},{"not_picked":["Concentrate","Quick Slash"],"picked":"PiercingWail","floor":8.0},{"not_picked":["Blade Dance","Deflect","Setup"],"picked":"SKIP","floor":12.0},{"not_picked":["Malaise","Grand Finale"],"picked":"Burst","floor":16},{"not_picked":["Dagger Throw","Backflip+1"],"picked":"Bane+1","floor":18},{"not_picked":["Blade Dance","Bane","Slice"],"picked":"SKIP","floor":19},{"not_picked":["Sucker Punch","Underhanded Strike"],"picked":"Reflex","floor":20}],"player_experience":688456,"relics_obtained":[{"floor":9.0,"key":"Eternal Feather"}],"event_choices":[{"damage_healed":0.0,"max_hp_gain":5.0,"max_hp_loss":0.0,"gold_gain":0.0,"event_name":"Big Fish","player_choice":"Donut","floor":5.0,"gold_loss":0.0,"damage_taken":0.0},{"damage_healed":0.0,"max_hp_gain":0.0,"max_hp_loss":0.0,"gold_gain":0.0,"event_name":"Dead Adventurer","player_choice":"Searched \u00270\u0027 times","floor":10.0,"gold_loss":0.0,"damage_taken":0.0}],"is_beta":false,"boss_relics":[{"not_picked":["Tiny House","SacredBark"],"picked":"Empty Cage"}],"items_purged_floors":[2,14],"is_endless":false,"potions_floor_spawned":[4,6,12,18],"killed_by":"Centurion and Healer","ascension_level":11}}