{"host":"51fyd6gkml7xavq8","time":1610603091,"event":{"mods":["BaseMod","BetterRewards","Colored Map","Energized Spire","Infinite Spire","Minty Spire (QoL Compilation)","Replay The Spire","Shop Mod","Spicy Shops","StSLib","The Blue Laboratory","[IsaacMod]????"],"gold_per_floor":[114,114,134,134,134,134,174,174,174,174,34,58,58,72,72,72,72],"floor_reached":16,"language":"ENG","playtime":653,"items_purged":["Bash","Defend_R"],"score":185,"play_id":"317e2878-a5ca-44d0-b7ba-650a931fb8f1","local_time":"20210114024451","is_ascension_mode":true,"campfire_choices":[{"floor":6,"key":"REST"},{"data":"ReplayReversal","floor":6,"key":"SMITH"},{"floor":8,"key":"REST"},{"data":"ReplayTheSpireMod:Muscle Training","floor":8,"key":"SMITH"},{"data":"Strike_R","floor":10,"key":"PURGE"},{"data":"True Grit","floor":15,"key":"SMITH"}],"circlet_count":0,"master_deck":["Strike_R","Strike_R","Strike_R","Strike_R","Defend_R","Defend_R","Defend_R","ReplayTheSpireMod:Muscle Training+1","ReplayReversal+1","True Grit+1"],"relics":["Burning Blood","HushsDoor","TheBean","infinitespire:Magic Flask","Golden Idol","Peace Pipe","Shuriken","Strawberry","Ornamental Fan"],"acts_visited":["Exordium"],"potions_floor_usage":[7],"damage_taken":[{"damage":1.0,"enemies":"2 Louse","floor":1.0,"turns":2.0},{"damage":1,"enemies":"Small Slimes","floor":3,"turns":3},{"damage":32,"enemies":"3 Sentries","floor":7,"turns":7},{"damage":2,"enemies":"Jaw Worm","floor":12,"turns":4},{"damage":11,"enemies":"3 Louse","floor":14,"turns":2},{"damage":53,"enemies":"Slime Boss","floor":16,"turns":9}],"seed_played":"-757367777443564454","potions_obtained":[{"floor":3,"key":"AttackPotion"},{"floor":12,"key":"Milkshake"}],"is_trial":false,"path_per_floor":["M","?","M","AVR","?","R","E","R","T","R","$","M","$","M","R","B"],"character_chosen":"IRONCLAD","items_purchased":["infinitespire:Magic Flask","ReplayTheSpireMod:Muscle Training","True Grit"],"campfire_rested":2,"item_purchase_floors":[0,0,11],"current_hp_per_floor":[71,51,56,56,56,80,61,87,87,87,87,87,87,82,82,29,29],"gold":72,"neow_bonus":"","is_daily":false,"chose_seed":false,"campfire_upgraded":3,"win_rate":0.0,"timestamp":1610603091,"path_taken":["M","?","M","AVR","?","R","E","R","T","R","$","M","$","M","R","BOSS"],"items_purchased_type":["Relic","Card","Card"],"build_version":"2020-12-22","purchased_purges":2,"victory":false,"max_hp_per_floor":[80,80,80,80,80,80,87,87,87,87,87,87,87,87,87,87,87],"card_choices":[{"not_picked":["Wild Strike","Warcry","Seeing Red"],"picked":"SKIP","floor":1.0},{"not_picked":["Heavy Blade","Perfected Strike"],"picked":"ReplayReversal","floor":3},{"not_picked":["Fiend Fire","Infernal Blade","Heavy Blade"],"picked":"SKIP","floor":7},{"not_picked":["Sword Boomerang","Second Wind","ReplayTheSpireMod:Strike From Hell"],"picked":"SKIP","floor":12},{"not_picked":["Carnage","Replay:Many Hands","Clothesline"],"picked":"SKIP","floor":14}],"player_experience":503093,"relics_obtained":[{"floor":5,"key":"Shuriken"},{"floor":7,"key":"Strawberry"},{"floor":9,"key":"Ornamental Fan"}],"event_choices":[{"damage_healed":0.0,"max_hp_gain":0.0,"max_hp_loss":0.0,"gold_gain":0.0,"event_name":"Golden Idol","player_choice":"Take Damage","floor":2.0,"gold_loss":0.0,"damage_taken":20.0,"relics_obtained":["Golden Idol"]}],"is_beta":false,"boss_relics":[],"items_purged_floors":[4,11],"is_endless":false,"potions_floor_spawned":[3,12],"killed_by":"Slime Boss","ascension_level":5}}