{"host":"bpkhhmvsfrvlto2l","time":1610664791,"event":{"mods":["2.2 Compatiblity","AchievementEnabler","Act Like it!","AlwaysNeverKeys","Aspiration","BaseMod","Better Silent Start","Challenge The Spire","Colored Map","Colored Powertips","Custom Start","Downfall","Energized Spire","Friendly Minions","GifTheSpireLib","Halation","Hubris","Infinite Spire","Ironclad Rager","Mimic Mod","Minty Spire (QoL Compilation)","Permanent Neow","Quick Restart","Random Character Button","Relic Sorter","Replay The Spire","Spikes Relics","StSLib","Stuff the Spire","Swap Starting Deck Mod","Trackpad"],"gold_per_floor":[116,116,116,136,55,80,80,111,111,145,145,160,160,160,160,257,257,275,275,275,275,120,145,195,195,230,240,270,290,290,304,304,400,400,415,415,415,29,40,40,59,75,110,110,140,140,169,183,183,183],"floor_reached":51,"language":"ENG","playtime":1468,"items_purged":[],"score":1260,"play_id":"cfa04383-7fc1-45f5-af90-0d27d41fabf0","local_time":"20210114175311","is_ascension_mode":true,"campfire_choices":[{"data":"Fasting2","floor":7.0,"key":"SMITH"},{"floor":15.0,"key":"REST"},{"data":"Pot Of Greed","floor":25.0,"key":"SMITH"},{"data":"hubris:Rewind","floor":32.0,"key":"SMITH"},{"data":"Pray","floor":44,"key":"SMITH"},{"floor":49,"key":"REST"}],"circlet_count":0,"master_deck":["ReachHeaven","ReachHeaven","ReachHeaven+1","ReachHeaven","Prostrate","Prostrate","Prostrate+1","Prostrate","Prostrate","Pray+1","Regret","Fasting2+1","Pot Of Greed+1","Pot Of Greed+1","Brilliance","infinitespire:Starlight","hubris:Rewind+1","Brilliance"],"relics":["PureWater","halation:PinkSoulGem","hubris:Icosahedron","swapstartingdeckmod:DeadBlossom","StuffTheSpire:RedRose","Darkstone Periapt","Bag of Marbles","Question Card","Grinning Jar","SnailShell","Pen Nib","hubris:TenFootPole","Onion Ring","trackpad:BottledShadow","halation:SelfBoilingWater","Busted Crown","infinitespire:EmpoweringShard","Vajra","halation:BottledLove","ShockBauble"],"acts_visited":["Exordium","TheCity","TheBeyond"],"potions_floor_usage":[42,45,47,48],"damage_taken":[{"damage":0.0,"enemies":"Jaw Worm","floor":1.0,"turns":2.0},{"damage":8.0,"enemies":"Small Slimes","floor":4.0,"turns":2.0},{"damage":12.0,"enemies":"Lagavulin","floor":6.0,"turns":3.0},{"damage":2.0,"enemies":"Gremlin Nob","floor":8.0,"turns":2.0},{"damage":12.0,"enemies":"3 Sentries","floor":10.0,"turns":3.0},{"damage":0.0,"enemies":"2 Louse","floor":12.0,"turns":1.0},{"damage":4.0,"enemies":"Hexaghost","floor":16.0,"turns":4.0},{"damage":3.0,"enemies":"Shell Parasite","floor":18.0,"turns":2.0},{"damage":17.0,"enemies":"Slavers","floor":23.0,"turns":4.0},{"damage":0.0,"enemies":"2 Thieves","floor":26.0,"turns":3.0},{"damage":2.0,"enemies":"2 Thieves","floor":27.0,"turns":3.0},{"damage":3.0,"enemies":"Book of Stabbing","floor":28.0,"turns":3.0},{"damage":12.0,"enemies":"Snake Plant","floor":29.0,"turns":3.0},{"damage":4.0,"enemies":"Sentry and Sphere","floor":31.0,"turns":2.0},{"damage":7.0,"enemies":"Collector","floor":33.0,"turns":3.0},{"damage":14,"enemies":"3 Darklings","floor":35,"turns":2},{"damage":0,"enemies":"3 Shapes","floor":39,"turns":1},{"damage":2,"enemies":"Transient","floor":41,"turns":4},{"damage":0,"enemies":"3 Darklings","floor":42,"turns":1},{"damage":2,"enemies":"Writhing Mass","floor":43,"turns":3},{"damage":0,"enemies":"R_Hoarder","floor":45,"turns":5},{"damage":29,"enemies":"Nemesis","floor":47,"turns":5},{"damage":21,"enemies":"Writhing Mass","floor":48,"turns":2},{"damage":75,"enemies":"infinitespire:MassOfShapes","floor":50,"turns":5}],"seed_played":"8129520524022801602","potions_obtained":[{"floor":1.0,"key":"DuplicationPotion"},{"floor":8.0,"key":"Energy Potion"},{"floor":16.0,"key":"Weak Potion"},{"floor":23.0,"key":"CultistPotion"},{"floor":28.0,"key":"LifebloodPotion"},{"floor":29.0,"key":"PowerPotion"},{"floor":35,"key":"SneckoOil"},{"floor":39,"key":"SmokeBomb"},{"floor":47,"key":"GamblersBrew"}],"is_trial":false,"path_per_floor":["M","$","?","M","$","E","R","E","T","E","?","M","$","?","R","B",null,"M","?","?","?","$","E","T","R","MIM","M","E","M","AVR","M","R","B",null,"M","?","?","$","M","$","M","M","MIM","R","E","AVR","E","M","R","B",null],"character_chosen":"WATCHER","items_purchased":["Fasting2","SnailShell","infinitespire:EmpoweringShard","Vajra"],"campfire_rested":2,"item_purchase_floors":[5,22,38,38],"current_hp_per_floor":[65,65,65,57,57,45,45,43,43,31,31,31,31,17,28,24,42,39,39,51,51,51,34,34,34,34,32,29,17,17,54,54,52,60,51,51,51,51,51,51,59,59,62,62,67,67,43,27,38,41],"gold":183,"neow_bonus":"","is_daily":false,"chose_seed":false,"campfire_upgraded":4,"win_rate":0.0,"timestamp":1610664791,"path_taken":["M","$","?","M","$","E","R","E","T","E","?","M","?","?","R","BOSS","M","?","?","?","$","E","?","R","MIM","M","E","?","AVR","M","R","BOSS","M","?","?","$","M","?","M","?","MIM","R","E","AVR","E","M","R","BOSS"],"items_purchased_type":["Card","Relic","Relic","Relic"],"build_version":"2020-12-22","purchased_purges":0,"victory":true,"max_hp_per_floor":[72,72,72,72,72,72,72,72,72,72,72,72,72,72,72,72,72,72,72,72,72,72,72,72,72,72,72,72,72,72,72,72,72,72,72,72,72,72,72,72,72,72,72,72,72,72,72,72,72,72],"card_choices":[{"not_picked":["Crescendo","EmptyFist","PathToVictory","FlurryOfBlows"],"picked":"SKIP","floor":10.0},{"not_picked":["MentalFortress+1","WreathOfFlame","Devotion"],"picked":"Brilliance","floor":28.0},{"not_picked":["Vault","Devotion","Scrawl"],"picked":"Brilliance","floor":33.0},{"not_picked":["Sanctity+1","PathToVictory"],"picked":"SKIP","floor":41},{"not_picked":["Wallop","Weave+1"],"picked":"SKIP","floor":42},{"not_picked":["PathToVictory","ConjureBlade"],"picked":"SKIP","floor":45},{"not_picked":["ClearTheMind+1","Wallop"],"picked":"SKIP","floor":47},{"not_picked":["ThirdEye+1","CrushJoints"],"picked":"SKIP","floor":48}],"player_experience":88209,"relics_obtained":[{"floor":6.0,"key":"Darkstone Periapt"},{"floor":8.0,"key":"Bag of Marbles"},{"floor":9.0,"key":"Question Card"},{"floor":10.0,"key":"Grinning Jar"},{"floor":23.0,"key":"Pen Nib"},{"floor":24.0,"key":"hubris:TenFootPole"},{"floor":26.0,"key":"Onion Ring"},{"floor":28.0,"key":"trackpad:BottledShadow"},{"floor":47,"key":"ShockBauble"}],"event_choices":[{"damage_healed":0.0,"max_hp_gain":0.0,"max_hp_loss":0.0,"gold_gain":0.0,"event_name":"Shining Light","player_choice":"Entered Light","floor":14.0,"gold_loss":0.0,"damage_taken":14.0,"cards_upgraded":["Prostrate","ReachHeaven"]},{"damage_healed":24.0,"max_hp_gain":0.0,"max_hp_loss":0.0,"gold_gain":0.0,"event_name":"The Library","player_choice":"Heal","floor":20.0,"gold_loss":0.0,"damage_taken":0.0},{"damage_healed":0.0,"max_hp_gain":0.0,"max_hp_loss":0.0,"gold_gain":0.0,"event_name":"Ghosts","player_choice":"Ignored","floor":21.0,"gold_loss":0.0,"damage_taken":0.0}],"is_beta":false,"boss_relics":[{"not_picked":["Velvet Choker","Sandwich","energizedSpire:MagnifyingGlass"]},{"not_picked":["StuffTheSpire:RunicHypercube","energizedSpire:EnergizedDie"],"picked":"Busted Crown"}],"items_purged_floors":[],"is_endless":false,"potions_floor_spawned":[1,8,16,23,28,29,35,39,47],"ascension_level":7}}