{"host":"idmgg8r816nmas40","time":1610604582,"event":{"mods":["AchievementEnabler","BaseMod","BetterRewards","Block Reminder","Colored Map","Colored Powertips","Googly Eyes","Highlight Path","Hubris","Infinite Spire","Minty Spire (QoL Compilation)","Quick Restart","Relic Stats","Replay The Spire","Shop Mod","StSLib","SuperFastMode","Synergy Search","Transform Curses"],"gold_per_floor":[118,118,118,118,118,118,148,148,172,182,214,214,246,266,266,343,343,354,354,265,276,286,318,318,352,352,363,377,402,402,416,416,416,416],"floor_reached":33,"language":"ENG","playtime":855,"items_purged":[],"score":746,"play_id":"bc775c9f-f683-4b27-9467-ef57a4a6cc0d","local_time":"20210113230942","is_ascension_mode":true,"campfire_choices":[{"data":"Strike_R","floor":6.0,"key":"SMITH"},{"floor":8.0,"key":"REST"},{"data":"Demon Form","floor":15.0,"key":"SMITH"},{"floor":24.0,"key":"DIG"},{"floor":32.0,"key":"REST"}],"circlet_count":0,"master_deck":["AscendersBane","Strike_R","Strike_R","Strike_R","Strike_R","Strike_R+1","Defend_R","Defend_R","Defend_R","Defend_R","Heavy Blade+1","Battle Trance+1","Regret","Perfected Strike+1","Cleave+1","Demon Form+1","Spot Weakness","Juggernaut","Feed+1","CurseOfTheBell","Infernal Blade","Uppercut+1","Sword Boomerang+1","Barricade","Armaments","Thunderclap+1","Sword Boomerang+1","hubris:DuctTapeCard"],"relics":["Burning Blood","Blood Vial","Onion Ring","Molten Egg 2","Mercury Hourglass","Gremlin Horn","Bag of Marbles","ReplayFunnel","hubris:DuctTape","Calling Bell","ReplayTheSpireMod:Lightbulb","StrikeDummy","Shovel","Lantern","hubris:BundleOfHerbs","Omamori","InkBottle","hubris:Reverence"],"acts_visited":["Exordium","TheCity"],"potions_floor_usage":[],"damage_taken":[{"damage":0.0,"enemies":"Small Slimes","floor":1.0,"turns":2.0},{"damage":36.0,"enemies":"Lagavulin","floor":7.0,"turns":4.0},{"damage":0.0,"enemies":"2 Louse","floor":10.0,"turns":1.0},{"damage":15.0,"enemies":"3 Sentries","floor":11.0,"turns":2.0},{"damage":14.0,"enemies":"Gremlin Nob","floor":13.0,"turns":3.0},{"damage":12.0,"enemies":"Jaw Worm","floor":14.0,"turns":2.0},{"damage":37.0,"enemies":"Slime Boss","floor":16.0,"turns":6.0},{"damage":0.0,"enemies":"Spheric Guardian","floor":18.0,"turns":1.0},{"damage":0.0,"enemies":"Chosen","floor":21.0,"turns":1.0},{"damage":47.0,"enemies":"Centurion and Healer","floor":22.0,"turns":4.0},{"damage":0.0,"enemies":"Gremlin Leader","floor":23.0,"turns":3.0},{"damage":1.0,"enemies":"Book of Stabbing","floor":25.0,"turns":2.0},{"damage":12.0,"enemies":"Snecko","floor":27.0,"turns":4.0},{"damage":23.0,"enemies":"Sentry and Sphere","floor":28.0,"turns":4.0},{"damage":9.0,"enemies":"Slavers","floor":29.0,"turns":3.0},{"damage":15.0,"enemies":"Cultist and Chosen","floor":31.0,"turns":3.0},{"damage":102,"enemies":"Automaton","floor":33,"turns":6}],"seed_played":"1258057483325411671","potions_obtained":[{"floor":10.0,"key":"DuplicationPotion"},{"floor":11.0,"key":"SneckoOil"},{"floor":18.0,"key":"SteroidPotion"},{"floor":22.0,"key":"DistilledChaos"},{"floor":23.0,"key":"Regen Potion"},{"floor":28.0,"key":"Weak Potion"}],"is_trial":false,"path_per_floor":["M","$","?","?","?","R","E","R","T","M","E","?","E","M","R","B",null,"M","?","$","M","M","E","R","E","T","M","M","E","$","M","R","B"],"character_chosen":"IRONCLAD","items_purchased":["Blood Vial","Onion Ring","Molten Egg 2","Anger+1","Heavy Blade+1","Uppercut+1"],"campfire_rested":2,"item_purchase_floors":[0,0,0,0,0,20],"current_hp_per_floor":[75,75,75,75,75,75,45,67,67,75,66,66,60,56,56,27,63,75,75,75,79,38,50,50,66,66,62,47,50,50,43,70,0,0],"gold":416,"neow_bonus":"","is_daily":false,"chose_seed":false,"campfire_upgraded":2,"win_rate":0.0,"timestamp":1610604582,"path_taken":["M","$","?","?","?","R","E","R","T","M","E","?","E","M","R","BOSS","M","?","$","M","M","E","R","E","T","?","M","E","$","?","R","BOSS"],"items_purchased_type":["Relic","Relic","Relic","Card","Card","Card"],"build_version":"2020-12-22","purchased_purges":0,"victory":false,"max_hp_per_floor":[75,75,75,75,75,75,75,75,75,75,75,75,75,75,75,75,75,79,79,79,79,79,83,83,87,87,87,87,91,91,91,91,91,91],"relic_stats":{"Blood Vial":28,"Shovel":1,"Gremlin Horn":[11,15],"counters":[178,639],"obtain_stats":[{"Replay:Accelerometer":12,"Ginger":0,"Whetstone":37,"Bottled Tornado":21,"Boot":8,"Blood Vial":9,"Sundial":0,"MealTicket":20,"Fusion Hammer":17,"HandDrill":0,"Kunai":13,"Runic Cube":17,"MerchantsRug":0,"Pear":54,"Blue Candle":25,"Counterbalance":17,"Eternal Feather":0,"Pen Nib":40,"Akabeko":31,"Bird Faced Urn":0,"Mark of Pain":34,"StrikeDummy":19,"Unceasing Top":0,"hubris:Reverence":29,"Regal Pillow":26,"Lantern":54,"hubris:Metronome":17,"Torii":38,"Singing Bowl":40,"Magic Flower":0,"StoneCalendar":0,"Bag of Preparation":26,"Ancient Tea Set":46,"Burning Blood":0,"Shovel":0,"Matryoshka":8,"WingedGreaves":10,"Chemical X":29,"InkBottle":46,"Paper Frog":0,"Lee\u0027s Waffle":8,"Self Forming Clay":42,"Thread and Needle":43,"PreservedInsect":43,"The Courier":25,"Omamori":0,"Frozen Egg 2":7,"Orrery":12,"Turnip":0,"Art of War":54,"Bottled Lightning":41,"ReplayTheSpireMod:Lightbulb":17,"Toy Ornithopter":11,"Ice Cream":0,"Calipers":0,"Gremlin Horn":44,"CeramicFish":26,"Vajra":23,"Sozu":34,"Centennial Puzzle":0,"Lizard Tail":23,"HornCleat":26,"FaceOfCleric":19,"Strawberry":46,"Philosopher\u0027s Stone":17,"Toxic Egg 2":6,"Girya":0,"Happy Flower":29,"hubris:DuctTape":13,"Dead Branch":19,"Oddly Smooth Stone":24,"Charon\u0027s Ashes":36,"Letter Opener":13,"War Paint":6,"Question Card":10,"WarpedTongs":38,"Du-Vu Doll":43,"OrangePellets":36,"Bottled Flame":42,"Brimstone":0,"Bronze Scales":30,"Onion Ring":0,"Molten Egg 2":0,"Black Star":17,"Mirror":0,"Pocketwatch":44,"Meat on the Bone":47,"Darkstone Periapt":12,"ReplayFunnel":11,"Enchiridion":22,"Black Blood":34,"Mango":0,"Juzu Bracelet":45,"Incense Burner":0,"hubris:SlimyHat":0,"Empty Cage":17,"ClockworkSouvenir":24,"Dream Catcher":10,"Nunchaku":12,"Replay:Bandana":6,"Mummified Hand":0,"Gambling Chip":9,"Pantograph":40,"Tiny Chest":21,"Red Mask":20,"Red Skull":23,"Orichalcum":23,"Medical Kit":36,"White Beast Statue":9,"Mercury Hourglass":52,"Peace Pipe":0,"Calling Bell":17,"Anchor":47,"CaptainsWheel":8,"hubris:BundleOfHerbs":24,"Bag of Marbles":0,"Membership Card":13,"TungstenRod":25,"FossilizedHelix":0},{"Replay:Accelerometer":154,"Ginger":31,"Whetstone":77,"Bottled Tornado":93,"Boot":36,"Blood Vial":2,"Sundial":83,"MealTicket":7,"Fusion Hammer":16,"HandDrill":0,"Kunai":4,"Runic Cube":116,"MerchantsRug":83,"Pear":82,"Blue Candle":44,"Counterbalance":156,"Eternal Feather":31,"Pen Nib":104,"Akabeko":100,"Bird Faced Urn":31,"Mark of Pain":22,"StrikeDummy":17,"Unceasing Top":83,"hubris:Reverence":176,"Regal Pillow":19,"Lantern":30,"hubris:Metronome":156,"Torii":51,"Singing Bowl":132,"Magic Flower":83,"StoneCalendar":0,"Bag of Preparation":72,"Ancient Tea Set":80,"Burning Blood":0,"Shovel":31,"Matryoshka":62,"WingedGreaves":14,"Chemical X":45,"InkBottle":55,"Paper Frog":0,"Lee\u0027s Waffle":114,"Self Forming Clay":26,"Thread and Needle":26,"PreservedInsect":79,"The Courier":96,"Omamori":140,"Frozen Egg 2":12,"Orrery":63,"Turnip":83,"Art of War":109,"Bottled Lightning":53,"ReplayTheSpireMod:Lightbulb":168,"Toy Ornithopter":63,"Ice Cream":83,"Calipers":31,"Gremlin Horn":79,"CeramicFish":123,"Vajra":19,"Sozu":75,"Centennial Puzzle":58,"Lizard Tail":121,"HornCleat":44,"FaceOfCleric":7,"Strawberry":27,"Philosopher\u0027s Stone":40,"Toxic Egg 2":35,"Girya":58,"Happy Flower":45,"hubris:DuctTape":166,"Dead Branch":41,"Oddly Smooth Stone":44,"Charon\u0027s Ashes":49,"Letter Opener":89,"War Paint":61,"Question Card":37,"WarpedTongs":24,"Du-Vu Doll":53,"OrangePellets":49,"Bottled Flame":79,"Brimstone":9,"Bronze Scales":21,"Onion Ring":161,"Molten Egg 2":161,"Black Star":6,"Mirror":140,"Pocketwatch":54,"Meat on the Bone":55,"Darkstone Periapt":4,"ReplayFunnel":165,"Enchiridion":18,"Black Blood":48,"Mango":58,"Juzu Bracelet":79,"Incense Burner":83,"hubris:SlimyHat":146,"Empty Cage":66,"ClockworkSouvenir":19,"Dream Catcher":3,"Nunchaku":38,"Replay:Bandana":143,"Mummified Hand":31,"Gambling Chip":13,"Pantograph":53,"Tiny Chest":7,"Red Mask":42,"Red Skull":95,"Orichalcum":160,"Medical Kit":102,"White Beast Statue":36,"Mercury Hourglass":56,"Peace Pipe":31,"Calling Bell":156,"Anchor":28,"CaptainsWheel":88,"hubris:BundleOfHerbs":172,"Bag of Marbles":31,"Membership Card":4,"TungstenRod":72,"FossilizedHelix":110},{"Replay:Accelerometer":561,"Ginger":116,"Whetstone":308,"Bottled Tornado":362,"Boot":136,"Blood Vial":6,"Sundial":332,"MealTicket":33,"Fusion Hammer":62,"HandDrill":0,"Kunai":11,"Runic Cube":447,"MerchantsRug":332,"Pear":325,"Blue Candle":182,"Counterbalance":570,"Eternal Feather":116,"Pen Nib":404,"Akabeko":385,"Bird Faced Urn":116,"Mark of Pain":83,"StrikeDummy":64,"Unceasing Top":332,"hubris:Reverence":630,"Regal Pillow":70,"Lantern":113,"hubris:Metronome":570,"Torii":207,"Singing Bowl":484,"Magic Flower":332,"StoneCalendar":0,"Bag of Preparation":288,"Ancient Tea Set":317,"Burning Blood":0,"Shovel":116,"Matryoshka":247,"WingedGreaves":54,"Chemical X":187,"InkBottle":219,"Paper Frog":0,"Lee\u0027s Waffle":441,"Self Forming Clay":92,"Thread and Needle":92,"PreservedInsect":315,"The Courier":371,"Omamori":507,"Frozen Egg 2":47,"Orrery":251,"Turnip":332,"Art of War":428,"Bottled Lightning":211,"ReplayTheSpireMod:Lightbulb":608,"Toy Ornithopter":251,"Ice Cream":332,"Calipers":116,"Gremlin Horn":315,"CeramicFish":462,"Vajra":70,"Sozu":303,"Centennial Puzzle":234,"Lizard Tail":458,"HornCleat":182,"FaceOfCleric":33,"Strawberry":97,"Philosopher\u0027s Stone":165,"Toxic Egg 2":132,"Girya":234,"Happy Flower":187,"hubris:DuctTape":600,"Dead Branch":169,"Oddly Smooth Stone":182,"Charon\u0027s Ashes":200,"Letter Opener":348,"War Paint":243,"Question Card":146,"WarpedTongs":87,"Du-Vu Doll":211,"OrangePellets":200,"Bottled Flame":315,"Brimstone":39,"Bronze Scales":77,"Onion Ring":588,"Molten Egg 2":588,"Black Star":24,"Mirror":507,"Pocketwatch":214,"Meat on the Bone":219,"Darkstone Periapt":11,"ReplayFunnel":597,"Enchiridion":66,"Black Blood":198,"Mango":234,"Juzu Bracelet":315,"Incense Burner":332,"hubris:SlimyHat":532,"Empty Cage":263,"ClockworkSouvenir":70,"Dream Catcher":9,"Nunchaku":151,"Replay:Bandana":518,"Mummified Hand":116,"Gambling Chip":49,"Pantograph":211,"Tiny Chest":33,"Red Mask":172,"Red Skull":369,"Orichalcum":586,"Medical Kit":395,"White Beast Statue":136,"Mercury Hourglass":224,"Peace Pipe":116,"Calling Bell":570,"Anchor":102,"CaptainsWheel":345,"hubris:BundleOfHerbs":617,"Bag of Marbles":116,"Membership Card":11,"TungstenRod":288,"FossilizedHelix":436}],"Burning Blood":1070,"InkBottle":[5],"Mercury Hourglass":[198]},"card_choices":[{"not_picked":["Shrug It Off","Clash+1"],"picked":"Battle Trance","floor":1.0},{"not_picked":["Heavy Blade+1","ReplayTheSpireMod:Stacked"],"picked":"Perfected Strike+1","floor":7.0},{"not_picked":["Warcry","Searing Blow+1"],"picked":"Cleave+1","floor":10.0},{"not_picked":["Disarm","ReplayTheSpireMod:Strike From Hell+1"],"picked":"Demon Form","floor":11.0},{"not_picked":["Combust","Armaments"],"picked":"Juggernaut","floor":13.0},{"not_picked":["Power Through","Burning Pact","Second Wind"],"picked":"SKIP","floor":14.0},{"not_picked":["Eclipse","Corruption"],"picked":"Feed+1","floor":16.0},{"not_picked":["Cleave+1","Disarm"],"picked":"Infernal Blade","floor":18.0},{"not_picked":["Massacre+1","Life Link","Blood for Blood+1"],"picked":"SKIP","floor":21.0},{"not_picked":["Flex","Blood for Blood+1","hubris:SharpeningStone"],"picked":"SKIP","floor":22.0},{"not_picked":["Metallicize","ReplayTheSpireMod:Strike From Hell+1","Second Wind"],"picked":"SKIP","floor":23.0},{"not_picked":["Clash+1","Thunderclap+1"],"picked":"Sword Boomerang+1","floor":25.0},{"not_picked":["Thunderclap+1","Clothesline+1"],"picked":"Barricade","floor":27.0},{"not_picked":["Reckless Charge+1","Seeing Red"],"picked":"Armaments","floor":28.0},{"not_picked":["hubris:SharpeningStone","Evolve"],"picked":"Thunderclap+1","floor":29.0},{"not_picked":["Spot Weakness","Shrug It Off"],"picked":"Sword Boomerang+1","floor":31.0}],"player_experience":1104311,"relics_obtained":[{"floor":7.0,"key":"Gremlin Horn"},{"floor":9.0,"key":"Bag of Marbles"},{"floor":11.0,"key":"ReplayFunnel"},{"floor":13.0,"key":"hubris:DuctTape"},{"floor":17.0,"key":"ReplayTheSpireMod:Lightbulb"},{"floor":17.0,"key":"StrikeDummy"},{"floor":17.0,"key":"Shovel"},{"floor":24.0,"key":"hubris:BundleOfHerbs"},{"floor":25.0,"key":"Omamori"},{"floor":26.0,"key":"InkBottle"},{"floor":29.0,"key":"hubris:Reverence"}],"event_choices":[{"damage_healed":0.0,"max_hp_gain":0.0,"max_hp_loss":0.0,"gold_gain":0.0,"event_name":"Living Wall","player_choice":"Grow","floor":4.0,"gold_loss":0.0,"damage_taken":0.0,"cards_upgraded":["Battle Trance"]},{"damage_healed":0.0,"max_hp_gain":0.0,"max_hp_loss":0.0,"gold_gain":0.0,"event_name":"Big Fish","player_choice":"Box","floor":5.0,"gold_loss":0.0,"damage_taken":0.0,"relics_obtained":["Mercury Hourglass"],"cards_obtained":["Regret"]},{"damage_healed":0.0,"max_hp_gain":0.0,"max_hp_loss":0.0,"gold_gain":0.0,"event_name":"WeMeetAgain","player_choice":"Gave Potion","floor":19.0,"gold_loss":0.0,"damage_taken":0.0,"relics_obtained":["Lantern"]}],"is_beta":false,"boss_relics":[{"not_picked":["Replay:Drink Me","SacredBark"],"picked":"Calling Bell"}],"items_purged_floors":[],"is_endless":false,"potions_floor_spawned":[10,11,14,18,22,23,28],"killed_by":"Automaton","ascension_level":20}}