{"host":"ss2ocoam53r2lno0","time":1610641572,"event":{"mods":["Act Like it!","BaseMod","ChefMod","Clockwork Mod","Colored Powertips","Curses Come First","Displayed Cursed Tome","Downfall","Evolution","Googly Eyes","Hallownest","Highlight Path","Minty Spire (QoL Compilation)","Poor People Problems","Rare Cards Sparkle","Robot Space Explorer","Shade Mod","Shop Mod","Spicy Shops","StSLib","The Marked"],"gold_per_floor":[116,136,151,151,167,167,167,167,167],"floor_reached":8,"language":"ENG","playtime":847,"items_purged":[],"score":58,"play_id":"c93122a1-319a-4521-b5ae-3654150bbf18","local_time":"20210114172612","is_ascension_mode":true,"campfire_choices":[{"data":"Clockwork:CraftSomewhatSmoothStone","floor":6,"key":"SMITH"}],"circlet_count":0,"master_deck":["Clockwork:SnapKeep","Clockwork:Strike","Clockwork:Strike","Clockwork:Shield","Clockwork:Shield","Clockwork:Shield","Clockwork:Shield","Clockwork:Tinker","Clockwork:WarmUp","Clockwork:ChargingShield+1","Clockwork:ChargingShield","Clockwork:CraftSomewhatSmoothStone+1"],"relics":["Clockwork:MomentumEngine","EVO:Axolotl","Orichalcum"],"acts_visited":["Exordium"],"potions_floor_usage":[5],"damage_taken":[{"damage":3,"enemies":"2 Louse","floor":1,"turns":5},{"damage":8,"enemies":"Jaw Worm","floor":2,"turns":9},{"damage":10,"enemies":"Cultist","floor":3,"turns":8},{"damage":22,"enemies":"Exordium Wildlife","floor":5,"turns":9},{"damage":62,"enemies":"Gremlin Nob","floor":8,"turns":5}],"seed_played":"2168445802589588669","potions_obtained":[{"floor":1,"key":"Block Potion"},{"floor":3,"key":"Energy Potion"}],"is_trial":false,"path_per_floor":["M","M","M","?","M","R","?","E"],"character_chosen":"CLOCKWORK","items_purchased":[],"campfire_rested":0,"item_purchase_floors":[],"current_hp_per_floor":[82,74,64,52,30,30,30,0,0],"gold":167,"neow_bonus":"REMOVE_CARD","is_daily":false,"chose_seed":false,"campfire_upgraded":1,"win_rate":0.0,"timestamp":1610641572,"path_taken":["M","M","M","?","M","R","?","E"],"items_purchased_type":[],"build_version":"2020-12-22","purchased_purges":0,"victory":false,"max_hp_per_floor":[85,85,85,85,85,85,85,85,85],"card_choices":[{"not_picked":["Clockwork:SearchingStrike","Clockwork:CogToss"],"picked":"Clockwork:ChargingShield","floor":1},{"not_picked":["Clockwork:StasisBreak","Clockwork:TiltAWhirl","Clockwork:ForgeStrike"],"picked":"SKIP","floor":2},{"not_picked":["Clockwork:Improve","Clockwork:SpringShield"],"picked":"Clockwork:ChargingShield","floor":3},{"not_picked":["Clockwork:Redundancy","Clockwork:ForgeStrike"],"picked":"Clockwork:CraftSomewhatSmoothStone","floor":5}],"player_experience":703333,"relics_obtained":[],"event_choices":[{"damage_healed":0,"gold_gain":0,"player_choice":"Success","damage_taken":12,"relics_obtained":["Orichalcum"],"max_hp_gain":0,"max_hp_loss":0,"event_name":"Scrap Ooze","floor":4,"gold_loss":0},{"damage_healed":0,"gold_gain":0,"player_choice":"Upgraded","damage_taken":0,"max_hp_gain":0,"max_hp_loss":0,"event_name":"Upgrade Shrine","floor":7,"gold_loss":0,"cards_upgraded":["Clockwork:ChargingShield"]}],"is_beta":false,"boss_relics":[],"items_purged_floors":[],"is_endless":false,"potions_floor_spawned":[1,3],"killed_by":"Gremlin Nob","ascension_level":4}}