{"host":"8pjvbxl6xo882v42","time":1610660196,"event":{"mods":["AchievementEnabler","BaseMod","Minty Spire (QoL Compilation)","Replay The Spire","StSLib","The Cursed"],"gold_per_floor":[18,36,36,46,46,76,76,111,111,111,130,35,53,66,66,138,138,148,148,29,49,49,49,49,75,75,75,75,92,92,117,117,196,196,207,225,239,66,77,77,105,121,121,121,121,141,141,155,155,155],"floor_reached":51,"language":"FRA","playtime":3921,"items_purged":["Strike_R"],"score":1001,"play_id":"1577aa28-9e73-469f-9e12-7000e7c4dcae","local_time":"20210114223636","is_ascension_mode":true,"campfire_choices":[{"floor":7,"key":"REST"},{"floor":10,"key":"REST"},{"data":"Inflame","floor":15,"key":"SMITH"},{"data":"Seeing Red","floor":23,"key":"SMITH"},{"floor":27,"key":"REST"},{"floor":30,"key":"REST"},{"floor":32,"key":"REST"},{"floor":40,"key":"REST"},{"floor":44,"key":"REST"},{"floor":47,"key":"REST"},{"floor":49,"key":"REST"}],"circlet_count":0,"master_deck":["AscendersBane","Defend_R+1","Defend_R","Defend_R","Bash","Replay:Undeath\u0027s Touch","Dropkick","Ghostly Armor+1","Thunderclap+1","Dramatic Entrance+1","Inflame+1","Pommel Strike+1","Fiend Fire+1","Anger+1","Seeing Red+1","Thunderclap+1","Shrug It Off+1","Pommel Strike+1","Brutality","Fiend Fire+1","Feel No Pain+1","Double Tap+1","Pummel+1","Infernal Blade+1","Offering"],"relics":["Burning Blood","Calipers","Omamori","Molten Egg 2","Replay:Mystery Machine","Busted Crown","Pen Nib","Replay:Bottled Steam","King of Hearts","Replay:Grab Bag","Painkiller Herb","Fusion Hammer","Astrolabe","War Paint","Replay:Arrowhead","Juzu Bracelet"],"acts_visited":["Exordium","TheCity","TheBeyond"],"potions_floor_usage":[6,8,11,33,33,50,50],"damage_taken":[{"damage":1,"enemies":"2 Louse","floor":1,"turns":4},{"damage":1,"enemies":"Cultist","floor":2,"turns":3},{"damage":19,"enemies":"Jaw Worm","floor":4,"turns":5},{"damage":70,"enemies":"3 Sentries","floor":6,"turns":13},{"damage":6,"enemies":"Replay:BlueRogue","floor":8,"turns":4},{"damage":16,"enemies":"Exordium Wildlife","floor":11,"turns":4},{"damage":5,"enemies":"Looter","floor":13,"turns":2},{"damage":0,"enemies":"Gremlin Gang","floor":14,"turns":1},{"damage":28,"enemies":"Slime Boss","floor":16,"turns":6},{"damage":23,"enemies":"2 Thieves","floor":18,"turns":4},{"damage":14,"enemies":"Spheric Guardian","floor":21,"turns":4},{"damage":32,"enemies":"Replay:Snechameleon","floor":25,"turns":5},{"damage":18,"enemies":"Snake Plant","floor":29,"turns":3},{"damage":21,"enemies":"Book of Stabbing","floor":31,"turns":4},{"damage":18,"enemies":"Pondfish","floor":33,"turns":8},{"damage":30,"enemies":"3 Shapes","floor":35,"turns":9},{"damage":0,"enemies":"3 Darklings","floor":36,"turns":4},{"damage":13,"enemies":"Writhing Mass","floor":37,"turns":4},{"damage":7,"enemies":"4 Shapes","floor":39,"turns":2},{"damage":12,"enemies":"R_Hoarder","floor":41,"turns":5},{"damage":9,"enemies":"Maw","floor":42,"turns":4},{"damage":0,"enemies":"Spire Growth","floor":46,"turns":2},{"damage":15,"enemies":"Writhing Mass","floor":48,"turns":5},{"damage":27,"enemies":"Replay:Hell Engine","floor":50,"turns":10}],"seed_played":"-2037538150172356511","potions_obtained":[{"floor":2,"key":"Strength Potion"},{"floor":4,"key":"BloodPotion"},{"floor":8,"key":"ColorlessPotion"},{"floor":14,"key":"LiquidBronze"},{"floor":25,"key":"HeartOfIron"},{"floor":35,"key":"Strength Potion"},{"floor":41,"key":"SkillPotion"},{"floor":42,"key":"Reflective Coating"}],"is_trial":false,"path_per_floor":["M","M","?","M","?","E","R","E","T","R","M","$","M","M","R","B",null,"M","?","$","M","$","R","$","E","T","R","$","M","R","E","R","B",null,"?","?","?","T","?","T","E","?","T","T","?","?","T","?","T","B",null],"character_chosen":"IRONCLAD","items_purchased":["Dramatic Entrance+1","Shrug It Off+1","War Paint"],"campfire_rested":9,"item_purchase_floors":[12,20,38],"current_hp_per_floor":[73,75,80,67,55,7,31,31,31,55,45,45,46,52,52,30,68,51,51,51,43,43,43,43,17,17,41,41,29,53,38,62,50,73,49,55,48,48,47,71,65,62,62,80,80,80,80,71,80,59],"gold":155,"neow_bonus":"ONE_RARE_RELIC","is_daily":false,"chose_seed":false,"campfire_upgraded":2,"win_rate":0.0,"timestamp":1610660196,"path_taken":["M","M","?","M","?","E","R","E","T","R","M","$","?","M","R","BOSS","M","?","?","M","$","R","$","E","T","R","?","M","R","E","R","BOSS","?","?","?","T","?","T","E","?","T","T","?","?","T","?","T","BOSS"],"items_purchased_type":["Card","Card","Relic"],"build_version":"2020-12-22","purchased_purges":1,"victory":true,"max_hp_per_floor":[75,75,80,80,80,80,80,80,80,80,80,80,80,80,80,80,80,80,80,80,80,80,80,80,80,80,80,80,80,80,80,80,80,80,80,80,80,80,80,80,80,80,80,80,80,80,80,80,80,80],"card_choices":[{"not_picked":["Flex","Metallicize"],"picked":"Anger","floor":1},{"not_picked":["Clash","Massacre","Perfected Strike"],"picked":"SKIP","floor":2},{"not_picked":["Shrug It Off","Sentinel"],"picked":"Replay:Undeath\u0027s Touch","floor":4},{"not_picked":["ReplayReversal","Warcry"],"picked":"Dropkick","floor":6},{"not_picked":["Life Link","Limit Break"],"picked":"Ghostly Armor","floor":8},{"not_picked":["Entrench","Sword Boomerang+1"],"picked":"Thunderclap+1","floor":11},{"not_picked":["Anger+1","Blood for Blood+1"],"picked":"Inflame","floor":13},{"not_picked":["Havoc","Clash+1"],"picked":"Pommel Strike+1","floor":14},{"not_picked":["Eclipse","Demonic Infusion"],"picked":"Fiend Fire+1","floor":16},{"not_picked":[],"picked":"Anger+1","floor":18},{"not_picked":[],"picked":"Pommel Strike+1","floor":21},{"not_picked":[],"picked":"Brutality","floor":25},{"not_picked":["Flex"],"picked":"SKIP","floor":29},{"not_picked":["Twin Strike+1"],"picked":"SKIP","floor":31},{"not_picked":[],"picked":"Fiend Fire+1","floor":33},{"not_picked":["Wild Strike+1"],"picked":"SKIP","floor":35},{"not_picked":["Sword Boomerang+1"],"picked":"SKIP","floor":36},{"not_picked":["Warcry"],"picked":"SKIP","floor":37},{"not_picked":[],"picked":"Infernal Blade+1","floor":39},{"not_picked":[],"picked":"Offering","floor":41},{"not_picked":["Sword Boomerang+1"],"picked":"SKIP","floor":42},{"not_picked":["Warcry"],"picked":"SKIP","floor":46},{"not_picked":["Flex"],"picked":"SKIP","floor":48}],"player_experience":321106,"relics_obtained":[{"floor":6,"key":"Omamori"},{"floor":8,"key":"Molten Egg 2"},{"floor":9,"key":"Replay:Mystery Machine"},{"floor":25,"key":"Pen Nib"},{"floor":26,"key":"Replay:Bottled Steam"},{"floor":31,"key":"King of Hearts"},{"floor":41,"key":"Replay:Arrowhead"},{"floor":43,"key":"Juzu Bracelet"}],"event_choices":[{"damage_healed":0,"gold_gain":0,"player_choice":"Donut","damage_taken":0,"max_hp_gain":5,"max_hp_loss":0,"event_name":"Big Fish","floor":3,"gold_loss":0},{"damage_healed":0,"gold_gain":0,"player_choice":"Damaged","damage_taken":12,"max_hp_gain":0,"max_hp_loss":0,"event_name":"Wheel of Change","floor":5,"gold_loss":0},{"damage_healed":0,"gold_gain":0,"cards_transformed":["Strike_R","Strike_R"],"player_choice":"Became Test Subject","damage_taken":0,"max_hp_gain":0,"max_hp_loss":0,"event_name":"Drug Dealer","floor":19,"gold_loss":0,"cards_obtained":["Seeing Red","Thunderclap"]},{"cards_removed":["Anger"],"damage_healed":0,"gold_gain":0,"player_choice":"Purged","damage_taken":0,"max_hp_gain":0,"max_hp_loss":0,"event_name":"Purifier","floor":45,"gold_loss":0}],"is_beta":false,"boss_relics":[{"not_picked":["Replay:Bronze Core","Calling Bell"],"picked":"Busted Crown"},{"not_picked":["Empty Cage","Black Star"],"picked":"Replay:Grab Bag"},{"not_picked":["Replay:Wanted Poster","Electric Blood"],"picked":"Painkiller Herb"},{"not_picked":["Coffee Dripper","Philosopher\u0027s Stone"],"picked":"Fusion Hammer"},{"not_picked":["Pandora\u0027s Box","Snecko Heart"],"picked":"Astrolabe"}],"items_purged_floors":[20],"is_endless":false,"potions_floor_spawned":[2,4,8,14,25,35,41,42,46],"ascension_level":18}}