{"host":"m6aaltr68g9tvoay","time":1610588384,"event":{"mods":["AchievementEnabler","BaseMod","Colored Map","Downfall","Minty Spire (QoL Compilation)","StSLib"],"gold_per_floor":[99,114,29,29,43,43,43,74,86,86,97,97,97,97,117,213,213,13,27,127,37,55,55,79,79,93,93,105,131,131,231,241,346,346,346,346,357,141,155,155,155,55,14,25,25,25,43,54,65,65,65,99,15,15,15,15],"floor_reached":55,"language":"ENG","playtime":1257,"items_purged":["bronze:Strike","Pride","bronze:Strike"],"score":828,"play_id":"bec119e5-b2c5-4f72-801e-30c54682434a","local_time":"20210113173944","is_ascension_mode":true,"campfire_choices":[{"floor":1,"key":"RECALL"},{"floor":13,"key":"REST"},{"data":"bronze:HardenedForm","floor":18,"key":"SMITH"},{"data":"bronze:FineTuning","floor":25,"key":"SMITH"},{"floor":27,"key":"REST"},{"data":"bronze:CleanCode","floor":30,"key":"SMITH"},{"floor":35,"key":"REST"},{"floor":42,"key":"REST"},{"floor":54,"key":"REST"}],"circlet_count":0,"master_deck":["bronze:Strike","bronze:Strike","bronze:Defend","bronze:Defend","bronze:Defend","bronze:Defend","bronze:Replicate","bronze:Goto","bronze:RecursiveStrike+1","bronze:Iterate","bronze:Overload","bronze:DigitalCarnage","bronze:Branch","bronze:ChildClass","bronze:Iterate","bronze:HardenedForm+1","bronze:Assembly","bronze:GetLatest","bronze:DecaBeam","bronze:FineTuning+1","bronze:BronzeOrb","bronze:Deprecate+1","bronze:ClassDefault","bronze:AlphaBuild","bronze:CleanCode+1","bronze:BronzeArmor","bronze:BurnOut","bronze:Turbo+1","expansioncontent:YouAreMine","Clumsy","bronze:BugBarrage+1","bronze:Fortify+1","bronze:Flail","bronze:Branch","expansioncontent:InvincibleStrength"],"relics":["bronze:BronzeCore","Matryoshka","Ornamental Fan","Darkstone Periapt","Dead Branch","StrikeDummy","SacredBark","downfall:HeartBlessingRed","downfall:HeartBlessingGreen","Dream Catcher","Bag of Marbles","Vajra","Pocketwatch","Incense Burner","Pear","Cursed Key","downfall:HeartBlessingBlue","Mummified Hand","White Beast Statue"],"acts_visited":["Exordium","TheCity","TheBeyond","TheEnding"],"potions_floor_usage":[8,16,16,32,33,33,50,50],"damage_taken":[{"damage":1,"enemies":"Cultist","floor":2,"turns":3},{"damage":5,"enemies":"downfall:FleeingMerchant","floor":3,"turns":4},{"damage":2,"enemies":"Jaw Worm","floor":5,"turns":2},{"damage":22,"enemies":"Lagavulin","floor":8,"turns":6},{"damage":2,"enemies":"2 Louse","floor":9,"turns":2},{"damage":7,"enemies":"2 Fungi Beasts","floor":11,"turns":3},{"damage":7,"enemies":"Large Slime","floor":15,"turns":3},{"damage":30,"enemies":"downfall:Silent","floor":16,"turns":8},{"damage":8,"enemies":"Shell Parasite","floor":19,"turns":3},{"damage":0,"enemies":"Shell Parasite","floor":20,"turns":2},{"damage":11,"enemies":"downfall:FleeingMerchant","floor":21,"turns":4},{"damage":1,"enemies":"Sentry and Sphere","floor":22,"turns":5},{"damage":1,"enemies":"Snecko","floor":26,"turns":4},{"damage":2,"enemies":"3 Cultists","floor":28,"turns":4},{"damage":0,"enemies":"Book of Stabbing","floor":29,"turns":3},{"damage":21,"enemies":"Colosseum Nobs","floor":31,"turns":4},{"damage":31,"enemies":"Snake Plant","floor":32,"turns":4},{"damage":30,"enemies":"downfall:Defect","floor":33,"turns":9},{"damage":17,"enemies":"3 Darklings","floor":37,"turns":7},{"damage":0,"enemies":"downfall:FleeingMerchant","floor":38,"turns":4},{"damage":13,"enemies":"3 Shapes","floor":39,"turns":3},{"damage":0,"enemies":"downfall:FleeingMerchant","floor":43,"turns":1},{"damage":0,"enemies":"Transient","floor":44,"turns":5},{"damage":0,"enemies":"Jaw Worm Horde","floor":47,"turns":3},{"damage":0,"enemies":"Sphere and 2 Shapes","floor":48,"turns":4},{"damage":7,"enemies":"Spire Growth","floor":49,"turns":2},{"damage":35,"enemies":"downfall:Watcher","floor":50,"turns":14},{"damage":84,"enemies":"downfall:CharBossMerchant","floor":52,"turns":10},{"damage":125,"enemies":"downfall:NeowBoss","floor":55,"turns":8}],"seed_played":"1373354892562613278","potions_obtained":[{"floor":5,"key":"AttackPotion"},{"floor":9,"key":"SteroidPotion"},{"floor":11,"key":"bronze:FreeFunctionsPotion"},{"floor":16,"key":"Regen Potion"},{"floor":19,"key":"Fire Potion"},{"floor":22,"key":"SmokeBomb"},{"floor":26,"key":"bronze:FreeFunctionsPotion"},{"floor":37,"key":"Explosive Potion"},{"floor":39,"key":"Ancient Potion"},{"floor":49,"key":"EssenceOfSteel"}],"is_trial":false,"path_per_floor":["R","M","$","?","M","T","T","E","M","?","M","?","R","?","M","B",null,"R","M","?","$","M","?","T","R","M","R","M","E","R","?","M","B",null,"R","?","M","$","M","?","T","R","$","M","?","?","M","M","M","B",null,"E","$","R","B"],"character_chosen":"THE_AUTOMATON","items_purchased":["bronze:DigitalCarnage","FairyPotion","Mummified Hand","expansioncontent:InvincibleStrength"],"campfire_rested":5,"item_purchase_floors":[3,38,43,53],"current_hp_per_floor":[70,69,64,69,67,67,67,45,43,36,29,29,51,51,44,14,75,75,67,67,56,55,61,61,61,60,81,79,79,79,68,56,26,91,91,91,74,74,61,61,67,107,107,107,107,107,107,107,100,65,107,23,23,55,0,0],"gold":15,"neow_bonus":"ONE_RANDOM_RARE_CARD","is_daily":false,"chose_seed":false,"campfire_upgraded":3,"win_rate":0.0,"timestamp":1610588384,"path_taken":["R","M","$","?","M","?","T","E","?","?","M","?","R","?","M","BOSS","R","M","?","$","M","?","T","R","M","R","M","E","R","?","M","BOSS","R","?","M","$","M","?","T","R","$","M","?","?","?","M","M","BOSS","E","$","R","BOSS"],"items_purchased_type":["Card","Potion","Relic","Card"],"build_version":"2020-12-22","purchased_purges":3,"victory":false,"max_hp_per_floor":[70,70,70,75,75,75,75,75,75,75,75,75,75,75,75,75,75,75,75,75,75,75,81,81,81,81,81,81,81,81,91,91,91,91,91,91,91,91,91,91,97,107,107,107,107,107,107,107,107,107,107,107,107,107,107,107],"card_choices":[{"not_picked":["bronze:FollowUp","bronze:Shield"],"picked":"bronze:Iterate","floor":2},{"not_picked":["bronze:Frontload","bronze:Separator"],"picked":"bronze:Overload","floor":3},{"not_picked":["bronze:BugBarrage","bronze:GetLatest"],"picked":"bronze:Branch","floor":5},{"not_picked":["bronze:CutThrough","bronze:Safeguard"],"picked":"bronze:InfiniteBeams","floor":8},{"not_picked":["bronze:NullPointer","bronze:DelayedGuard"],"picked":"bronze:ChildClass","floor":9},{"not_picked":["bronze:NullPointer","bronze:Invalidate"],"picked":"bronze:Iterate","floor":11},{"not_picked":["bronze:GetLatest","bronze:Overheat"],"picked":"bronze:HardenedForm","floor":15},{"not_picked":["bronze:HyperBeam","bronze:AlphaBuild"],"picked":"bronze:Assembly","floor":16},{"not_picked":["bronze:Shell","bronze:OilSpill"],"picked":"bronze:GetLatest","floor":19},{"not_picked":[],"picked":"bronze:DecaBeam","floor":20},{"not_picked":["bronze:Branch","bronze:BronzeOrb"],"picked":"bronze:FineTuning","floor":20},{"not_picked":["bronze:NullPointer","bronze:BuggyMess+1"],"picked":"bronze:BronzeOrb","floor":21},{"not_picked":["bronze:Invalidate","bronze:WildBeam"],"picked":"bronze:Deprecate+1","floor":22},{"not_picked":["bronze:NullPointer","bronze:Invalidate"],"picked":"bronze:ClassDefault","floor":26},{"not_picked":["bronze:Terminator+1","bronze:Iterate+1"],"picked":"bronze:AlphaBuild","floor":28},{"not_picked":["bronze:Overheat","bronze:BugBarrage+1"],"picked":"bronze:CleanCode","floor":29},{"not_picked":["bronze:Allocate","bronze:Deprecate"],"picked":"bronze:BronzeArmor","floor":32},{"not_picked":["bronze:RecursiveStrike","bronze:Verify"],"picked":"bronze:BurnOut","floor":33},{"not_picked":["bronze:Backtrace+1","bronze:Overload"],"picked":"bronze:Turbo+1","floor":35},{"not_picked":["bronze:Iterate+1","bronze:Overheat","bronze:Deprecate+1"],"picked":"SKIP","floor":37},{"not_picked":["bronze:Backtrace","bronze:Shell","bronze:CutThrough+1"],"picked":"SKIP","floor":38},{"not_picked":["bronze:Turbo+1","bronze:Iterate+1","bronze:Frontload+1"],"picked":"SKIP","floor":39},{"not_picked":["expansioncontent:PolyBeam","expansioncontent:Chronoboost"],"picked":"expansioncontent:YouAreMine","floor":40},{"not_picked":["bronze:InfiniteBeams+1","bronze:WhirlingStrike"],"picked":"bronze:BugBarrage+1","floor":43},{"not_picked":["bronze:Shield","bronze:WildBeam+1"],"picked":"bronze:Fortify+1","floor":44},{"not_picked":["bronze:Fortify","bronze:Philosophize+1","bronze:BugBarrage"],"picked":"SKIP","floor":47},{"not_picked":["bronze:Backtrace+1","bronze:Safeguard+1"],"picked":"bronze:Flail","floor":48},{"not_picked":["bronze:BuggyMess","bronze:Terminator","bronze:Overheat+1"],"picked":"SKIP","floor":49},{"not_picked":["bronze:Overheat+1","bronze:Shell"],"picked":"bronze:Branch","floor":52}],"player_experience":1783201,"relics_obtained":[{"floor":6,"key":"Matryoshka"},{"floor":7,"key":"Ornamental Fan"},{"floor":7,"key":"Darkstone Periapt"},{"floor":8,"key":"Dead Branch"},{"floor":24,"key":"Bag of Marbles"},{"floor":24,"key":"Vajra"},{"floor":29,"key":"Pocketwatch"},{"floor":31,"key":"Incense Burner"},{"floor":31,"key":"Pear"},{"floor":52,"key":"White Beast Statue"}],"event_choices":[{"damage_healed":0,"gold_gain":0,"player_choice":"Donut","damage_taken":0,"max_hp_gain":5,"max_hp_loss":0,"event_name":"Big Fish","floor":4,"gold_loss":0},{"damage_healed":0,"gold_gain":0,"player_choice":"Success","damage_taken":7,"relics_obtained":["StrikeDummy"],"max_hp_gain":0,"max_hp_loss":0,"event_name":"Scrap Ooze","floor":10,"gold_loss":0},{"damage_healed":0,"gold_gain":0,"player_choice":"Grow","damage_taken":0,"max_hp_gain":0,"max_hp_loss":0,"event_name":"Living Wall","floor":12,"gold_loss":0,"cards_upgraded":["bronze:RecursiveStrike"]},{"damage_healed":0,"gold_gain":0,"player_choice":"Stole Relic","damage_taken":0,"relics_obtained":["Dream Catcher"],"max_hp_gain":0,"max_hp_loss":0,"event_name":"Addict","floor":23,"gold_loss":0,"cards_obtained":["Pride"]},{"cards_removed":["bronze:InfiniteBeams"],"damage_healed":0,"gold_gain":0,"player_choice":"Removed Power","damage_taken":0,"max_hp_gain":0,"max_hp_loss":0,"event_name":"Falling","floor":36,"gold_loss":0},{"damage_healed":0,"gold_gain":0,"player_choice":"Ignored","damage_taken":0,"max_hp_gain":0,"max_hp_loss":0,"event_name":"Mysterious Sphere","floor":45,"gold_loss":0}],"is_beta":false,"boss_relics":[{"not_picked":["Busted Crown","Coffee Dripper"],"picked":"SacredBark"},{"not_picked":["Pandora\u0027s Box","Velvet Choker"],"picked":"Cursed Key"}],"items_purged_floors":[21,38,43],"is_endless":false,"potions_floor_spawned":[5,9,11,16,19,22,26,28,31,37,39,49],"killed_by":"downfall:NeowBoss","ascension_level":2}}