{"host":"se62q65hiqxz7cab","time":1610627262,"event":{"mods":["Act Like it!","BaseMod","Colored Map","Downfall","Minty Spire (QoL Compilation)","Remilia£®¿Ÿ√◊¿Ú—«£©","Replay The Spire","Shop Mod","StSLib","The Bug Knight","The Cursed","The Servant 0.9.4"],"gold_per_floor":[99,111,111,19,29,29,29,48,48,33,33,133,133,149,161,260,260,260,277,297,311,311,323,323,169,169,180,191,191,191,191],"floor_reached":29,"language":"ZHS","playtime":1572,"items_purged":["Replay:Hysterical Blindness"],"score":267,"play_id":"1d70a4ca-ab9d-45e1-87e2-7a4d8bd69b16","local_time":"20210114202742","is_ascension_mode":false,"campfire_choices":[{"data":"Slimebound:MassFeed","floor":1,"key":"SMITH"},{"data":"Slimebound:Grow","floor":9,"key":"SMITH"},{"floor":13,"key":"REST"},{"data":"Slimebound:OozeBath","floor":18,"key":"SMITH"}],"circlet_count":0,"master_deck":["Slimebound:Strike_Slimebound","Slimebound:Strike_Slimebound","Slimebound:Tackle","Slimebound:Defend_Slimebound","Slimebound:Defend_Slimebound","Slimebound:Defend_Slimebound","Slimebound:Split","Slimebound:CorrosiveSpit+1","Slimebound:MassFeed+1","Slimebound:SplitAcid","Slimebound:OozeBath+1","Slimebound:MegaLick","Slimebound:LivingWall","Slimebound:Grow+1","Slimebound:FinishingTackle","Slimebound:SlimeSlap","Slimebound:ProtectTheBoss","Slimebound:GoopSpray","Slimebound:CheckThePlaybook","Slimebound:ViciousTackle","Slimebound:ForwardTackle+1","Slimebound:FinishingTackle","Slimebound:SamplingLick+1","Slimebound:Gluttony","Necronomicurse","Slimebound:FlameTackle","Slimebound:SplitLeeching"],"relics":["Slimebound:AbsorbEndCombat","HornCleat","Replay:Accelerometer","SlaversCollar","Prayer Wheel","ReplayTheSpireMod:CursedCoin","MealTicket","Necronomicon"],"acts_visited":["Exordium","TheCity"],"potions_floor_usage":[3],"damage_taken":[{"damage":13,"enemies":"Jaw Worm","floor":2,"turns":3},{"damage":14,"enemies":"downfall:FleeingMerchant","floor":4,"turns":4},{"damage":16,"enemies":"Cultist","floor":5,"turns":4},{"damage":8,"enemies":"Small Slimes","floor":8,"turns":2},{"damage":11,"enemies":"downfall:FleeingMerchant","floor":10,"turns":4},{"damage":50,"enemies":"downfall:Heads","floor":12,"turns":6},{"damage":4,"enemies":"3 Louse","floor":14,"turns":2},{"damage":23,"enemies":"Large Slime","floor":15,"turns":5},{"damage":55,"enemies":"downfall:Watcher","floor":16,"turns":10},{"damage":21,"enemies":"3 Byrds","floor":19,"turns":4},{"damage":39,"enemies":"Shell Parasite","floor":20,"turns":4},{"damage":29,"enemies":"Snake Plant","floor":21,"turns":3},{"damage":53,"enemies":"Chosen and Byrds","floor":23,"turns":6},{"damage":14,"enemies":"downfall:FleeingMerchant","floor":25,"turns":4},{"damage":22,"enemies":"Centurion and Healer","floor":27,"turns":6},{"damage":13,"enemies":"3 Cultists","floor":28,"turns":5},{"damage":49,"enemies":"Cultist and Chosen","floor":29,"turns":6}],"seed_played":"-4618582157747079091","potions_obtained":[{"floor":3,"key":"Fire Potion"},{"floor":3,"key":"CultistPotion"},{"floor":3,"key":"Fruit Juice"},{"floor":8,"key":"Explosive Potion"}],"is_trial":false,"path_per_floor":["R","M","?","$","M","T","T","M","R","$","?","?","R","M","M","B",null,"R","M","M","M","?","M","T","$","?","M","M","M"],"character_chosen":"SLIMEBOUND","items_purchased":["Slimebound:MegaLick","ReplayTheSpireMod:CursedCoin","Slimebound:Gluttony","MealTicket"],"campfire_rested":1,"item_purchase_floors":[4,25,25,25],"current_hp_per_floor":[60,63,68,62,62,62,62,69,69,69,74,41,63,81,74,63,86,86,80,65,52,52,27,27,29,13,23,34,0,0,0],"gold":191,"neow_bonus":"ONE_RANDOM_RARE_CARD","is_daily":false,"chose_seed":false,"campfire_upgraded":3,"win_rate":0.0,"timestamp":1610627262,"path_taken":["R","M","?","?","M","?","T","M","R","$","?","?","R","M","M","BOSS","R","M","M","M","?","M","T","$","?","M","M","M"],"items_purchased_type":["Card","Relic","Card","Relic"],"build_version":"2020-12-22","purchased_purges":1,"victory":false,"max_hp_per_floor":[60,64,69,69,69,69,69,69,69,69,74,74,74,86,86,86,86,86,90,90,90,90,90,90,90,90,94,98,98,98,98],"card_choices":[{"not_picked":["Slimebound:SplitBruiser","Slimebound:SplitLeeching"],"picked":"Slimebound:SplitAcid","floor":2},{"not_picked":["Slimebound:GrowthPunch","Slimebound:SlimeSpikes"],"picked":"Slimebound:OozeBath","floor":4},{"not_picked":["Slimebound:GoopSpray","Slimebound:LeechingTouch"],"picked":"Slimebound:LivingWall","floor":5},{"not_picked":["Slimebound:ServeAndProtect","Slimebound:TongueLash"],"picked":"Slimebound:Grow","floor":8},{"not_picked":["Slimebound:SplitMire","Slimebound:FirmFortitude"],"picked":"Slimebound:FinishingTackle","floor":10},{"not_picked":["Slimebound:ForwardTackle","Slimebound:Overexert"],"picked":"Slimebound:ProtectTheBoss","floor":12},{"not_picked":["Slimebound:SlimeSpikes","Slimebound:SlimeBrawl"],"picked":"Slimebound:GoopSpray","floor":14},{"not_picked":["Slimebound:FinishingTackle","Slimebound:Replication","Slimebound:GoopSpray"],"picked":"SKIP","floor":15},{"not_picked":["Slimebound:RallyTheTroops","Slimebound:SlimeSlap"],"picked":"Slimebound:CheckThePlaybook","floor":16},{"not_picked":["Slimebound:SplitLeeching+1","Slimebound:SplitMire","Slimebound:DivideAndConquer+1"],"picked":"SKIP","floor":19},{"not_picked":["Slimebound:SplitMire","Slimebound:SplitLeeching"],"picked":"Slimebound:ViciousTackle","floor":20},{"not_picked":["Slimebound:LeechEnergy","Slimebound:Repurpose"],"picked":"Slimebound:ForwardTackle+1","floor":21},{"not_picked":["Slimebound:SplitBruiser","Slimebound:LeechEnergy"],"picked":"Slimebound:FinishingTackle","floor":23},{"not_picked":["Slimebound:GrowthPunch","Slimebound:SplitLeeching"],"picked":"Slimebound:SamplingLick+1","floor":25},{"not_picked":["Slimebound:Replication","Slimebound:ServeAndProtect"],"picked":"Slimebound:FlameTackle","floor":27},{"not_picked":["Slimebound:RollThrough","Slimebound:GoopSpray","Slimebound:ComboTackle"],"picked":"SKIP","floor":27},{"not_picked":["Slimebound:GrowthPunch+1","Slimebound:LeechEnergy+1"],"picked":"Slimebound:SplitLeeching","floor":28},{"not_picked":["Slimebound:LeechEnergy","Slimebound:LeechingTouch","Slimebound:CheckThePlaybook"],"picked":"SKIP","floor":28}],"player_experience":204086,"relics_obtained":[{"floor":6,"key":"HornCleat"},{"floor":7,"key":"Replay:Accelerometer"},{"floor":24,"key":"Prayer Wheel"},{"floor":26,"key":"Necronomicon"}],"event_choices":[{"damage_healed":0,"gold_gain":0,"player_choice":"Got Potions","damage_taken":0,"max_hp_gain":0,"max_hp_loss":0,"event_name":"Lab","floor":3,"gold_loss":0},{"damage_healed":0,"gold_gain":0,"player_choice":"Donut","damage_taken":0,"max_hp_gain":5,"max_hp_loss":0,"event_name":"Big Fish","floor":11,"gold_loss":0},{"damage_healed":0,"gold_gain":0,"player_choice":"Ignored","damage_taken":0,"max_hp_gain":0,"max_hp_loss":0,"event_name":"Ghosts","floor":22,"gold_loss":0}],"is_beta":false,"boss_relics":[{"not_picked":["Runic Pyramid","Kintsugi"],"picked":"SlaversCollar"}],"items_purged_floors":[25],"is_endless":false,"potions_floor_spawned":[8,12,14,16,20,23],"killed_by":"Cultist and Chosen","ascension_level":0}}