{"host":"Angela","time":1610627756,"event":{"mods":["2.2 Compatiblity","Act Like it!","Aspiration","BaseMod","Better Third Choice","Colored Map","Conspire","DeckTracker","Downfall","Friendly Minions","Halation","Hubris","Infinite Spire","Mimic Mod","Minty Spire (QoL Compilation)","Relic Stats","Replay The Spire","Shop Mod","Spikes Relics","StSLib","vexMod"],"gold_per_floor":[99,113,113,40,55,7,42,70,81,105,105,124,142,159,174,280,280,280,300,300,300,326,326,326,367,385,385,426,426,440,484,507,610,610,610,631,631,631,650,669,669,709,741,759,797,808,808,808,830,830],"floor_reached":51,"language":"ENG","playtime":5892,"items_purged":[],"score":853,"play_id":"caf191bf-78e2-4fc8-ab97-67286242b6f5","local_time":"20210114093556","is_ascension_mode":false,"campfire_choices":[{"data":"hexamod:Hexaguard","floor":11,"key":"SMITH"},{"data":"hexamod:Float","floor":18,"key":"SMITH"},{"data":"hexamod:EmpoweredFlame","floor":29,"key":"SMITH"},{"floor":35,"key":"DIG"},{"floor":47,"key":"RECALL"}],"circlet_count":0,"master_deck":["hexamod:Strike+1","hexamod:Strike+1","hexamod:Defend+1","hexamod:Defend+1","hexamod:Defend+1","hexamod:Defend+1","hexamod:Sear+1","hexamod:FourthSeal","hexamod:DynamicBlow+1","hexamod:HeatMetal+1","hexamod:GhostOfSpirePresent+1","hexamod:CatchUp+1","hexamod:StepThrough+1","hexamod:RadiantFlame+1","hexamod:GhostOfSpireFuture+1","hexamod:Hexaguard+1","hexamod:GhostLash+1","hexamod:FirstSeal","hexamod:EmpoweringStance+1","hexamod:SixthSeal","hexamod:ThirdSeal","hexamod:GhostLash+1","hexamod:FastForward+1","hexamod:EmpoweredFlame+1","hexamod:HauntingEcho+1","hexamod:EtherealExpedition+1","hexamod:SpectersWail+1","hexamod:FastForward+1","hexamod:HexaLevel","hubris:DuctTapeCard","hexamod:NightmareStrike+1","hexamod:FirstSeal","hexamod:FourthSeal","Voices","hexamod:Hexaguard+1","hexamod:Again+1","hexamod:AdvancingGuard+1"],"relics":["hexamod:SpiritBrand","Replay:Rubber Ducky","Replay:Kaleidoscope","Cursed Key","MutagenicStrength","hubris:Icosahedron","hubris:DeckOfHolding","aspiration:FetidBarrel","Sundial","Happy Flower","Busted Crown","hubris:DuctTape","hubris:MysteriousPyramids","ReplayTheSpireMod:Lightbulb","Replay:Wax Seal"],"acts_visited":["Exordium","TheCity","TheBeyond"],"potions_floor_usage":[6,6,7,8,8,13,14,15,16,16,16,22,26,28,30,33,33,40,42,43,44,44,44,45,50,50,50],"damage_taken":[{"damage":11,"enemies":"2 Louse","floor":2,"turns":4},{"damage":4,"enemies":"downfall:FleeingMerchant","floor":4,"turns":4},{"damage":4,"enemies":"Small Slimes","floor":5,"turns":3},{"damage":4,"enemies":"downfall:FleeingMerchant","floor":6,"turns":4},{"damage":0,"enemies":"Jaw Worm","floor":7,"turns":4},{"damage":8,"enemies":"3 Sentries","floor":8,"turns":9},{"damage":0,"enemies":"Jaw Worm","floor":9,"turns":4},{"damage":1,"enemies":"Exordium Thugs","floor":12,"turns":4},{"damage":0,"enemies":"Large Slime","floor":13,"turns":5},{"damage":2,"enemies":"Exordium Wildlife","floor":14,"turns":4},{"damage":0,"enemies":"3 Louse","floor":15,"turns":4},{"damage":29,"enemies":"downfall:Ironclad","floor":16,"turns":10},{"damage":0,"enemies":"3 Byrds","floor":19,"turns":6},{"damage":2,"enemies":"Chosen","floor":22,"turns":6},{"damage":26,"enemies":"Slavers","floor":25,"turns":7},{"damage":10,"enemies":"Shelled Parasite and Fungi","floor":26,"turns":4},{"damage":0,"enemies":"Book of Stabbing","floor":28,"turns":5},{"damage":0,"enemies":"Snecko","floor":30,"turns":4},{"damage":0,"enemies":"conspire:MimicChest","floor":31,"turns":7},{"damage":0,"enemies":"3 Cultists","floor":32,"turns":5},{"damage":0,"enemies":"downfall:Silent","floor":33,"turns":7},{"damage":0,"enemies":"3 Darklings","floor":36,"turns":9},{"damage":0,"enemies":"Orb Walker","floor":39,"turns":4},{"damage":0,"enemies":"4 Shapes","floor":40,"turns":6},{"damage":8,"enemies":"Nemesis","floor":42,"turns":7},{"damage":0,"enemies":"3 Darklings","floor":43,"turns":4},{"damage":0,"enemies":"Maw","floor":44,"turns":6},{"damage":0,"enemies":"Giant Head","floor":45,"turns":7},{"damage":0,"enemies":"Jaw Worm Horde","floor":46,"turns":5},{"damage":0,"enemies":"Transient","floor":49,"turns":5},{"damage":41,"enemies":"downfall:Defect","floor":50,"turns":9}],"seed_played":"-7496138223899131623","potions_obtained":[{"floor":2,"key":"EssenceOfSteel"},{"floor":4,"key":"ColorlessPotion"},{"floor":5,"key":"SkillPotion"},{"floor":6,"key":"Swift Potion"},{"floor":7,"key":"DistilledChaos"},{"floor":8,"key":"LiquidBronze"},{"floor":8,"key":"Block Potion"},{"floor":9,"key":"conspire:TimeTravelPotion"},{"floor":12,"key":"SmokeBomb"},{"floor":12,"key":"Toxic Potion"},{"floor":13,"key":"DistilledChaos"},{"floor":13,"key":"PowerPotion"},{"floor":14,"key":"Regen Potion"},{"floor":14,"key":"SkillPotion"},{"floor":15,"key":"Toxic Potion"},{"floor":16,"key":"Elixir"},{"floor":19,"key":"Doom Potion"},{"floor":19,"key":"hexamod:EctoCoolerPotion"},{"floor":22,"key":"Venom Potion"},{"floor":25,"key":"hexamod:EctoCoolerPotion"},{"floor":25,"key":"AttackPotion"},{"floor":28,"key":"Ancient Potion"},{"floor":30,"key":"Swift Potion"},{"floor":31,"key":"SpeedPotion"},{"floor":32,"key":"CultistPotion"},{"floor":33,"key":"Languid Potion"},{"floor":36,"key":"BlessingOfTheForge"},{"floor":39,"key":"DistilledChaos"},{"floor":40,"key":"ColorlessPotion"},{"floor":40,"key":"Block Potion"},{"floor":42,"key":"DuplicationPotion"},{"floor":43,"key":"Adrenaline Potion"},{"floor":44,"key":"hexamod:DoubleChargePotion"},{"floor":44,"key":"SteroidPotion"},{"floor":45,"key":"BlessingOfTheForge"},{"floor":45,"key":"Reflective Coating"},{"floor":45,"key":"Energy Potion"},{"floor":46,"key":"Block Potion"},{"floor":49,"key":"LiquidBronze"}],"is_trial":false,"path_per_floor":["R_BF","M","?","$","M","$","MIM","E","M","T","R","M","M","M","M","B",null,"R","M","?","?","M","?","T","E","M","?","E","R","M","?","M","B",null,"R_BF","M","?","?","M","M","T","E","M","M","E","M","R","?","M","B",null],"character_chosen":"THE_SPIRIT","items_purchased":["hexamod:GhostOfSpirePresent+1","hexamod:StepThrough"],"campfire_rested":0,"item_purchase_floors":[4,6],"current_hp_per_floor":[77,66,66,62,58,54,54,46,46,46,46,45,45,50,57,50,77,77,77,63,63,68,68,68,49,82,82,82,82,82,82,82,82,82,82,82,75,67,74,82,82,82,82,82,82,82,82,82,82,55],"gold":830,"neow_bonus":"TEN_PERCENT_HP_BONUS","is_daily":false,"chose_seed":false,"campfire_upgraded":3,"win_rate":0.0,"timestamp":1610627756,"path_taken":["R_BF","M","?","$","M","$","MIM","E","M","?","R","M","M","?","M","BOSS","R","M","?","?","?","?","T","E","M","?","E","R","M","?","M","BOSS","R_BF","M","?","?","?","M","T","E","M","M","E","M","R","?","M","BOSS"],"items_purchased_type":["Card","Card"],"build_version":"2020-12-18","purchased_purges":0,"victory":true,"max_hp_per_floor":[77,77,77,77,77,77,77,77,77,77,77,77,77,77,77,77,77,77,77,82,82,82,82,82,82,82,82,82,82,82,82,82,82,82,82,82,82,82,82,82,82,82,82,82,82,82,82,82,82,82],"relic_stats":{"Busted Crown":40,"Happy Flower":[24],"counters":[31,172],"Sundial":[4],"Cursed Key":2,"obtain_stats":[{"Happy Flower":31,"hubris:DuctTape":35,"aspiration:FetidBarrel":25,"Replay:Kaleidoscope":8,"hubris:MysteriousPyramids":41,"Cursed Key":17,"Replay:Rubber Ducky":7,"hubris:Icosahedron":23,"Busted Crown":34,"Sundial":28,"MutagenicStrength":21,"hubris:DeckOfHolding":24,"Replay:Wax Seal":45,"ReplayTheSpireMod:Lightbulb":42,"hexamod:SpiritBrand":0},{"Happy Flower":19,"hubris:DuctTape":21,"aspiration:FetidBarrel":15,"Replay:Kaleidoscope":6,"hubris:MysteriousPyramids":24,"Cursed Key":12,"Replay:Rubber Ducky":5,"hubris:Icosahedron":14,"Busted Crown":21,"Sundial":17,"MutagenicStrength":13,"hubris:DeckOfHolding":14,"Replay:Wax Seal":28,"ReplayTheSpireMod:Lightbulb":25,"hexamod:SpiritBrand":0},{"Happy Flower":98,"hubris:DuctTape":110,"aspiration:FetidBarrel":78,"Replay:Kaleidoscope":28,"hubris:MysteriousPyramids":129,"Cursed Key":59,"Replay:Rubber Ducky":19,"hubris:Icosahedron":71,"Busted Crown":110,"Sundial":87,"MutagenicStrength":65,"hubris:DeckOfHolding":71,"Replay:Wax Seal":153,"ReplayTheSpireMod:Lightbulb":136,"hexamod:SpiritBrand":0}]},"card_choices":[{"not_picked":["hexamod:Firestarter","hexamod:NightmareGuise"],"picked":"hexamod:DynamicBlow","floor":2},{"not_picked":["hexamod:BacktrackSmack","hexamod:SixthSeal"],"picked":"hexamod:HeatMetal","floor":4},{"not_picked":["hexamod:ShieldOfDarkness","hexamod:NecessarySacrifice","hexamod:SwordOfDarkness"],"picked":"SKIP","floor":5},{"not_picked":["hexamod:SpectralAdrenaline","hexamod:SwordOfDarkness"],"picked":"hexamod:CatchUp","floor":6},{"not_picked":["hexamod:BurningTouch","hexamod:NecessarySacrifice"],"picked":"hexamod:RadiantFlame","floor":7},{"not_picked":["hexamod:BacktrackSmack","hexamod:GhostLash"],"picked":"hexamod:GhostOfSpireFuture","floor":8},{"not_picked":["hexamod:FourthSeal","hexamod:NightmareGuise"],"picked":"hexamod:Hexaguard","floor":9},{"not_picked":["hexamod:NecessarySacrifice","hexamod:SwordOfDarkness"],"picked":"hexamod:GhostLash","floor":12},{"not_picked":["hexamod:Haunt","hexamod:ThermalTransfer"],"picked":"hexamod:FirstSeal","floor":13},{"not_picked":["hexamod:NecessarySacrifice","hexamod:GhostShield"],"picked":"hexamod:EmpoweringStance","floor":14},{"not_picked":["hexamod:Firestarter","hexamod:GhostLash"],"picked":"hexamod:SecondSeal","floor":15},{"not_picked":["hexamod:ParanormalForm","hexamod:GhostflameInferno"],"picked":"hexamod:SixthSeal","floor":16},{"not_picked":["hexamod:HauntingEcho+1","hexamod:Hexaguard"],"picked":"hexamod:ThirdSeal","floor":19},{"not_picked":["hexamod:ShieldOfDarkness","hexamod:Hexaguard"],"picked":"hexamod:GhostLash+1","floor":22},{"not_picked":["hexamod:RainOfEmbers","hexamod:Firestarter+1"],"picked":"hexamod:FastForward","floor":22},{"not_picked":["hexamod:ShieldOfDarkness","hexamod:CatchUp"],"picked":"hexamod:EmpoweredFlame","floor":25},{"not_picked":["hexamod:NecessarySacrifice+1","hexamod:GhostShield"],"picked":"hexamod:HauntingEcho+1","floor":25},{"not_picked":["hexamod:InspiringFlames","hexamod:RainOfEmbers+1","hexamod:HauntingEcho"],"picked":"SKIP","floor":26},{"not_picked":["hexamod:HeatMetal","hexamod:RecurringNightmare"],"picked":"hexamod:EtherealExpedition+1","floor":28},{"not_picked":["hexamod:InspiringFlames+1","hexamod:BurningTouch"],"picked":"hexamod:SpectersWail+1","floor":30},{"not_picked":["hexamod:RainOfEmbers","hexamod:NightmareStrike","hexamod:HauntingEcho"],"picked":"SKIP","floor":30},{"not_picked":["hexamod:SpectersWail+1","hexamod:BacktrackSmack"],"picked":"hexamod:FastForward","floor":32},{"not_picked":["hexamod:HauntingEcho","hexamod:Hexaguard","hexamod:PhantomFireball"],"picked":"SKIP","floor":32},{"not_picked":["hexamod:UnleashSpirits","hexamod:SixthSeal"],"picked":"hexamod:HexaLevel","floor":33},{"not_picked":[],"picked":"hexamod:NightmareStrike+1","floor":36},{"not_picked":["hexamod:Firestarter"],"picked":"SKIP","floor":36},{"not_picked":[],"picked":"hexamod:FourthSeal","floor":39},{"not_picked":["hexamod:GhostOfSpirePast+1"],"picked":"SKIP","floor":39},{"not_picked":["hexamod:SwordOfDarkness"],"picked":"SKIP","floor":40},{"not_picked":["hexamod:HauntingEcho"],"picked":"SKIP","floor":40},{"not_picked":["hexamod:FourthSeal"],"picked":"SKIP","floor":42},{"not_picked":["hexamod:RainOfEmbers"],"picked":"SKIP","floor":42},{"not_picked":[],"picked":"hexamod:Hexaguard+1","floor":43},{"not_picked":["hexamod:ThermalTransfer"],"picked":"SKIP","floor":43},{"not_picked":[],"picked":"hexamod:Again+1","floor":44},{"not_picked":[],"picked":"hexamod:AdvancingGuard+1","floor":44},{"not_picked":["hexamod:SwordOfDarkness"],"picked":"SKIP","floor":45},{"not_picked":["hexamod:TurnItUp"],"picked":"SKIP","floor":45},{"not_picked":["hexamod:NightmareGuise+1"],"picked":"SKIP","floor":46},{"not_picked":["hexamod:PhantomFireball"],"picked":"SKIP","floor":49},{"not_picked":["hexamod:Again"],"picked":"SKIP","floor":49}],"player_experience":68629,"relics_obtained":[{"floor":7,"key":"Replay:Rubber Ducky"},{"floor":8,"key":"Replay:Kaleidoscope"},{"floor":24,"key":"hubris:DeckOfHolding"},{"floor":25,"key":"aspiration:FetidBarrel"},{"floor":28,"key":"Sundial"},{"floor":31,"key":"Happy Flower"},{"floor":35,"key":"hubris:DuctTape"},{"floor":41,"key":"hubris:MysteriousPyramids"},{"floor":42,"key":"ReplayTheSpireMod:Lightbulb"},{"floor":45,"key":"Replay:Wax Seal"}],"event_choices":[{"damage_healed":0,"gold_gain":0,"player_choice":"Inject Mutagens","damage_taken":0,"relics_obtained":["MutagenicStrength"],"max_hp_gain":0,"max_hp_loss":0,"event_name":"Drug Dealer","floor":21,"gold_loss":0}],"is_beta":true,"boss_relics":[{"not_picked":["Ring of Chaos","Calling Bell"],"picked":"Cursed Key"},{"not_picked":["halation:PlatinumPhoenix","conspire:RunicOctahedron"],"picked":"Busted Crown"}],"items_purged_floors":[],"is_endless":false,"potions_floor_spawned":[8,9,12,13,14,15,19,25,30,32,39,40,43,45,49],"ascension_level":0}}