{"host":"Angela","time":1610643975,"event":{"mods":["2.2 Compatiblity","Act Like it!","Aspiration","BaseMod","Better Third Choice","Colored Map","Conspire","DeckTracker","Downfall","Friendly Minions","Halation","Hubris","Infinite Spire","Mimic Mod","Minty Spire (QoL Compilation)","Relic Stats","Replay The Spire","Shop Mod","Spikes Relics","StSLib","vexMod"],"gold_per_floor":[99,99,99,109,109,127,127,162,176,206,53,53,53,63,80,95,193,193,293,309,319,335,345,345,372,403,403,429,429,102,133,59,77,176,176,176,226,226,5,17,17,43,43,78,169,169,183,214,232,246,246],"floor_reached":52,"language":"ENG","playtime":5786,"items_purged":["Writhe"],"score":925,"play_id":"ba88e049-367c-492c-9738-8bd278e2f95e","local_time":"20210114140615","is_ascension_mode":false,"campfire_choices":[{"data":"champ:StanceDance","floor":7,"key":"SMITH"},{"floor":27,"key":"REST"},{"data":"champ:PerfectForm","floor":27,"key":"SMITH"},{"data":"champ:ArenaPreparation","floor":29,"key":"SMITH"},{"floor":36,"key":"DIG"},{"data":"Sickly","floor":43,"key":"SMITH"},{"floor":46,"key":"REST"},{"data":"champ:Improvising","floor":46,"key":"SMITH"}],"circlet_count":0,"master_deck":["champ:Strike","champ:Strike","champ:Strike","champ:Defend","champ:Defend","champ:Defend+1","champ:Defend","champ:Execute+1","champ:Taunt","champ:StanceDance+1","champ:PreciseThrust","champ:ShieldWall","champ:FanOfKnives","champ:Riposte","champ:CrookedStrike","champ:FalseCounter","champ:PerfectedStrike","champ:FlashCut","champ:LastStand","champ:ArenaPreparation+1","champ:BringItOn","champ:TornadoPunch","champ:PerfectForm+1","champ:FlashCut+1","champ:Duel","champ:Backstep","champ:DefensiveShout+1","champ:ArenaPreparation+1","champ:BringItOn","champ:PreciseThrust","champ:Circumvent+1","champ:Improvising+1","champ:FocusedDefense+1","champ:CrookedStrike+1"],"relics":["champ:ChampionCrown","White Beast Statue","Pen Nib","infinitespire:Magic Flask","Oddly Smooth Stone","hubris:GrandSneckoEye","champ:BlackKnightHelmet","vexMod:ScavengeHelm","Ring of Panic","Ring of Hypnosis","infinitespire:PuzzleCube","MiniBlackHole","Replay:Bottled Steam","infinitespire:Lucky Rock","hubris:SlimyHat","Bottled Tornado","ReplayTheSpireMod:CursedCoin","Eternal Feather","Ginger","aspiration:IroncladSkillbook","halation:VictoryRuler","Pondfish Scales","halation:PrussianBluePaint","halation:AfternoonTea","RollingBoulder"],"acts_visited":["Exordium","TheCity","TheBeyond"],"potions_floor_usage":[10,11,14,16,17,23,30,34,40,44,47,50,51],"damage_taken":[{"damage":11,"enemies":"Jaw Worm","floor":4,"turns":3},{"damage":6,"enemies":"Small Slimes","floor":6,"turns":3},{"damage":13,"enemies":"conspire:RoseBush","floor":8,"turns":8},{"damage":9,"enemies":"conspire:RoseBush","floor":9,"turns":3},{"damage":25,"enemies":"3 Sentries","floor":10,"turns":6},{"damage":13,"enemies":"downfall:FleeingMerchant","floor":11,"turns":4},{"damage":9,"enemies":"Large Slime","floor":14,"turns":5},{"damage":15,"enemies":"Exordium Thugs","floor":15,"turns":4},{"damage":20,"enemies":"3 Louse","floor":16,"turns":4},{"damage":59,"enemies":"downfall:Watcher","floor":17,"turns":9},{"damage":17,"enemies":"downfall:Watcher","floor":19,"turns":8},{"damage":9,"enemies":"Chosen","floor":20,"turns":3},{"damage":21,"enemies":"Spheric Guardian","floor":21,"turns":3},{"damage":20,"enemies":"Shelled Parasite and Fungi","floor":22,"turns":4},{"damage":17,"enemies":"Snake Plant","floor":23,"turns":4},{"damage":23,"enemies":"Gremlin Leader","floor":26,"turns":10},{"damage":16,"enemies":"Replay:Snechameleon","floor":28,"turns":3},{"damage":28,"enemies":"downfall:FleeingMerchant","floor":30,"turns":4},{"damage":41,"enemies":"conspire:MimicChest","floor":31,"turns":4},{"damage":3,"enemies":"downfall:FleeingMerchant","floor":32,"turns":1},{"damage":8,"enemies":"Snecko","floor":33,"turns":3},{"damage":43,"enemies":"downfall:Silent","floor":34,"turns":4},{"damage":57,"enemies":"Mind Bloom Boss Battle","floor":37,"turns":7},{"damage":35,"enemies":"3 Darklings","floor":40,"turns":3},{"damage":37,"enemies":"Giant Head","floor":44,"turns":5},{"damage":24,"enemies":"Orb Walker","floor":47,"turns":2},{"damage":49,"enemies":"R_Hoarder","floor":48,"turns":3},{"damage":28,"enemies":"Maw","floor":49,"turns":6},{"damage":30,"enemies":"3 Darklings","floor":50,"turns":2},{"damage":54,"enemies":"downfall:Ironclad","floor":51,"turns":4}],"seed_played":"5952351267768313036","potions_obtained":[{"floor":4,"key":"Guardian:BlockOnCardUsePotion"},{"floor":6,"key":"Strength Potion"},{"floor":8,"key":"sneckomod:MuddlingPotion"},{"floor":9,"key":"Toxic Potion"},{"floor":10,"key":"champ:TechniquePotion"},{"floor":11,"key":"BlessingOfTheForge"},{"floor":14,"key":"SteroidPotion"},{"floor":16,"key":"Swift Potion"},{"floor":17,"key":"Adrenaline Potion"},{"floor":19,"key":"Reflective Coating"},{"floor":20,"key":"Fire Potion"},{"floor":21,"key":"Strength Potion"},{"floor":22,"key":"FairyPotion"},{"floor":23,"key":"DuplicationPotion"},{"floor":26,"key":"Block Potion"},{"floor":28,"key":"hexamod:EctoCoolerPotion"},{"floor":30,"key":"GamblersBrew"},{"floor":31,"key":"LiquidBronze"},{"floor":32,"key":"Flashbang"},{"floor":34,"key":"Guardian:BlockOnCardUsePotion"},{"floor":37,"key":"Adrenaline Potion"},{"floor":40,"key":"champ:TechniquePotion"},{"floor":44,"key":"Dexterity Potion"},{"floor":47,"key":"SteroidPotion"},{"floor":48,"key":"ColorlessPotion"},{"floor":50,"key":"Fire Potion"}],"is_trial":false,"path_per_floor":["R_BF","PTL","?","M","T","M","R","MIM","M","E","$","?","?","M","M","M","B",null,"R_BF","M","M","M","M","?","T","E","R","E","R","$","?","$","M","B",null,"R_BF","?","?","$","M","$","T","R","E","?","R","M","E","M","M","B",null],"character_chosen":"THE_CHAMP","items_purchased":["champ:FalseCounter","champ:PerfectedStrike","champ:FlashCut","infinitespire:Lucky Rock","hubris:SlimyHat","ReplayTheSpireMod:CursedCoin","Eternal Feather","Ginger","halation:PrussianBluePaint"],"campfire_rested":2,"item_purchase_floors":[11,11,11,30,30,32,32,32,39],"current_hp_per_floor":[99,99,99,98,98,97,97,97,93,71,66,66,66,62,52,52,32,99,93,93,93,93,87,87,87,78,99,99,99,99,90,90,90,86,99,99,99,99,99,99,99,99,99,99,60,99,99,99,99,99,99],"gold":246,"neow_bonus":"TEN_PERCENT_HP_BONUS","is_daily":false,"chose_seed":false,"campfire_upgraded":5,"win_rate":0.0,"timestamp":1610643975,"path_taken":["R_BF","PTL","?","M","?","M","R","MIM","M","E","$","?","?","?","M","M","BOSS","R_BF","M","?","M","M","?","T","E","R","E","R","$","?","?","M","BOSS","R_BF","?","?","$","M","?","T","R","E","?","R","M","E","M","M","BOSS"],"items_purchased_type":["Card","Card","Card","Relic","Relic","Relic","Relic","Relic","Relic"],"build_version":"2020-12-18","purchased_purges":1,"victory":true,"max_hp_per_floor":[99,99,99,99,99,99,99,99,99,99,99,99,99,99,99,99,99,99,99,99,99,99,99,99,99,99,99,99,99,99,99,99,99,99,99,99,99,99,99,99,99,99,99,99,99,99,99,99,99,99,99],"relic_stats":{"counters":[30,132],"Eternal Feather":18,"Pen Nib":[24],"Ginger":[10],"obtain_stats":[{"champ:BlackKnightHelmet":19,"champ:ChampionCrown":0,"hubris:SlimyHat":30,"Ginger":32,"Bottled Tornado":31,"halation:PrussianBluePaint":39,"MiniBlackHole":26,"halation:VictoryRuler":36,"RollingBoulder":48,"Ring of Panic":24,"Replay:Bottled Steam":28,"Ring of Hypnosis":24,"vexMod:ScavengeHelm":19,"ReplayTheSpireMod:CursedCoin":32,"Oddly Smooth Stone":12,"Eternal Feather":32,"Pen Nib":8,"infinitespire:Magic Flask":10,"infinitespire:Lucky Rock":30,"White Beast Statue":5,"aspiration:IroncladSkillbook":35,"Pondfish Scales":37,"hubris:GrandSneckoEye":18,"halation:AfternoonTea":44,"infinitespire:PuzzleCube":25},{"champ:BlackKnightHelmet":11,"champ:ChampionCrown":0,"hubris:SlimyHat":18,"Ginger":20,"Bottled Tornado":19,"halation:PrussianBluePaint":23,"MiniBlackHole":16,"halation:VictoryRuler":22,"RollingBoulder":27,"Ring of Panic":15,"Replay:Bottled Steam":17,"Ring of Hypnosis":15,"vexMod:ScavengeHelm":11,"ReplayTheSpireMod:CursedCoin":20,"Oddly Smooth Stone":6,"Eternal Feather":20,"Pen Nib":3,"infinitespire:Magic Flask":5,"infinitespire:Lucky Rock":18,"White Beast Statue":1,"aspiration:IroncladSkillbook":22,"Pondfish Scales":23,"hubris:GrandSneckoEye":10,"halation:AfternoonTea":25,"infinitespire:PuzzleCube":15},{"champ:BlackKnightHelmet":57,"champ:ChampionCrown":0,"hubris:SlimyHat":88,"Ginger":93,"Bottled Tornado":92,"halation:PrussianBluePaint":107,"MiniBlackHole":81,"halation:VictoryRuler":100,"RollingBoulder":120,"Ring of Panic":71,"Replay:Bottled Steam":84,"Ring of Hypnosis":71,"vexMod:ScavengeHelm":57,"ReplayTheSpireMod:CursedCoin":93,"Oddly Smooth Stone":27,"Eternal Feather":93,"Pen Nib":14,"infinitespire:Magic Flask":23,"infinitespire:Lucky Rock":88,"White Beast Statue":3,"aspiration:IroncladSkillbook":100,"Pondfish Scales":107,"hubris:GrandSneckoEye":49,"halation:AfternoonTea":115,"infinitespire:PuzzleCube":71}]},"card_choices":[{"not_picked":["champ:BringItOn","champ:FanOfKnives"],"picked":"champ:StanceDance","floor":4},{"not_picked":["champ:GladiatorStyle","champ:AdrenalArmor"],"picked":"champ:PreciseThrust","floor":6},{"not_picked":["champ:RapidStrikes","champ:CalledShot"],"picked":"champ:ShieldWall","floor":8},{"not_picked":["champ:FocusedBerserking","champ:GutPunch"],"picked":"champ:FanOfKnives","floor":9},{"not_picked":["champ:LastStand","champ:StanceDance"],"picked":"champ:Riposte","floor":10},{"not_picked":["champ:BerserkerStyle","champ:FightOn"],"picked":"champ:CrookedStrike","floor":11},{"not_picked":["champ:BladeFlurry","champ:Backstep"],"picked":"champ:ArenaPreparation","floor":14},{"not_picked":["champ:Haymaker","champ:IgnorePain"],"picked":"champ:BringItOn","floor":15},{"not_picked":["champ:Haymaker","champ:Circumvent"],"picked":"champ:TornadoPunch","floor":16},{"not_picked":["champ:CheapShot","champ:HoldFirm"],"picked":"champ:PerfectForm","floor":17},{"not_picked":["champ:GladiatorsShout+1","champ:Backstep"],"picked":"champ:FlashCut+1","floor":20},{"not_picked":["champ:Riposte","champ:FocusedGladiator"],"picked":"champ:Duel","floor":21},{"not_picked":["champ:FlashCut+1","champ:FightOn"],"picked":"champ:Backstep","floor":22},{"not_picked":["champ:Haymaker","champ:ShieldWall"],"picked":"champ:DefensiveShout+1","floor":23},{"not_picked":["champ:FalseCounter","champ:GladiatorsShout","champ:SwordThrow"],"picked":"SKIP","floor":26},{"not_picked":["champ:FocusedBerserking","champ:GladiatorsShout","champ:Riposte"],"picked":"SKIP","floor":28},{"not_picked":["champ:GutPunch","champ:StanceDance+1"],"picked":"champ:ArenaPreparation+1","floor":30},{"not_picked":["champ:AdrenalArmor+1","champ:BerserkerStyle"],"picked":"champ:BringItOn","floor":31},{"not_picked":["champ:GladiatorsShout+1","champ:DefensiveShout+1"],"picked":"champ:PreciseThrust","floor":32},{"not_picked":["champ:StanceDance+1","champ:Improvising"],"picked":"champ:Circumvent+1","floor":33},{"not_picked":["champ:SwordThrow","champ:ShieldThrow"],"picked":"champ:Improvising","floor":34},{"not_picked":["Body Slam+1","champ:GladiatorsShout","champ:BladeFlurry+1"],"picked":"champ:FocusedDefense+1","floor":37},{"not_picked":["champ:DefensiveStyle+1","Shrug It Off","Twin Strike","conspire:ExplosiveBarrier+1"],"picked":"SKIP","floor":40},{"not_picked":["champ:ViciousMockery+1","champ:BladeFlurry+1","Replay:Many Hands","True Grit+1"],"picked":"SKIP","floor":44},{"not_picked":["Clash","Bloodletting","ReplayReversal"],"picked":"champ:CrookedStrike+1","floor":47},{"not_picked":["Warcry","champ:PreciseThrust+1","Pommel Strike","Exhume"],"picked":"SKIP","floor":48},{"not_picked":["Carnage+1","Armaments","Twin Strike+1","champ:FightOn"],"picked":"SKIP","floor":49},{"not_picked":["Combust+1","Havoc+1","champ:FightOn","Twin Strike+1"],"picked":"SKIP","floor":50}],"player_experience":74521,"relics_obtained":[{"floor":5,"key":"White Beast Statue"},{"floor":8,"key":"Pen Nib"},{"floor":10,"key":"infinitespire:Magic Flask"},{"floor":12,"key":"Oddly Smooth Stone"},{"floor":19,"key":"champ:BlackKnightHelmet"},{"floor":19,"key":"vexMod:ScavengeHelm"},{"floor":24,"key":"Ring of Panic"},{"floor":24,"key":"Ring of Hypnosis"},{"floor":25,"key":"infinitespire:PuzzleCube"},{"floor":26,"key":"MiniBlackHole"},{"floor":28,"key":"Replay:Bottled Steam"},{"floor":31,"key":"Bottled Tornado"},{"floor":36,"key":"halation:VictoryRuler"},{"floor":37,"key":"Pondfish Scales"},{"floor":44,"key":"halation:AfternoonTea"},{"floor":48,"key":"RollingBoulder"}],"event_choices":[{"damage_healed":0,"gold_gain":0,"cards_transformed":["champ:Strike"],"player_choice":"Transformed","damage_taken":0,"max_hp_gain":0,"max_hp_loss":0,"event_name":"Transmorgrifier","floor":13,"gold_loss":0,"cards_obtained":["champ:LastStand"]}],"is_beta":true,"boss_relics":[{"not_picked":["halation:CatFaceCupcake","halation:PinkAlligatorPlush"],"picked":"hubris:GrandSneckoEye"},{"not_picked":["hubris:CrackedHourglass","halation:PlatinumPhoenix"],"picked":"aspiration:IroncladSkillbook"}],"items_purged_floors":[39],"is_endless":false,"potions_floor_spawned":[4,6,8,9,10,11,14,15,16,17,19,20,21,22,23,26,28,30,31,32,33,34,37,40,44,47,48,49,50],"ascension_level":0}}