{"host":"fxrgx7wt2cpkbhka","time":1610602506,"event":{"mods":["AchievementEnabler","BaseMod","Colored Powertips","Minty Spire (QoL Compilation)","Permanent Neow","Slay-I","StSLib","Waifu the Spire"],"gold_per_floor":[219,26,101,121,132,132,195,195,218,218,237,412,435,455,455,550,550,561,572,572,572],"floor_reached":20,"language":"ENG","playtime":476,"items_purged":[],"score":262,"play_id":"7bb16508-9e28-4a25-b594-daf6b40ddf3f","local_time":"20210113213506","is_ascension_mode":true,"campfire_choices":[{"data":"Spot Weakness","floor":6,"key":"SMITH"},{"data":"Spot Weakness","floor":8,"key":"SMITH"},{"data":"Flex","floor":15,"key":"SMITH"}],"circlet_count":0,"master_deck":["AscendersBane","Strike_R","Strike_R","Strike_R+1","Strike_R","Defend_R","Defend_R+1","Bash","Clash","Spot Weakness+1","Spot Weakness+1","Flex+1","Doubt","Sever Soul+1","Intimidate+1","Battle Trance+1","Flame Barrier","Dropkick"],"relics":["Burning Blood","Membership Card","Regal Pillow","Oddly Smooth Stone","Astrolabe"],"acts_visited":["Exordium","TheCity"],"potions_floor_usage":[14,16,19],"damage_taken":[{"damage":6,"enemies":"Cultist","floor":1,"turns":3},{"damage":6,"enemies":"2 Louse","floor":4,"turns":2},{"damage":4,"enemies":"Jaw Worm","floor":5,"turns":3},{"damage":11,"enemies":"Looter","floor":11,"turns":2},{"damage":4,"enemies":"Red Slaver","floor":14,"turns":3},{"damage":32,"enemies":"Slime Boss","floor":16,"turns":9},{"damage":40,"enemies":"2 Thieves","floor":18,"turns":5},{"damage":12,"enemies":"3 Byrds","floor":19,"turns":4},{"damage":29,"enemies":"Snake Plant","floor":20,"turns":3}],"seed_played":"-5315652175164996010","potions_obtained":[{"floor":4,"key":"Weak Potion"},{"floor":5,"key":"Dexterity Potion"},{"floor":14,"key":"PowerPotion"},{"floor":18,"key":"DistilledChaos"}],"is_trial":false,"path_per_floor":["M","$","?","M","M","R","?","R","T","?","M","?","T","M","R","B",null,"M","M","M"],"character_chosen":"IRONCLAD","items_purchased":["Membership Card","Spot Weakness"],"campfire_rested":0,"item_purchase_floors":[2,2],"current_hp_per_floor":[72,72,61,61,63,63,63,63,63,47,42,42,42,44,44,18,65,31,25,0,0],"gold":572,"neow_bonus":"HUNDRED_GOLD","is_daily":false,"chose_seed":false,"campfire_upgraded":3,"win_rate":0.0,"timestamp":1610602506,"path_taken":["M","$","?","M","M","R","?","R","T","?","M","?","?","M","R","BOSS","M","M","M"],"items_purchased_type":["Relic","Card"],"build_version":"2020-12-22","purchased_purges":0,"victory":false,"max_hp_per_floor":[80,80,80,80,80,80,80,80,80,80,80,80,80,80,80,80,80,80,80,80,80],"card_choices":[{"not_picked":["Havoc","Iron Wave"],"picked":"Clash","floor":1},{"not_picked":["Iron Wave","Shrug It Off","Havoc"],"picked":"SKIP","floor":4},{"not_picked":["Wild Strike","Sword Boomerang"],"picked":"Spot Weakness","floor":5},{"not_picked":["Body Slam","Headbutt"],"picked":"Flex","floor":11},{"not_picked":["True Grit","Pommel Strike","Seeing Red"],"picked":"SKIP","floor":14},{"not_picked":["Cleave","Entrench"],"picked":"Flame Barrier","floor":18},{"not_picked":["Wild Strike","Body Slam"],"picked":"Dropkick","floor":19}],"player_experience":703152,"relics_obtained":[{"floor":9,"key":"Regal Pillow"},{"floor":13,"key":"Oddly Smooth Stone"}],"event_choices":[{"damage_healed":0,"gold_gain":75,"player_choice":"Gather Gold","damage_taken":11,"max_hp_gain":0,"max_hp_loss":0,"event_name":"World of Goop","floor":3,"gold_loss":0},{"damage_healed":0,"gold_gain":63,"player_choice":"Gained Gold","damage_taken":0,"max_hp_gain":0,"max_hp_loss":0,"event_name":"Golden Wing","floor":7,"gold_loss":0},{"damage_healed":0,"gold_gain":0,"player_choice":"Entered Light","damage_taken":16,"max_hp_gain":0,"max_hp_loss":0,"event_name":"Shining Light","floor":10,"gold_loss":0,"cards_upgraded":["Defend_R","Strike_R"]},{"damage_healed":0,"gold_gain":175,"player_choice":"AGREE","damage_taken":0,"max_hp_gain":0,"max_hp_loss":0,"event_name":"Liars Game","floor":12,"gold_loss":0,"cards_obtained":["Doubt"]}],"is_beta":false,"boss_relics":[{"not_picked":["Snecko Eye","Black Star"],"picked":"Astrolabe"}],"items_purged_floors":[],"is_endless":false,"potions_floor_spawned":[4,5,14,18],"killed_by":"Snake Plant","ascension_level":12}}