{"host":"tom9euzqew4po1rs","time":1610645964,"event":{"mods":["BaseMod","Curses Come First","Downfall","Minty Spire (QoL Compilation)","Quick Restart","Rare Cards Sparkle","Replay The Spire","StSLib","The Cursed"],"gold_per_floor":[99,114,126,136,153,181,181,191,204,36,36,36,36,136,148,248,248,98,111,111,126,126,126,126,145,96,110,129,229,11,11,31,131,131,56,68,80,48,62,62,88,88,108,208,240,250,278,292,309,309,309,335,32,32,32],"floor_reached":56,"language":"ENG","playtime":6838,"items_purged":["TheCursedMod:Strike_TheCursed"],"score":1492,"play_id":"9807e43c-4a18-486a-890d-f1c6c2067e18","local_time":"20210114123924","is_ascension_mode":true,"campfire_choices":[{"floor":1,"key":"RECALL"},{"data":"Discovery","floor":11,"key":"SMITH"},{"data":"TheCursedMod:CollectTribute","floor":13,"key":"SMITH"},{"data":"TheCursedMod:DarkBarrier","floor":18,"key":"SMITH"},{"data":"TheCursedMod:CircleOfBlood","floor":23,"key":"SMITH"},{"data":"TheCursedMod:DarkBarrier","floor":35,"key":"SMITH"},{"data":"TheCursedMod:HellfireBreathing","floor":40,"key":"SMITH"},{"data":"Pot Of Greed","floor":42,"key":"SMITH"},{"data":"Pot Of Greed","floor":54,"key":"SMITH"}],"circlet_count":0,"master_deck":["TheCursedMod:Strike_TheCursed","TheCursedMod:Strike_TheCursed","TheCursedMod:Defend_TheCursed","TheCursedMod:Defend_TheCursed","TheCursedMod:Defend_TheCursed","TheCursedMod:Defend_TheCursed","TheCursedMod:CursedWand","TheCursedMod:CleanUpWorkshop","TheCursedMod:Dregs","Discovery+1","TheCursedMod:Stretching","TheCursedMod:CircleOfBlood+1","TheCursedMod:CursedShiv","TheCursedMod:CursedSpellbook","TheCursedMod:DemonSword+1","TheCursedMod:BlessingInDisguise","TheCursedMod:CircleOfBlood+1","TheCursedMod:CollectTribute+1","TheCursedMod:DarkBarrier+1","TheCursedMod:SurpriseAttack","TheCursedMod:CircleOfAbyss","TheCursedMod:CursedShiv+1","TheCursedMod:CursedShiv+1","TheCursedMod:DarkBarrier+1","TheCursedMod:SurpriseAttack","TheCursedMod:LuckyCharm","TheCursedMod:CursedSpellbook","TheCursedMod:EmpowerCircles+1","Pot Of Greed+1","Pot Of Greed+1","Pot Of Greed","TheCursedMod:LuckyCharm","TheCursedMod:LuckyCharm","TheCursedMod:Stretching","TheCursedMod:CursedRelics","TheCursedMod:CircleOfWindfury","TheCursedMod:HellfireBreathing+1","Pot Of Greed","TheCursedMod:LuckyCharm","TheCursedMod:ReleasedKnowledge","TheCursedMod:DemonSword","TheCursedMod:CursedShiv+1","TheCursedMod:CircleOfFlame","TheCursedMod:SurpriseAttack+1","TheCursedMod:SpitefulPray"],"relics":["TheCursedMod:BlackMagic101","Iron Hammer","Ornamental Fan","Lee\u0027s Waffle","Sozu","downfall:HeartBlessingGreen","downfall:HeartBlessingRed","Letter Opener","downfall:GremlinWheel","Grinning Jar","Philosopher\u0027s Stone","downfall:HeartBlessingBlue","Replay:Kaleidoscope","Pet Ghost","Strawberry","Happy Flower","Replay:Accelerometer","Membership Card","Vajra"],"acts_visited":["Exordium","TheCity","TheBeyond","TheEnding"],"potions_floor_usage":[14,16,38],"damage_taken":[{"damage":0,"enemies":"Cultist","floor":2,"turns":4},{"damage":0,"enemies":"Small Slimes","floor":3,"turns":3},{"damage":6,"enemies":"Jaw Worm","floor":4,"turns":4},{"damage":10,"enemies":"Exordium Thugs","floor":5,"turns":5},{"damage":28,"enemies":"3 Sentries","floor":6,"turns":19},{"damage":5,"enemies":"3 Louse","floor":8,"turns":3},{"damage":12,"enemies":"Large Slime","floor":9,"turns":5},{"damage":0,"enemies":"downfall:FleeingMerchant","floor":10,"turns":4},{"damage":12,"enemies":"downfall:Heads","floor":14,"turns":6},{"damage":1,"enemies":"Exordium Thugs","floor":15,"turns":5},{"damage":9,"enemies":"downfall:Silent","floor":16,"turns":7},{"damage":0,"enemies":"Spheric Guardian","floor":19,"turns":3},{"damage":8,"enemies":"Centurion and Healer","floor":21,"turns":6},{"damage":6,"enemies":"Cultist and Chosen","floor":25,"turns":3},{"damage":7,"enemies":"downfall:FleeingMerchant","floor":26,"turns":4},{"damage":12,"enemies":"Snake Plant","floor":27,"turns":6},{"damage":3,"enemies":"3 Cultists","floor":28,"turns":6},{"damage":2,"enemies":"3 Cultists","floor":29,"turns":4},{"damage":0,"enemies":"downfall:FleeingMerchant","floor":30,"turns":4},{"damage":0,"enemies":"Centurion and Healer","floor":32,"turns":5},{"damage":41,"enemies":"downfall:Ironclad","floor":33,"turns":11},{"damage":0,"enemies":"3 Shapes","floor":36,"turns":1},{"damage":0,"enemies":"3 Darklings","floor":37,"turns":4},{"damage":0,"enemies":"downfall:FleeingMerchant","floor":38,"turns":3},{"damage":0,"enemies":"Spire Growth","floor":39,"turns":4},{"damage":0,"enemies":"Maw","floor":43,"turns":7},{"damage":0,"enemies":"Maw","floor":44,"turns":1},{"damage":0,"enemies":"Reptomancer","floor":45,"turns":5},{"damage":0,"enemies":"Jaw Worm Horde","floor":46,"turns":4},{"damage":4,"enemies":"Giant Head","floor":47,"turns":6},{"damage":7,"enemies":"Spire Growth","floor":48,"turns":4},{"damage":7,"enemies":"Transient","floor":49,"turns":5},{"damage":5,"enemies":"downfall:Watcher","floor":50,"turns":7},{"damage":0,"enemies":"downfall:CharBossMerchant","floor":52,"turns":7},{"damage":12,"enemies":"downfall:NeowBoss","floor":55,"turns":20}],"seed_played":"111528947188999169","potions_obtained":[{"floor":2,"key":"sneckomod:MuddlingPotion"},{"floor":8,"key":"SpeedPotion"},{"floor":14,"key":"BlessingOfTheForge"}],"is_trial":false,"path_per_floor":["R","M","M","M","M","E","T","M","M","$","R","?","R","?","M","B",null,"R","M","?","M","?","R","T","M","$","M","M","?","$","?","M","B",null,"R","M","M","$","M","R","T","R","M","?","E","M","E","M","M","B",null,"E","$","R","B",null],"character_chosen":"THE_CURSED","items_purchased":["Lee\u0027s Waffle","TheCursedMod:LuckyCharm","Grinning Jar","TheCursedMod:LuckyCharm","Replay:Kaleidoscope","TheCursedMod:HellfireBreathing","Membership Card","Vajra","TheCursedMod:SpitefulPray"],"campfire_rested":0,"item_purchase_floors":[10,26,30,30,38,38,53,53,53],"current_hp_per_floor":[75,75,75,71,69,43,43,42,36,82,82,82,82,74,81,74,82,82,82,82,74,74,74,74,82,82,70,79,80,82,82,82,53,82,92,92,92,92,92,92,92,92,92,92,99,99,96,99,99,94,99,99,99,99,87],"gold":32,"neow_bonus":"RANDOM_COLORLESS","is_daily":false,"chose_seed":false,"campfire_upgraded":8,"win_rate":0.0,"timestamp":1610645964,"path_taken":["R","?","M","M","M","E","T","M","M","$","R","?","R","?","M","BOSS","R","M","?","M","?","R","T","?","$","M","M","?","?","?","M","BOSS","R","M","M","$","M","R","T","R","M","?","E","?","E","?","M","BOSS","E","$","R","BOSS"],"items_purchased_type":["Relic","Card","Relic","Card","Relic","Card","Relic","Relic","Card"],"build_version":"2020-12-22","purchased_purges":1,"victory":true,"max_hp_per_floor":[75,75,75,75,75,75,75,75,75,82,82,82,82,82,82,82,82,82,82,82,82,82,82,82,82,82,82,82,82,82,82,82,82,82,92,92,92,92,92,92,92,92,92,92,99,99,99,99,99,99,99,99,99,99,99],"card_choices":[{"not_picked":["expansioncontent:SuperHexaguard","expansioncontent:PolyBeam"],"picked":"Discovery","floor":0},{"not_picked":["TheCursedMod:VitalStrike","TheCursedMod:Obscuration"],"picked":"TheCursedMod:Stretching","floor":2},{"not_picked":["TheCursedMod:SmokeScreen","TheCursedMod:Torture"],"picked":"TheCursedMod:CircleOfBlood","floor":3},{"not_picked":["TheCursedMod:CursedStaff","TheCursedMod:Obscuration"],"picked":"TheCursedMod:CursedShiv","floor":4},{"not_picked":["TheCursedMod:StingEye","TheCursedMod:SpitefulStrike"],"picked":"TheCursedMod:CursedSpellbook","floor":5},{"not_picked":["TheCursedMod:CursedBlade","TheCursedMod:VitalStrike"],"picked":"TheCursedMod:DemonSword","floor":6},{"not_picked":["TheCursedMod:TacticalStrike","TheCursedMod:Torture"],"picked":"TheCursedMod:BlessingInDisguise","floor":8},{"not_picked":["TheCursedMod:CircleOfCorruption","TheCursedMod:ShockAndAwe"],"picked":"TheCursedMod:CircleOfBlood","floor":9},{"not_picked":["TheCursedMod:SoulReap","TheCursedMod:SurpriseAttack"],"picked":"TheCursedMod:CollectTribute","floor":10},{"not_picked":["TheCursedMod:CircleOfWindfury","TheCursedMod:BloodBarrier"],"picked":"TheCursedMod:SurpriseAttack","floor":14},{"not_picked":["TheCursedMod:ShockAndAwe","TheCursedMod:RapidMovement","TheCursedMod:CursedStaff"],"picked":"SKIP","floor":15},{"not_picked":["TheCursedMod:ParallelWorld","TheCursedMod:UltimatePain"],"picked":"TheCursedMod:CircleOfAbyss","floor":16},{"not_picked":["TheCursedMod:SoulCrush","TheCursedMod:RavingStaff+1"],"picked":"TheCursedMod:CursedShiv+1","floor":19},{"not_picked":["TheCursedMod:CircleOfFlame","TheCursedMod:CursedBlade"],"picked":"TheCursedMod:CursedShiv+1","floor":21},{"not_picked":["TheCursedMod:CursedBlade+1","TheCursedMod:SpreadPlague"],"picked":"TheCursedMod:DarkBarrier","floor":25},{"not_picked":["TheCursedMod:StunningStrike","TheCursedMod:FuryStrike+1"],"picked":"TheCursedMod:SurpriseAttack","floor":26},{"not_picked":["TheCursedMod:CursedStaff","TheCursedMod:AbyssShockwave+1"],"picked":"TheCursedMod:CursedSpellbook","floor":27},{"not_picked":["TheCursedMod:Obscuration","TheCursedMod:CircleOfFlame","TheCursedMod:RapidMovement+1"],"picked":"SKIP","floor":28},{"not_picked":["TheCursedMod:RapidMovement","TheCursedMod:CursedStaff"],"picked":"TheCursedMod:EmpowerCircles+1","floor":30},{"not_picked":["TheCursedMod:CursedMace+1","TheCursedMod:SmokeScreen"],"picked":"TheCursedMod:Stretching","floor":32},{"not_picked":["TheCursedMod:DemonicPact","TheCursedMod:ParallelWorld"],"picked":"TheCursedMod:CursedRelics","floor":33},{"not_picked":["TheCursedMod:ManaBullet+1","TheCursedMod:Mangle"],"picked":"TheCursedMod:CircleOfWindfury","floor":36},{"not_picked":["TheCursedMod:RapidMovement","TheCursedMod:Torture+1","TheCursedMod:WearCloak+1"],"picked":"SKIP","floor":37},{"not_picked":["TheCursedMod:Wield+1","TheCursedMod:PrepareRite+1","TheCursedMod:FleshFromBone+1"],"picked":"SKIP","floor":38},{"not_picked":["TheCursedMod:Torture+1","TheCursedMod:ManaBullet"],"picked":"TheCursedMod:LuckyCharm","floor":39},{"not_picked":["TheCursedMod:SoulReap","TheCursedMod:TacticalStrike+1","TheCursedMod:VitalStrike+1"],"picked":"SKIP","floor":43},{"not_picked":["TheCursedMod:HellfireBreathing","TheCursedMod:TroublousMinions"],"picked":"TheCursedMod:ReleasedKnowledge","floor":44},{"not_picked":["TheCursedMod:SurpriseAttack+1","TheCursedMod:SmokeScreen"],"picked":"TheCursedMod:DemonSword","floor":45},{"not_picked":["TheCursedMod:Torture+1","TheCursedMod:Wield+1"],"picked":"TheCursedMod:CursedShiv+1","floor":46},{"not_picked":["TheCursedMod:CursedArmor","TheCursedMod:CursedBlade+1","TheCursedMod:AbyssShockwave"],"picked":"SKIP","floor":47},{"not_picked":["TheCursedMod:TroublousMinions","TheCursedMod:DoubleShield+1"],"picked":"TheCursedMod:CircleOfFlame","floor":48},{"not_picked":["TheCursedMod:RapidMovement","TheCursedMod:Obscuration","TheCursedMod:RavingStaff"],"picked":"SKIP","floor":49},{"not_picked":["TheCursedMod:WearCloak+1","TheCursedMod:RapidMovement+1"],"picked":"TheCursedMod:SurpriseAttack+1","floor":52}],"player_experience":136455,"relics_obtained":[{"floor":6,"key":"Iron Hammer"},{"floor":7,"key":"Ornamental Fan"},{"floor":29,"key":"downfall:GremlinWheel"},{"floor":41,"key":"Pet Ghost"},{"floor":45,"key":"Strawberry"},{"floor":47,"key":"Happy Flower"},{"floor":52,"key":"Replay:Accelerometer"}],"event_choices":[{"damage_healed":0,"gold_gain":0,"player_choice":"Stole Relic","damage_taken":0,"relics_obtained":["Letter Opener"],"max_hp_gain":0,"max_hp_loss":0,"event_name":"Addict","floor":22,"gold_loss":0,"cards_obtained":["Shame"]},{"damage_healed":0,"gold_gain":0,"player_choice":"Upgraded","damage_taken":0,"max_hp_gain":0,"max_hp_loss":0,"event_name":"Upgrade Shrine","floor":31,"gold_loss":0,"cards_upgraded":["TheCursedMod:DemonSword"]},{"cards_removed":["Shame"],"damage_healed":0,"gold_gain":0,"player_choice":"Card Removal","damage_taken":0,"max_hp_gain":0,"max_hp_loss":0,"event_name":"Wheel of Change","floor":40,"gold_loss":0}],"is_beta":false,"boss_relics":[{"not_picked":["Black Star","Coffee Dripper"],"picked":"Sozu"},{"not_picked":["Replay:Bronze Core","SlaversCollar"],"picked":"Philosopher\u0027s Stone"}],"items_purged_floors":[53],"is_endless":false,"potions_floor_spawned":[2,8,14,27,32,33,36,39,44,48,49],"ascension_level":1}}