{"host":"njruw0b0uprlitpx","time":1610587439,"event":{"mods":["2.2 Compatiblity","Bartender","BaseMod","Better Altar","Better Match","Better Note","Better Sensory Stone","Better Skull","Better Third Choice","BetterRewards","Block Reminder","Colored Map","Colored Powertips","Energized Spire","Jedi Mod","Keyboard Shortcuts","Minty Spire (QoL Compilation)","Quick Restart","Rare Cards Sparkle","Relic Stats","Replay The Spire","SacredBarkPlus","Spicy Shops","StSLib","SuperFastMode","The Construct","The Dragon Tamer","The Marked","The Mystic","The Spell Scribe","Wandering Minibosses"],"gold_per_floor":[113,126,145,164,180,180,209,209,209,242,242,261,273,284,284,362,362,374,5,23,33,49,79,79,110,133,167,167,137,6,19,19,95,95,105,116,1115,1115,586,613,625,625,673,673,683,683,697,710,710,710],"floor_reached":51,"language":"ENG","playtime":1786,"items_purged":["Clumsy","Defend_Bartender","Normality","Normality"],"score":2036,"play_id":"ccd51ef0-b764-405d-95cb-009b32bc6867","local_time":"20210113192359","is_ascension_mode":true,"campfire_choices":[{"data":"Beat_Rush","floor":6,"key":"SMITH"},{"data":"OpoOpo_Form","floor":8,"key":"SMITH"},{"data":"Cold_Blooded","floor":11,"key":"SMITH"},{"data":"Power_Up_Punch","floor":15,"key":"SMITH"},{"data":"Combo_Master","floor":24,"key":"SMITH"},{"data":"Power_Up_Punch","floor":28,"key":"SMITH"},{"data":"Raptor_Form","floor":32,"key":"SMITH"},{"data":"Dolphin_Blow","floor":42,"key":"SMITH"},{"data":"Patience","floor":49,"key":"SMITH"}],"circlet_count":0,"master_deck":["AscendersBane","Strike_Bartender","Strike_Bartender","Defend_Bartender+1","Defend_Bartender+1","Somersault","OpoOpo_Form+1","Vortex","Meteodrive","RockBreaker","Perfect_Balance","Beat_Rush+1","Feint","Snap_Punch","Insight_B","Power_Up_Punch+1","Cold_Blooded+1","Rising_Crane","Power_Up_Punch+1","Waterkick","Scowl","Moonsault_Kick","AbeCurse","Dancing_Jab","Hook","Cold_Blooded+1","Sucker_Punch","Dart+1","Power_Up_Punch","Combo_Master+1","Ripple+1","Surge+1","Raptor_Form+1","Patience+1","Bouncer+1","Meditate+1","On_The_House+1","Ball_Of_Ice+1","Snap_Punch+1","AscendersBane","Dolphin_Blow+1","Momentum","Ripple+1","Master of Strategy+1","Rope_A_Dope+1","Dolphin_Blow+1","Breathe_Deep","Ripple+1"],"relics":["Sneakers","StoneCalendar","Piano_Music","Orichalcum","BargainBundle","PreservedInsect","jedi:ominousloannote","Peace Pipe","Replay:Bottled Snecko","Power_Wrist","jedi:heavyjacket","Divine Protection","Replay:WaspNest","War Paint","Abe\u0027s Treasure","Bag of Marbles","DollysMirror","Toxic Egg 2","jedi:angrymask","ReplayTheSpireMod:TigerMarble","Gremlin Food","Membership Card","Astrolabe","ReplayTheSpireMod:CursedCoin","Pondfish Scales","Lantern","Nunchaku","jedi:gremlinknob","Oddly Smooth Stone"],"acts_visited":["Exordium","TheCity","TheBeyond"],"potions_floor_usage":[16,25,33,50],"damage_taken":[{"damage":0,"enemies":"Cultist","floor":1,"turns":2},{"damage":0,"enemies":"Small Slimes","floor":2,"turns":2},{"damage":0,"enemies":"2 Louse","floor":3,"turns":2},{"damage":0,"enemies":"2 Fungi Beasts","floor":4,"turns":2},{"damage":0,"enemies":"Gremlin Gang","floor":5,"turns":5},{"damage":0,"enemies":"Gremlin Nob","floor":7,"turns":3},{"damage":0,"enemies":"Lagavulin","floor":10,"turns":2},{"damage":0,"enemies":"Blue Slaver","floor":12,"turns":2},{"damage":0,"enemies":"2 Fungi Beasts","floor":13,"turns":2},{"damage":0,"enemies":"Exordium Thugs","floor":14,"turns":3},{"damage":19,"enemies":"The Guardian","floor":16,"turns":7},{"damage":1,"enemies":"2 Thieves","floor":18,"turns":3},{"damage":0,"enemies":"Shell Parasite","floor":20,"turns":2},{"damage":0,"enemies":"Snecko","floor":21,"turns":2},{"damage":0,"enemies":"Snake Plant","floor":22,"turns":2},{"damage":4,"enemies":"Gremlin Leader","floor":23,"turns":2},{"damage":0,"enemies":"Slavers","floor":25,"turns":3},{"damage":0,"enemies":"Book of Stabbing","floor":27,"turns":2},{"damage":0,"enemies":"Cultist and Chosen","floor":31,"turns":2},{"damage":0,"enemies":"Automaton","floor":33,"turns":6},{"damage":0,"enemies":"Orb Walker","floor":35,"turns":2},{"damage":6,"enemies":"3 Shapes","floor":36,"turns":3},{"damage":0,"enemies":"R_Hoarder","floor":40,"turns":5},{"damage":0,"enemies":"Spire Growth","floor":41,"turns":2},{"damage":0,"enemies":"Jaw Worm Horde","floor":45,"turns":3},{"damage":0,"enemies":"3 Darklings","floor":47,"turns":3},{"damage":0,"enemies":"Spire Growth","floor":48,"turns":2},{"damage":0,"enemies":"Time Eater","floor":50,"turns":7}],"seed_played":"1415928609466972844","potions_obtained":[{"floor":18,"key":"Dexterity Potion"},{"floor":27,"key":"Venom Potion"},{"floor":29,"key":"Regen Potion"},{"floor":33,"key":"Swift Potion"},{"floor":40,"key":"FearPotion"}],"is_trial":false,"path_per_floor":["M","M","M","M","M","R","E","R","T","E","R","M","M","M","R","B",null,"M","$","M","M","M","E","R","E","T","E","R","?","$","M","R","B",null,"M","M","?","?","$","E","M","R","T","?","M","?","M","M","R","B",null],"character_chosen":"BARTENDER","items_purchased":["OpoOpo_Form","Piano_Music","Vortex","Meteodrive","Orichalcum","BargainBundle","PreservedInsect","jedi:ominousloannote","RockBreaker","Perfect_Balance","Block Potion","PowerPotion","Replay:Bottled Snecko","Power_Wrist","jedi:heavyjacket","Beat_Rush","Hook","Bag of Marbles","DollysMirror","FearPotion","Sucker_Punch","Membership Card","Raptor_Form","ReplayTheSpireMod:CursedCoin","Momentum","Pondfish Scales","Lantern","Ripple+1","LiquidMemories","Master of Strategy+1","Nunchaku"],"campfire_rested":0,"item_purchase_floors":[0,0,0,0,0,0,0,0,0,0,0,0,0,0,0,0,19,19,19,19,19,30,30,39,39,39,39,39,39,39,39],"current_hp_per_floor":[63,63,63,63,63,63,63,63,63,63,63,63,63,63,63,44,64,63,63,63,63,63,59,59,59,59,59,59,59,59,59,59,70,70,70,64,64,64,64,64,64,64,64,64,64,64,64,64,64,64],"gold":710,"neow_bonus":"","is_daily":false,"chose_seed":false,"campfire_upgraded":9,"win_rate":0.0,"timestamp":1610587439,"path_taken":["M","?","M","M","M","R","E","R","T","E","R","M","?","M","R","BOSS","M","$","M","M","M","E","R","E","T","E","R","?","$","?","R","BOSS","M","M","?","?","$","E","?","R","T","?","?","?","M","M","R","BOSS"],"items_purchased_type":["Card","Relic","Card","Card","Relic","Relic","Relic","Relic","Card","Card","Potion","Potion","Relic","Relic","Relic","Card","Card","Relic","Relic","Potion","Card","Relic","Card","Relic","Card","Relic","Relic","Card","Potion","Card","Relic"],"build_version":"2020-12-22","purchased_purges":4,"victory":true,"max_hp_per_floor":[70,70,70,70,70,70,70,70,70,70,70,70,70,70,70,70,70,70,70,70,70,70,70,70,70,70,70,70,70,70,70,70,70,70,70,70,70,70,70,70,70,70,70,70,70,70,70,70,70,70],"relic_stats":{"Peace Pipe":0,"Nunchaku":[4],"counters":[18,75],"Astrolabe":["Bouncer","Meditate","On_The_House"],"StoneCalendar":[0],"PreservedInsect":271,"Orichalcum":[204],"War Paint":["Defend_Bartender","Defend_Bartender"],"obtain_stats":[{"Lantern":39,"NeowsBlessing":0,"ReplayTheSpireMod:CursedCoin":39,"CeramicFish":10,"Oddly Smooth Stone":19,"jedi:gremlinknob":40,"White Beast Statue":9,"Dream Catcher":7,"Pondfish Scales":39,"Nunchaku":39,"jedi:paperlyon":17,"Orrery":19,"Ring of the Snake":0},{"Lantern":12,"NeowsBlessing":0,"ReplayTheSpireMod:CursedCoin":12,"CeramicFish":5,"Oddly Smooth Stone":9,"jedi:gremlinknob":13,"White Beast Statue":4,"Dream Catcher":4,"Pondfish Scales":12,"Nunchaku":12,"jedi:paperlyon":8,"Orrery":9,"Ring of the Snake":0},{"Lantern":53,"NeowsBlessing":0,"ReplayTheSpireMod:CursedCoin":53,"CeramicFish":16,"Oddly Smooth Stone":41,"jedi:gremlinknob":58,"White Beast Statue":8,"Dream Catcher":8,"Pondfish Scales":53,"Nunchaku":53,"jedi:paperlyon":36,"Orrery":41,"Ring of the Snake":0}]},"card_choices":[{"not_picked":["On_The_Rocks","Bicycle_Kick"],"picked":"Feint","floor":1},{"not_picked":["Feint","Scoop"],"picked":"Snap_Punch","floor":2},{"not_picked":["With_A_Twist","Ripple"],"picked":"Insight_B","floor":3},{"not_picked":["Ball_Of_Ice","Waterkick"],"picked":"Power_Up_Punch","floor":4},{"not_picked":["Pony_Shot","Momentum"],"picked":"Cold_Blooded","floor":5},{"not_picked":["Liquid_Armor","Power_Up_Punch"],"picked":"Rising_Crane","floor":7},{"not_picked":["Perfect_Balance","Center_Self"],"picked":"Power_Up_Punch","floor":10},{"not_picked":["Center_Self","Training_Dummy"],"picked":"Waterkick","floor":12},{"not_picked":["Pony_Shot","Phantom_Blow","ThreeSidedStar"],"picked":"SKIP","floor":13},{"not_picked":["Blizzard_Spikes","Meditate"],"picked":"Scowl","floor":14},{"not_picked":["Beat_Rush","Patience"],"picked":"Moonsault_Kick","floor":16},{"not_picked":["Fading_Blow","Step_Of_The_Wind"],"picked":"Dancing_Jab","floor":18},{"not_picked":["Free_Pour","With_A_Twist"],"picked":"Dart+1","floor":20},{"not_picked":["On_The_Rocks+1","Step_Of_The_Wind+1"],"picked":"Power_Up_Punch","floor":21},{"not_picked":["With_A_Twist","Foot_Thrust","Bitters"],"picked":"SKIP","floor":22},{"not_picked":["Foot_Thrust","Step_Of_The_Wind+1"],"picked":"Combo_Master","floor":23},{"not_picked":["Fading_Blow+1","Fight_Dirty"],"picked":"Ripple+1","floor":25},{"not_picked":["Scowl+1","Power_Up_Punch"],"picked":"Surge+1","floor":27},{"not_picked":["Torment+1","Power_Up_Punch","Free_Pour+1"],"picked":"SKIP","floor":31},{"not_picked":["Liquid_Armor","Storage"],"picked":"Patience","floor":33},{"not_picked":["Elbow_Slash","Snap_Punch+1"],"picked":"Ball_Of_Ice+1","floor":35},{"not_picked":["Center_Self+1","On_The_Rocks+1"],"picked":"Snap_Punch+1","floor":36},{"not_picked":["Ripple+1","Center_Self+1"],"picked":"Rope_A_Dope+1","floor":40},{"not_picked":["Bicycle_Kick","Fading_Blow+1","Snap_Punch"],"picked":"SKIP","floor":41},{"not_picked":["Bloodbath_Bartender+1","Blizzard_Spikes+1","ThreeSidedStar+1"],"picked":"SKIP","floor":45},{"not_picked":["Surge+1","With_A_Twist+1"],"picked":"Breathe_Deep","floor":47},{"not_picked":["Pony_Shot+1","Ripple+1","Bicycle_Kick"],"picked":"SKIP","floor":48},{"not_picked":["Pony_Shot+1","Bicycle_Kick"],"picked":"Ripple+1","floor":48}],"player_experience":1466820,"relics_obtained":[{"floor":7,"key":"Divine Protection"},{"floor":9,"key":"Replay:WaspNest"},{"floor":10,"key":"War Paint"},{"floor":23,"key":"Toxic Egg 2"},{"floor":25,"key":"jedi:angrymask"},{"floor":26,"key":"ReplayTheSpireMod:TigerMarble"},{"floor":27,"key":"Gremlin Food"},{"floor":40,"key":"jedi:gremlinknob"},{"floor":43,"key":"Oddly Smooth Stone"}],"event_choices":[{"damage_healed":0,"gold_gain":0,"player_choice":"Bought 2 Potions","damage_taken":0,"max_hp_gain":0,"max_hp_loss":0,"event_name":"The Woman in Blue","floor":29,"gold_loss":0},{"damage_healed":0,"gold_gain":999,"player_choice":"Gold","damage_taken":0,"max_hp_gain":0,"max_hp_loss":0,"event_name":"MindBloom","floor":37,"gold_loss":0,"cards_obtained":["Normality","Normality"]},{"damage_healed":0,"gold_gain":0,"player_choice":"Random: Blue","damage_taken":0,"max_hp_gain":0,"max_hp_loss":0,"event_name":"betterThird:BetterPortal","floor":38,"gold_loss":0},{"damage_healed":0,"gold_gain":3,"player_choice":"3","damage_taken":0,"max_hp_gain":0,"max_hp_loss":0,"event_name":"betterStone:BetterStone","floor":38,"gold_loss":0,"cards_obtained":["Dolphin_Blow"]},{"cards_removed":["Pride","AbeCurse"],"damage_healed":0,"gold_gain":0,"player_choice":"Removed Curses","damage_taken":0,"max_hp_gain":0,"max_hp_loss":0,"event_name":"Fountain of Cleansing","floor":44,"gold_loss":0},{"damage_healed":0,"gold_gain":0,"player_choice":"Copied","damage_taken":0,"max_hp_gain":0,"max_hp_loss":0,"event_name":"Duplicator","floor":46,"gold_loss":0,"cards_obtained":["Dolphin_Blow"]}],"is_beta":false,"boss_relics":[{"not_picked":["SacredBark","energizedSpire:MagnifyingGlass"],"picked":"Abe\u0027s Treasure"},{"not_picked":["Black Star","jedi:hotpepper"],"picked":"Astrolabe"}],"items_purged_floors":[0,0,39,39],"is_endless":false,"potions_floor_spawned":[3,4,12,13,14,18,21,27,31,33,40,45,47],"ascension_level":13}}