{"host":"kg61lsvem4dxoat8","time":1610612291,"event":{"mods":["BaseMod","Colored Powertips","Minty Spire (QoL Compilation)","Quick Restart","Rare Cards Sparkle","Relic Stats","slay the spire mod where everything is the same but ironclad has a cowboy hat"],"gold_per_floor":[109,109,34,49,49,378,392,392,392,392,402,422,441,459,459,554,554,572,572,572,391,306,338,355,355,382,399,412,412,423,434,434,539,539,549,163,163,173,188,220,220,220,247,1,14,39,39,57,57,57,57],"floor_reached":50,"language":"ENG","playtime":1743,"items_purged":["Strike_P","Strike_P","Strike_P","Defend_P"],"score":576,"play_id":"fed91ac3-c70d-478c-89f6-9657ffc86fe9","local_time":"20210114161811","is_ascension_mode":false,"campfire_choices":[{"data":"PathToVictory","floor":8,"key":"SMITH"},{"floor":10,"key":"DIG"},{"floor":15,"key":"REST"},{"data":"PathToVictory","floor":25,"key":"SMITH"},{"floor":32,"key":"REST"},{"floor":41,"key":"REST"},{"floor":49,"key":"RECALL"}],"circlet_count":0,"master_deck":["Defend_P+1","Defend_P+1","Eruption","Vigilance","PathToVictory+1","ThirdEye","PathToVictory+1","CutThroughFate","PathToVictory","EmptyMind","ThirdEye","Nirvana+1","Weave+1","TalkToTheHand+1"],"relics":["PureWater","Oddly Smooth Stone","Old Coin","Shovel","Frozen Egg 2","SlaversCollar","The Courier","Smiling Mask","Incense Burner","War Paint","Busted Crown","Gremlin Horn","Bag of Preparation","Vajra","Akabeko","Nunchaku"],"acts_visited":["Exordium","TheCity","TheBeyond"],"potions_floor_usage":[6,16,16,16,30,33,37,38,40,40,48,50,50],"damage_taken":[{"damage":0,"enemies":"2 Louse","floor":1,"turns":2},{"damage":0,"enemies":"Jaw Worm","floor":4,"turns":4},{"damage":33,"enemies":"3 Sentries","floor":6,"turns":16},{"damage":0,"enemies":"Cultist","floor":7,"turns":3},{"damage":5,"enemies":"Exordium Thugs","floor":11,"turns":4},{"damage":0,"enemies":"Looter","floor":12,"turns":4},{"damage":0,"enemies":"Blue Slaver","floor":13,"turns":3},{"damage":0,"enemies":"Exordium Thugs","floor":14,"turns":5},{"damage":32,"enemies":"Slime Boss","floor":16,"turns":14},{"damage":2,"enemies":"3 Byrds","floor":18,"turns":6},{"damage":0,"enemies":"Gremlin Leader","floor":23,"turns":5},{"damage":0,"enemies":"Spheric Guardian","floor":24,"turns":3},{"damage":7,"enemies":"Snecko","floor":27,"turns":5},{"damage":17,"enemies":"Snake Plant","floor":28,"turns":4},{"damage":10,"enemies":"3 Cultists","floor":30,"turns":7},{"damage":19,"enemies":"Centurion and Healer","floor":31,"turns":4},{"damage":30,"enemies":"Collector","floor":33,"turns":4},{"damage":12,"enemies":"Orb Walker","floor":35,"turns":3},{"damage":24,"enemies":"3 Darklings","floor":38,"turns":4},{"damage":0,"enemies":"Transient","floor":39,"turns":5},{"damage":2,"enemies":"Reptomancer","floor":40,"turns":2},{"damage":7,"enemies":"4 Shapes","floor":45,"turns":4},{"damage":0,"enemies":"Giant Head","floor":46,"turns":5},{"damage":21,"enemies":"Sphere and 2 Shapes","floor":48,"turns":5},{"damage":44,"enemies":"Time Eater","floor":50,"turns":8}],"seed_played":"-625331203437937588","potions_obtained":[{"floor":4,"key":"Weak Potion"},{"floor":12,"key":"BottledMiracle"},{"floor":13,"key":"SkillPotion"},{"floor":14,"key":"Block Potion"},{"floor":28,"key":"Energy Potion"},{"floor":30,"key":"Swift Potion"},{"floor":31,"key":"Fire Potion"},{"floor":33,"key":"DuplicationPotion"},{"floor":37,"key":"Fruit Juice"},{"floor":39,"key":"SpeedPotion"},{"floor":46,"key":"SneckoOil"},{"floor":48,"key":"Weak Potion"}],"is_trial":false,"path_per_floor":["M","?","$","M","?","E","M","R","T","R","M","M","M","M","R","B",null,"M","?","?","$","?","E","M","R","T","M","M","?","M","M","R","B",null,"M","$","?","M","M","E","R","?","T","$","M","E","?","M","R","B"],"character_chosen":"WATCHER","items_purchased":["PathToVictory","EmptyMind","Nirvana+1","Swift Potion","InnerPeace","Gremlin Horn","Vajra","Energy Potion","Dexterity Potion"],"campfire_rested":3,"item_purchase_floors":[21,21,36,36,36,36,44,44,44],"current_hp_per_floor":[72,65,65,65,65,32,32,32,32,32,27,27,27,27,48,16,72,70,70,70,70,70,70,70,70,70,63,46,46,36,17,38,8,72,60,60,65,41,41,39,62,62,62,62,55,55,55,34,34,0,0],"gold":57,"neow_bonus":"RANDOM_COMMON_RELIC","is_daily":false,"chose_seed":false,"campfire_upgraded":2,"win_rate":0.0,"timestamp":1610612291,"path_taken":["M","?","?","M","?","E","M","R","T","R","M","M","M","?","R","BOSS","M","?","?","$","?","E","?","R","T","M","M","?","?","M","R","BOSS","M","$","?","?","M","E","R","?","T","$","M","E","?","M","R","BOSS"],"items_purchased_type":["Card","Card","Card","Potion","Card","Relic","Relic","Potion","Potion"],"build_version":"2020-12-22","purchased_purges":4,"victory":false,"max_hp_per_floor":[72,72,72,72,72,72,72,72,72,72,72,72,72,72,72,72,72,72,72,72,72,72,72,72,72,72,72,72,72,72,72,72,72,72,72,72,77,77,77,77,77,77,77,77,77,77,77,77,77,77,77],"relic_stats":{"Nunchaku":[1],"Shovel":1,"Busted Crown":16,"Gremlin Horn":[8,8],"counters":[25,129],"Bag of Preparation":[8],"War Paint":["Defend_P","Defend_P"],"Smiling Mask":120,"obtain_stats":[{"Gremlin Horn":36,"Oddly Smooth Stone":0,"Vajra":44,"The Courier":19,"Incense Burner":23,"Bag of Preparation":40,"Frozen Egg 2":10,"War Paint":26,"Smiling Mask":22,"Akabeko":46,"Old Coin":6,"SlaversCollar":17,"Nunchaku":47,"Shovel":9,"Busted Crown":34,"PureWater":0},{"Gremlin Horn":18,"Oddly Smooth Stone":0,"Vajra":21,"The Courier":10,"Incense Burner":11,"Bag of Preparation":21,"Frozen Egg 2":4,"War Paint":12,"Smiling Mask":10,"Akabeko":23,"Old Coin":3,"SlaversCollar":9,"Nunchaku":23,"Shovel":4,"Busted Crown":17,"PureWater":0},{"Gremlin Horn":96,"Oddly Smooth Stone":0,"Vajra":107,"The Courier":61,"Incense Burner":66,"Bag of Preparation":107,"Frozen Egg 2":25,"War Paint":69,"Smiling Mask":61,"Akabeko":116,"Old Coin":22,"SlaversCollar":55,"Nunchaku":116,"Shovel":25,"Busted Crown":93,"PureWater":0}]},"card_choices":[{"not_picked":["WheelKick","Protect"],"picked":"PathToVictory","floor":1},{"not_picked":["CarveReality","EmptyMind","ForeignInfluence"],"picked":"SKIP","floor":4},{"not_picked":["MentalFortress","Crescendo","Consecrate"],"picked":"SKIP","floor":6},{"not_picked":["WreathOfFlame","Prostrate","LikeWater"],"picked":"SKIP","floor":7},{"not_picked":["Omniscience","FlurryOfBlows"],"picked":"ThirdEye","floor":11},{"not_picked":["Prostrate","Evaluate"],"picked":"TalkToTheHand","floor":12},{"not_picked":["SashWhip","Devotion+1","Perseverance"],"picked":"SKIP","floor":13},{"not_picked":["Study+1","FollowUp"],"picked":"PathToVictory","floor":14},{"not_picked":["FlyingSleeves+1","Halt"],"picked":"CutThroughFate","floor":18},{"not_picked":["Evaluate+1","FlyingSleeves","Scrawl"],"picked":"SKIP","floor":23},{"not_picked":["InnerPeace","Halt+1"],"picked":"ThirdEye","floor":24},{"not_picked":["SashWhip","CarveReality","EmptyBody"],"picked":"SKIP","floor":27},{"not_picked":["EmptyBody","Worship+1","EmptyFist"],"picked":"SKIP","floor":28},{"not_picked":["Collect+1","ForeignInfluence","Indignation"],"picked":"SKIP","floor":30},{"not_picked":["Evaluate","Indignation","SashWhip+1"],"picked":"SKIP","floor":31},{"not_picked":["Protect+1"],"picked":"SKIP","floor":35},{"not_picked":["Wallop+1"],"picked":"SKIP","floor":38},{"not_picked":["TalkToTheHand"],"picked":"SKIP","floor":39},{"not_picked":[],"picked":"Weave+1","floor":40},{"not_picked":["BowlingBash"],"picked":"SKIP","floor":45},{"not_picked":["Brilliance"],"picked":"SKIP","floor":46},{"not_picked":[],"picked":"TalkToTheHand+1","floor":48}],"player_experience":1341098,"relics_obtained":[{"floor":6,"key":"Old Coin"},{"floor":9,"key":"Shovel"},{"floor":10,"key":"Frozen Egg 2"},{"floor":23,"key":"Incense Burner"},{"floor":26,"key":"War Paint"},{"floor":40,"key":"Bag of Preparation"},{"floor":46,"key":"Akabeko"}],"event_choices":[{"cards_removed":["Strike_P"],"damage_healed":0,"gold_gain":0,"player_choice":"Card Removal","damage_taken":7,"max_hp_gain":0,"max_hp_loss":0,"event_name":"Golden Wing","floor":2,"gold_loss":0},{"cards_removed":["Defend_P"],"damage_healed":0,"gold_gain":0,"player_choice":"Offered Basic","damage_taken":0,"max_hp_gain":0,"max_hp_loss":0,"event_name":"Bonfire Elementals","floor":5,"gold_loss":0},{"damage_healed":0,"gold_gain":0,"player_choice":"Opened","damage_taken":0,"relics_obtained":["The Courier"],"max_hp_gain":0,"max_hp_loss":0,"event_name":"The Mausoleum","floor":19,"gold_loss":0},{"damage_healed":0,"gold_gain":0,"player_choice":"Ignored","damage_taken":0,"max_hp_gain":0,"max_hp_loss":0,"event_name":"Vampires","floor":20,"gold_loss":0},{"damage_healed":0,"gold_gain":0,"player_choice":"Obtained Relic","damage_taken":0,"relics_obtained":["Smiling Mask"],"max_hp_gain":0,"max_hp_loss":0,"event_name":"Addict","floor":22,"gold_loss":85},{"cards_removed":["TalkToTheHand"],"damage_healed":0,"gold_gain":0,"player_choice":"Purged","damage_taken":0,"max_hp_gain":0,"max_hp_loss":0,"event_name":"Purifier","floor":29,"gold_loss":0},{"damage_healed":0,"gold_gain":0,"player_choice":"Got Potions","damage_taken":0,"max_hp_gain":0,"max_hp_loss":0,"event_name":"Lab","floor":37,"gold_loss":0},{"damage_healed":0,"gold_gain":0,"player_choice":"Memory 1","damage_taken":0,"max_hp_gain":0,"max_hp_loss":0,"event_name":"SensoryStone","floor":42,"gold_loss":0},{"cards_removed":["InnerPeace"],"damage_healed":0,"gold_gain":0,"player_choice":"Gave Card","damage_taken":0,"relics_obtained":["Nunchaku"],"max_hp_gain":0,"max_hp_loss":0,"event_name":"WeMeetAgain","floor":47,"gold_loss":0}],"is_beta":false,"boss_relics":[{"not_picked":["VioletLotus","Runic Pyramid"],"picked":"SlaversCollar"},{"not_picked":["Black Star","Philosopher\u0027s Stone"],"picked":"Busted Crown"}],"items_purged_floors":[3,21,36,44],"is_endless":false,"potions_floor_spawned":[4,12,13,14,28,30,31,33,39,46,48],"killed_by":"Time Eater","ascension_level":0}}