{"host":"0009l0kk6tb2u2kt","time":1610635689,"event":{"mods":["BaseMod","Downfall","Hermit","Hubris","Minty Spire (QoL Compilation)","Replay The Spire","StSLib"],"gold_per_floor":[99,99,99,99,99,99,99,134,146,161,172,172,172,201,201,213,231,336,336,336,351,373,373,384,384,384,384,411,411,411,411],"floor_reached":29,"language":"ENG","playtime":2363,"items_purged":[],"score":251,"play_id":"7092f731-73dc-4e2b-aac7-6c10263e7849","local_time":"20210114154809","is_ascension_mode":false,"campfire_choices":[{"data":"hexamod:Float","floor":1,"key":"SMITH"},{"floor":15,"key":"REST"},{"floor":20,"key":"DIG"},{"floor":25,"key":"REST"},{"data":"hexamod:HexaLevel","floor":27,"key":"SMITH"}],"circlet_count":0,"master_deck":["hexamod:Strike","hexamod:Strike","hexamod:Strike","hexamod:Strike","hexamod:Defend","hexamod:Defend","hexamod:Defend","hexamod:Defend","hexamod:Sear+1","hexamod:Float+1","hexamod:ChargedBarrage+1","hexamod:FirstSeal","hexamod:PhantomFireball","hexamod:FastForward","hexamod:Firestarter","hexamod:SoulSteal","hexamod:Incineration","hexamod:ShieldOfDarkness","hexamod:ThermalTransfer","hexamod:FifthSeal","hexamod:SecondSeal","hexamod:FourthSeal","hexamod:EtherealExpedition+1","hexamod:HexaLevel+1","hexamod:CatchUp"],"relics":["hexamod:SpiritBrand","downfall:HeartsMalice","Vajra","War Paint","Ancient Tea Set","Boot","Black Star","Shovel","Snack Pack","ReplayTheSpireMod:Shallot"],"acts_visited":["Exordium","TheCity"],"potions_floor_usage":[14,18,22,28,28,28,29,29],"damage_taken":[{"damage":0,"enemies":"2 Louse","floor":2,"turns":1},{"damage":0,"enemies":"Jaw Worm","floor":4,"turns":1},{"damage":0,"enemies":"Cultist","floor":5,"turns":1},{"damage":24,"enemies":"3 Sentries","floor":8,"turns":9},{"damage":5,"enemies":"Exordium Wildlife","floor":9,"turns":4},{"damage":13,"enemies":"Exordium Thugs","floor":10,"turns":3},{"damage":7,"enemies":"3 Louse","floor":11,"turns":4},{"damage":14,"enemies":"Gremlin Nob","floor":14,"turns":4},{"damage":5,"enemies":"Exordium Wildlife","floor":16,"turns":3},{"damage":10,"enemies":"Large Slime","floor":17,"turns":2},{"damage":24,"enemies":"downfall:Silent","floor":18,"turns":7},{"damage":5,"enemies":"3 Byrds","floor":21,"turns":3},{"damage":57,"enemies":"Snecko","floor":22,"turns":9},{"damage":12,"enemies":"Shelled Parasite and Fungi","floor":24,"turns":6},{"damage":22,"enemies":"Slavers","floor":28,"turns":5},{"damage":21,"enemies":"Sentry and Sphere","floor":29,"turns":7}],"seed_played":"-4212817144575592458","potions_obtained":[{"floor":8,"key":"SkillPotion"},{"floor":9,"key":"SteroidPotion"},{"floor":10,"key":"sneckomod:MuddlingPotion"},{"floor":16,"key":"Explosive Potion"},{"floor":17,"key":"SkillPotion"},{"floor":24,"key":"EssenceOfSteel"},{"floor":24,"key":"LifebloodPotion"},{"floor":28,"key":"SpeedPotion"},{"floor":28,"key":"sneckomod:MuddlingPotion"}],"is_trial":false,"path_per_floor":["R","M","?","M","M","T","T","E","M","M","M","PTL","PTL","E","R","M","M","B",null,"R","M","M","?","M","R","T","R","E","M"],"character_chosen":"THE_SPIRIT","items_purchased":[],"campfire_rested":2,"item_purchase_floors":[],"current_hp_per_floor":[70,70,63,63,63,63,63,46,48,35,35,35,35,21,42,44,41,24,70,70,65,15,18,13,34,34,34,19,0,0,0],"gold":411,"neow_bonus":"THREE_ENEMY_KILL","is_daily":false,"chose_seed":false,"campfire_upgraded":2,"win_rate":0.0,"timestamp":1610635689,"path_taken":["R","M","?","M","M","?","T","E","M","M","M","PTL","PTL","E","R","M","M","BOSS","R","M","M","?","M","R","T","R","E","M"],"items_purchased_type":[],"build_version":"2020-12-22","purchased_purges":0,"victory":false,"max_hp_per_floor":[70,70,70,70,70,70,70,70,70,70,70,70,70,70,70,70,70,70,70,70,70,70,73,73,73,73,73,73,73,73,73],"card_choices":[{"not_picked":["hexamod:GhostflameBarrier","hexamod:PhantomCloak"],"picked":"hexamod:ChargedBarrage","floor":2},{"not_picked":["hexamod:FirstSeal","hexamod:Incineration"],"picked":"hexamod:PhantomFireball","floor":4},{"not_picked":["hexamod:Hexaguard","hexamod:SwordOfDarkness"],"picked":"hexamod:FastForward","floor":5},{"not_picked":["hexamod:RetreatToShadows","hexamod:HeatShield"],"picked":"hexamod:Firestarter","floor":8},{"not_picked":["hexamod:FirstSeal","hexamod:BacktrackSmack","hexamod:TurnItUp"],"picked":"SKIP","floor":9},{"not_picked":["hexamod:NightmareGuise","hexamod:GhostLash","hexamod:FastForward"],"picked":"SKIP","floor":10},{"not_picked":["hexamod:Hexaguard","hexamod:NightmareGuise"],"picked":"hexamod:SoulSteal","floor":11},{"not_picked":["hexamod:HauntingEcho","hexamod:ChargedBarrage"],"picked":"hexamod:Incineration","floor":14},{"not_picked":["hexamod:HauntingEcho","hexamod:AdvancingGuard"],"picked":"hexamod:ShieldOfDarkness","floor":16},{"not_picked":["hexamod:GhostLash","hexamod:Haunt"],"picked":"hexamod:ThermalTransfer","floor":17},{"not_picked":["hexamod:ParanormalForm","hexamod:EmpoweringStance"],"picked":"hexamod:FifthSeal","floor":18},{"not_picked":["hexamod:ThirdSeal","hexamod:FirstSeal"],"picked":"hexamod:SecondSeal","floor":21},{"not_picked":["hexamod:RetreatToShadows","hexamod:EtherealExpedition","hexamod:BacktrackSmack+1"],"picked":"SKIP","floor":21},{"not_picked":["hexamod:FirstSeal","hexamod:SecondSeal"],"picked":"hexamod:FourthSeal","floor":22},{"not_picked":["hexamod:NightmareStrike+1","hexamod:SpectersWail+1"],"picked":"hexamod:EtherealExpedition+1","floor":22},{"not_picked":["hexamod:RainOfEmbers+1","hexamod:NightmareStrike"],"picked":"hexamod:HexaLevel","floor":24},{"not_picked":["hexamod:GhostLash","hexamod:GhostOfSpirePresent+1"],"picked":"hexamod:CatchUp","floor":28}],"player_experience":214676,"relics_obtained":[{"floor":6,"key":"Vajra"},{"floor":7,"key":"War Paint"},{"floor":8,"key":"Ancient Tea Set"},{"floor":14,"key":"Boot"},{"floor":20,"key":"Shovel"},{"floor":28,"key":"Snack Pack"},{"floor":28,"key":"ReplayTheSpireMod:Shallot"}],"event_choices":[],"is_beta":false,"boss_relics":[{"not_picked":["Ring of Chaos","Runic Dome"],"picked":"Black Star"}],"items_purged_floors":[],"is_endless":false,"potions_floor_spawned":[8,9,10,16,17,24,28],"killed_by":"Sentry and Sphere","ascension_level":0}}