{"host":"Timothy","time":1610641460,"event":{"mods":["AchievementEnabler","BaseMod","Bestiary","Highlight Path","Minty Spire (QoL Compilation)","Quick Restart","Slay-I"],"gold_per_floor":[119,9,9,23,33,33,62,62,62,76,76,100,100,115,115,216,216,236,249,264,2,12,12,37,37,62,91,16,32,43,70,70,171,171,184,204,66,112,212,227,227,260,260,279,279,199,214,12,12,12],"floor_reached":51,"language":"ENG","playtime":2191,"items_purged":["Strike_G","Strike_G"],"score":787,"play_id":"7eb04ea6-4f33-44c7-9763-07eb0a76a819","local_time":"20210114082420","is_ascension_mode":false,"campfire_choices":[{"data":"Accuracy","floor":6.0,"key":"SMITH"},{"floor":11.0,"key":"REST"},{"floor":15.0,"key":"REST"},{"data":"Infinite Blades","floor":23.0,"key":"SMITH"},{"floor":32.0,"key":"REST"},{"floor":45,"key":"REST"},{"data":"Apotheosis","floor":49,"key":"SMITH"}],"circlet_count":0,"master_deck":["Strike_G","Strike_G","Defend_G","Defend_G","Defend_G","Defend_G+1","Defend_G","Survivor","Neutralize","Poisoned Stab","Accuracy+1","Cloak And Dagger","Cloak And Dagger","Blur+1","Adrenaline","Corpse Explosion","Cloak And Dagger","Escape Plan+1","Infinite Blades+1","PiercingWail","Flechettes+1","PiercingWail","Accuracy","After Image","Crippling Poison+1","Backflip+1","Apotheosis+1","Escape Plan","Cloak And Dagger+1","Prepared+1"],"relics":["Ring of the Snake","NeowsBlessing","Tingsha","The Courier","Turnip","War Paint","Cursed Key","Shuriken","Strawberry","Bronze Scales","Ice Cream","Black Star","Torii","Paper Crane","Singing Bowl","Pantograph"],"acts_visited":["Exordium","TheCity","TheBeyond"],"potions_floor_usage":[50],"damage_taken":[{"damage":0.0,"enemies":"Jaw Worm","floor":1.0,"turns":1.0},{"damage":0.0,"enemies":"Small Slimes","floor":4.0,"turns":1.0},{"damage":0.0,"enemies":"2 Louse","floor":5.0,"turns":1.0},{"damage":46.0,"enemies":"Gremlin Nob","floor":7.0,"turns":5.0},{"damage":5.0,"enemies":"Exordium Thugs","floor":10.0,"turns":6.0},{"damage":0.0,"enemies":"Lots of Slimes","floor":14.0,"turns":7.0},{"damage":10.0,"enemies":"Hexaghost","floor":16.0,"turns":11.0},{"damage":0.0,"enemies":"Shell Parasite","floor":18.0,"turns":6.0},{"damage":0.0,"enemies":"3 Byrds","floor":19.0,"turns":3.0},{"damage":7.0,"enemies":"Snake Plant","floor":20.0,"turns":4.0},{"damage":0.0,"enemies":"Cultist and Chosen","floor":22.0,"turns":5.0},{"damage":2.0,"enemies":"Gremlin Leader","floor":24.0,"turns":6.0},{"damage":12.0,"enemies":"Book of Stabbing","floor":27.0,"turns":5.0},{"damage":9.0,"enemies":"Snecko","floor":29.0,"turns":4.0},{"damage":3.0,"enemies":"Centurion and Healer","floor":30.0,"turns":4.0},{"damage":27.0,"enemies":"Slavers","floor":31.0,"turns":4.0},{"damage":4.0,"enemies":"Champ","floor":33.0,"turns":9.0},{"damage":2.0,"enemies":"Orb Walker","floor":35.0,"turns":4.0},{"damage":6.0,"enemies":"3 Shapes","floor":36.0,"turns":3.0},{"damage":25.0,"enemies":"2 Orb Walkers","floor":38.0,"turns":4.0},{"damage":1.0,"enemies":"Sphere and 2 Shapes","floor":40.0,"turns":6.0},{"damage":10.0,"enemies":"Nemesis","floor":42.0,"turns":7.0},{"damage":1,"enemies":"Writhing Mass","floor":44,"turns":7},{"damage":18,"enemies":"Jaw Worm Horde","floor":47,"turns":4},{"damage":13,"enemies":"Awakened One","floor":50,"turns":13}],"seed_played":"7242167015769755717","potions_obtained":[{"floor":1.0,"key":"Dexterity Potion"},{"floor":5.0,"key":"Poison Potion"},{"floor":7.0,"key":"AttackPotion"},{"floor":20.0,"key":"SteroidPotion"},{"floor":24.0,"key":"Weak Potion"},{"floor":30.0,"key":"Ancient Potion"},{"floor":33.0,"key":"Swift Potion"},{"floor":36.0,"key":"GamblersBrew"},{"floor":38.0,"key":"Weak Potion"},{"floor":47,"key":"Explosive Potion"}],"is_trial":false,"path_per_floor":["M","$","?","M","M","R","E","?","T","M","R","T","?","M","R","B",null,"M","M","M","$","M","R","E","?","T","E","?","M","M","E","R","B",null,"M","M","$","?","?","M","?","E","T","M","R","$","M","$","R","B",null],"character_chosen":"THE_SILENT","items_purchased":["Accuracy","Shuriken","Infinite Blades","Apotheosis","Pantograph"],"campfire_rested":4,"item_purchase_floors":[2,21,21,37,48],"current_hp_per_floor":[70,70,70,70,70,70,24,17,17,12,33,33,33,33,54,44,70,70,70,63,63,63,63,68,54,54,42,42,33,30,3,27,23,82,80,74,74,49,49,48,48,40,40,41,66,66,48,48,48,60],"gold":12,"neow_bonus":"THREE_ENEMY_KILL","is_daily":false,"chose_seed":false,"campfire_upgraded":3,"win_rate":0.0,"timestamp":1610641460,"path_taken":["M","$","?","M","M","R","E","?","T","M","R","?","?","?","R","BOSS","M","M","?","$","M","R","E","?","T","E","?","M","M","E","R","BOSS","M","M","$","?","?","?","?","E","T","M","R","?","M","$","R","BOSS"],"items_purchased_type":["Card","Relic","Card","Card","Relic"],"build_version":"2020-12-18","purchased_purges":2,"victory":true,"max_hp_per_floor":[70,70,70,70,70,70,70,70,70,70,70,70,70,70,70,70,70,70,70,70,70,70,70,77,82,82,82,82,82,82,82,82,82,82,82,82,82,82,82,82,82,84,84,86,86,86,86,86,86,86],"card_choices":[{"not_picked":["Expertise","Sucker Punch"],"picked":"Poisoned Stab","floor":1.0},{"not_picked":["Dagger Spray","Quick Slash"],"picked":"Cloak And Dagger","floor":4.0},{"not_picked":["Endless Agony","Flying Knee"],"picked":"Cloak And Dagger","floor":5.0},{"not_picked":["Backflip","Dodge and Roll"],"picked":"Blur","floor":7.0},{"not_picked":["Distraction","Quick Slash"],"picked":"Adrenaline","floor":10.0},{"not_picked":["Underhanded Strike","Bane","Sucker Punch"],"picked":"SKIP","floor":14.0},{"not_picked":["Burst","A Thousand Cuts"],"picked":"Corpse Explosion","floor":16.0},{"not_picked":["Predator+1","Concentrate","Sucker Punch+1"],"picked":"SKIP","floor":18.0},{"not_picked":["Deflect+1","Flechettes"],"picked":"Cloak And Dagger","floor":19.0},{"not_picked":["Poisoned Stab","Dash"],"picked":"Escape Plan+1","floor":20.0},{"not_picked":["Concentrate","Dagger Spray"],"picked":"PiercingWail","floor":22.0},{"not_picked":["Outmaneuver+1","Dodge and Roll"],"picked":"Flechettes+1","floor":24.0},{"not_picked":["Leg Sweep","Distraction"],"picked":"PiercingWail","floor":27.0},{"not_picked":["Outmaneuver","Bane+1","Skewer"],"picked":"SKIP","floor":29.0},{"not_picked":["Bane","Leg Sweep"],"picked":"Accuracy","floor":30.0},{"not_picked":["Choke","Predator","Flying Knee+1"],"picked":"SKIP","floor":31.0},{"not_picked":["Malaise","Tools of the Trade"],"picked":"After Image","floor":33.0},{"not_picked":["Poisoned Stab","Leg Sweep+1"],"picked":"Crippling Poison+1","floor":35.0},{"not_picked":["Flying Knee+1","Bouncing Flask+1"],"picked":"Backflip+1","floor":36.0},{"not_picked":["Dodge and Roll+1","Concentrate+1"],"picked":"Escape Plan","floor":38.0},{"not_picked":["Dagger Throw","Prepared"],"picked":"Cloak And Dagger+1","floor":40.0},{"not_picked":["Dodge and Roll","Eviscerate+1","Finisher"],"picked":"Singing Bowl","floor":42.0},{"not_picked":["Cloak And Dagger","Terror","Underhanded Strike+1"],"picked":"Singing Bowl","floor":44},{"not_picked":["Calculated Gamble+1","Predator+1"],"picked":"Prepared+1","floor":47}],"player_experience":824343,"relics_obtained":[{"floor":7.0,"key":"The Courier"},{"floor":9.0,"key":"Turnip"},{"floor":12.0,"key":"War Paint"},{"floor":24.0,"key":"Strawberry"},{"floor":27.0,"key":"Bronze Scales"},{"floor":31.0,"key":"Ice Cream"},{"floor":38.0,"key":"Torii"},{"floor":42.0,"key":"Paper Crane"},{"floor":42.0,"key":"Singing Bowl"}],"event_choices":[{"damage_healed":0.0,"max_hp_gain":0.0,"max_hp_loss":0.0,"gold_gain":0.0,"event_name":"Big Fish","player_choice":"Box","floor":3.0,"gold_loss":0.0,"damage_taken":0.0,"relics_obtained":["Tingsha"],"cards_obtained":["Regret"]},{"cards_removed":["Regret"],"damage_healed":0.0,"max_hp_gain":0.0,"max_hp_loss":0.0,"gold_gain":0.0,"event_name":"Golden Wing","player_choice":"Card Removal","floor":8.0,"gold_loss":0.0,"damage_taken":7.0},{"cards_removed":["Strike_G"],"damage_healed":0.0,"max_hp_gain":0.0,"max_hp_loss":0.0,"gold_gain":0.0,"event_name":"Wheel of Change","player_choice":"Card Removal","floor":13.0,"gold_loss":0.0,"damage_taken":0.0},{"damage_healed":0.0,"max_hp_gain":5.0,"max_hp_loss":0.0,"gold_gain":0.0,"event_name":"Forgotten Altar","player_choice":"Shed Blood","floor":25.0,"gold_loss":0.0,"damage_taken":19.0},{"cards_removed":["Shame"],"damage_healed":0.0,"max_hp_gain":0.0,"max_hp_loss":0.0,"gold_gain":0.0,"event_name":"Beggar","player_choice":"Gave Gold","floor":28.0,"gold_loss":75.0,"damage_taken":0.0},{"damage_healed":0.0,"max_hp_gain":0.0,"max_hp_loss":0.0,"gold_gain":0.0,"event_name":"Mysterious Sphere","player_choice":"Fight","floor":38.0,"gold_loss":0.0,"damage_taken":0.0},{"damage_healed":0.0,"max_hp_gain":0.0,"max_hp_loss":0.0,"gold_gain":100.0,"event_name":"Golden Shrine","player_choice":"Pray","floor":39.0,"gold_loss":0.0,"damage_taken":0.0},{"damage_healed":0.0,"max_hp_gain":0.0,"max_hp_loss":0.0,"gold_gain":0.0,"event_name":"Tomb of Lord Red Mask","player_choice":"Ignored","floor":41.0,"gold_loss":0.0,"damage_taken":0.0}],"is_beta":true,"boss_relics":[{"not_picked":["Tiny House","Busted Crown"],"picked":"Cursed Key"},{"not_picked":["Runic Dome","Calling Bell"],"picked":"Black Star"}],"items_purged_floors":[2,46],"is_endless":false,"potions_floor_spawned":[1,5,7,20,24,30,33,36,38,47],"ascension_level":0}}