{"host":"Dean","time":1610618322,"event":{"mods":["2.2 Compatiblity","AchievementEnabler","BaseMod","Block Reminder","Colored Map","Colored Powertips","Minty Spire (QoL Compilation)","Permanent Neow","Quick Restart","Relic Stats","Replay The Spire","StSLib"],"gold_per_floor":[119,170,170,170,189,189,223,223,248,261,261,272,11,11,11,114,114,134,134,147,161,171,171,186,217,217,235,253,278,293,320,320,415,415,425,425,440,380,399,433,433,459,459,459,477,512,522,532,532,532,532,532,36,61,61],"floor_reached":56,"language":"ENG","playtime":3913,"items_purged":["Strike_B","Zap"],"score":1691,"play_id":"2242c706-03f7-486f-8845-c25702879fe7","local_time":"20210114045842","is_ascension_mode":true,"campfire_choices":[{"data":"White Noise","floor":6.0,"key":"SMITH"},{"data":"Genetic Algorithm","floor":6.0,"key":"SMITH"},{"floor":8.0,"key":"REST"},{"data":"White Noise","floor":11.0,"key":"SMITH"},{"data":"Crystallizer","floor":11.0,"key":"SMITH"},{"data":"FIFO Queue","floor":15.0,"key":"SMITH"},{"data":"Doom and Gloom","floor":15.0,"key":"SMITH"},{"data":"Heatsinks","floor":23,"key":"SMITH"},{"data":"Coolheaded","floor":23,"key":"SMITH"},{"data":"Consume","floor":32,"key":"SMITH"},{"data":"Hologram","floor":32,"key":"SMITH"},{"floor":41,"key":"RECALL"},{"data":"Pot Of Greed","floor":44,"key":"SMITH"},{"data":"Pot Of Greed","floor":44,"key":"SMITH"},{"floor":49,"key":"DIG"},{"data":"Loop","floor":52,"key":"SMITH"},{"data":"Pot Of Greed","floor":52,"key":"SMITH"}],"circlet_count":0,"master_deck":["Defend_B+1","Defend_B","Defend_B","Defend_B","Dualcast","Genetic Algorithm+1","White Noise+1","White Noise+1","Pot Of Greed+1","Pot Of Greed+1","Electrodynamics+1","FIFO Queue+1","Crystallizer+1","Doom and Gloom+1","Seek+1","Capacitor+1","Amplify+1","Glacier+1","Rainbow+1","Heatsinks+1","Fission+1","Pot Of Greed+1","Coolheaded+1","Hologram+1","Coolheaded+1","Biased Cognition+1","Amplify+1","Consume+1","Mirror Shield+1","Creative AI+1","Buffer+1","Rip and Tear+1","Echo Form+1","Skim+1","Pot Of Greed+1","Compile Driver","Coolheaded+1","Coolheaded+1","Self Repair+1","Self Repair+1","Core Surge+1","Hologram+1","Parasite","Defragment+1","Aggregate+1","ReplayTheSpireMod:Calculation Training","Loop+1","Pot Of Greed","Defragment+1","Turbo+1","Turbo+1","ReplayUltimateDefense+1","Core Surge+1"],"relics":["Philosopher\u0027s Stone","Replay:Arrowhead","Prayer Wheel","Golden Egg","Mummified Hand","Question Card","Quantum Egg","Grinning Jar","Ancient Tea Set","Black Star","Replay:Towering Pillar of Hats","PreservedInsect","Smiling Mask","Ice Cream","Meat on the Bone","Replay:Kaleidoscope","Bag of Preparation","Astrolabe","Calipers","Eternal Feather","Regal Pillow","Boot","Shuriken","Replay:Ringing Soul","Thread and Needle","Blue Candle","ClockworkSouvenir","Divine Protection","Bag of Marbles"],"acts_visited":["Exordium","TheCity","TheBeyond","TheEnding"],"potions_floor_usage":[33,46,55],"damage_taken":[{"damage":3.0,"enemies":"Small Slimes","floor":1.0,"turns":3.0},{"damage":2.0,"enemies":"Jaw Worm","floor":5.0,"turns":3.0},{"damage":48.0,"enemies":"Gremlin Nob","floor":7.0,"turns":5.0},{"damage":10.0,"enemies":"2 Louse","floor":10.0,"turns":2.0},{"damage":0.0,"enemies":"Gremlin Gang","floor":12.0,"turns":2.0},{"damage":5.0,"enemies":"The Guardian","floor":16.0,"turns":7.0},{"damage":10,"enemies":"2 Thieves","floor":18,"turns":3},{"damage":0,"enemies":"3 Byrds","floor":20,"turns":2},{"damage":4,"enemies":"Snecko","floor":21,"turns":4},{"damage":0,"enemies":"Snake Plant","floor":22,"turns":3},{"damage":13,"enemies":"Cultist and Chosen","floor":24,"turns":5},{"damage":0,"enemies":"Slavers","floor":25,"turns":1},{"damage":1,"enemies":"Centurion and Healer","floor":27,"turns":2},{"damage":0,"enemies":"Sentry and Sphere","floor":28,"turns":2},{"damage":0,"enemies":"Gremlin Leader","floor":29,"turns":4},{"damage":0,"enemies":"Snecko","floor":30,"turns":2},{"damage":0,"enemies":"Slavers","floor":31,"turns":2},{"damage":2,"enemies":"Champ","floor":33,"turns":8},{"damage":0,"enemies":"3 Darklings","floor":35,"turns":3},{"damage":0,"enemies":"3 Shapes","floor":37,"turns":3},{"damage":0,"enemies":"Spire Growth","floor":39,"turns":5},{"damage":0,"enemies":"R_Hoarder","floor":40,"turns":7},{"damage":0,"enemies":"Giant Head","floor":42,"turns":5},{"damage":0,"enemies":"Writhing Mass","floor":45,"turns":3},{"damage":25,"enemies":"Reptomancer","floor":46,"turns":5},{"damage":23,"enemies":"Transient","floor":47,"turns":5},{"damage":0,"enemies":"Sphere and 2 Shapes","floor":48,"turns":3},{"damage":18,"enemies":"Time Eater","floor":50,"turns":11},{"damage":0,"enemies":"Shield and Spear","floor":54,"turns":4},{"damage":82,"enemies":"The Heart","floor":55,"turns":9}],"seed_played":"-979995343481836152","potions_obtained":[{"floor":2.0,"key":"Venom Potion"},{"floor":10.0,"key":"Fire Potion"},{"floor":22,"key":"AttackPotion"},{"floor":25,"key":"Fire Potion"},{"floor":30,"key":"PotionOfCapacity"},{"floor":31,"key":"FocusPotion"},{"floor":39,"key":"Milkshake"},{"floor":47,"key":"Regen Potion"},{"floor":48,"key":"PowerPotion"}],"is_trial":false,"path_per_floor":["M","?","?","T","M","R","E","R","T","M","R","M","$","?","R","B",null,"M","?","M","M","M","R","M","E","T","M","M","E","M","E","R","B",null,"M","?","M","$","M","E","R","E","T","R","M","E","M","M","R_BF","B",null,"R","$","E","B",null],"character_chosen":"DEFECT","items_purchased":["Seek","Capacitor","Self Repair","Defragment","ClockworkSouvenir","Turbo","ReplayUltimateDefense"],"campfire_rested":1,"item_purchase_floors":[13,13,38,53,53,53,53],"current_hp_per_floor":[72,72,77,77,75,75,27,51,51,41,41,41,41,41,41,36,80,70,70,70,66,66,66,53,53,53,52,52,52,52,52,52,50,80,80,80,80,80,80,80,80,80,80,80,80,83,86,89,89,89,89,89,92,95,70],"gold":61,"neow_bonus":"BOSS_RELIC","is_daily":false,"chose_seed":false,"campfire_upgraded":14,"win_rate":0.0,"timestamp":1610618322,"path_taken":["M","?","?","?","M","R","E","R","T","M","R","M","$","?","R","BOSS","M","?","M","M","M","R","M","E","T","M","?","E","M","E","R","BOSS","M","?","M","?","M","E","R","E","T","R","M","E","?","M","R_BF","BOSS","R","$","E","BOSS"],"items_purchased_type":["Card","Card","Card","Card","Relic","Card","Card"],"build_version":"2020-12-18","purchased_purges":2,"victory":true,"max_hp_per_floor":[75,75,80,80,80,80,80,80,80,80,80,80,80,80,80,80,80,80,80,80,80,80,80,80,80,80,80,80,80,80,80,80,80,80,80,80,80,80,80,80,80,80,80,80,80,83,86,89,89,89,89,89,92,95,95],"relic_stats":{"Regal Pillow":0,"counters":[30,122],"Astrolabe":["Rip and Tear","Echo Form","Skim"],"Blue Candle":[1],"Eternal Feather":0,"PreservedInsect":406,"Bag of Preparation":[26],"Question Card":44,"Smiling Mask":50,"Boot":[6],"Mummified Hand":[439],"Shuriken":[2],"Prayer Wheel":18,"Black Star":7,"obtain_stats":[{"Ice Cream":29,"Golden Egg":0,"Divine Protection":54,"Regal Pillow":42,"Calipers":40,"Bag of Preparation":31,"Ancient Tea Set":9,"Smiling Mask":26,"Boot":42,"ClockworkSouvenir":53,"Replay:Ringing Soul":46,"Mummified Hand":2,"Philosopher\u0027s Stone":0,"Prayer Wheel":0,"Cracked Core":0,"Replay:Towering Pillar of Hats":25,"Quantum Egg":6,"Astrolabe":34,"Blue Candle":49,"Eternal Feather":40,"Thread and Needle":46,"PreservedInsect":25,"Replay:Kaleidoscope":31,"Question Card":5,"Replay:Arrowhead":0,"Shuriken":43,"Black Star":17,"Bag of Marbles":54,"Grinning Jar":7,"Meat on the Bone":29},{"Ice Cream":15,"Golden Egg":0,"Divine Protection":29,"Regal Pillow":23,"Calipers":22,"Bag of Preparation":17,"Ancient Tea Set":3,"Smiling Mask":12,"Boot":23,"ClockworkSouvenir":28,"Replay:Ringing Soul":25,"Mummified Hand":1,"Philosopher\u0027s Stone":0,"Prayer Wheel":0,"Cracked Core":0,"Replay:Towering Pillar of Hats":12,"Quantum Egg":2,"Astrolabe":18,"Blue Candle":27,"Eternal Feather":22,"Thread and Needle":25,"PreservedInsect":12,"Replay:Kaleidoscope":17,"Question Card":2,"Replay:Arrowhead":0,"Shuriken":23,"Black Star":6,"Bag of Marbles":29,"Grinning Jar":3,"Meat on the Bone":15},{"Ice Cream":48,"Golden Egg":0,"Divine Protection":113,"Regal Pillow":82,"Calipers":77,"Bag of Preparation":52,"Ancient Tea Set":11,"Smiling Mask":40,"Boot":82,"ClockworkSouvenir":109,"Replay:Ringing Soul":90,"Mummified Hand":3,"Philosopher\u0027s Stone":0,"Prayer Wheel":0,"Cracked Core":0,"Replay:Towering Pillar of Hats":40,"Quantum Egg":6,"Astrolabe":59,"Blue Candle":98,"Eternal Feather":77,"Thread and Needle":90,"PreservedInsect":40,"Replay:Kaleidoscope":52,"Question Card":4,"Replay:Arrowhead":0,"Shuriken":82,"Black Star":22,"Bag of Marbles":113,"Grinning Jar":11,"Meat on the Bone":48}],"Meat on the Bone":12},"card_choices":[{"not_picked":["Redo","Coolheaded"],"picked":"Genetic Algorithm","floor":1.0},{"not_picked":["Redo","Streamline","BasicCrystalCard"],"picked":"SKIP","floor":1.0},{"not_picked":["Turbo","Chill","BasicCrystalCard"],"picked":"White Noise","floor":5.0},{"not_picked":["Rebound","Stack","Leap"],"picked":"White Noise","floor":5.0},{"not_picked":["Cold Snap","Coolheaded","Consume"],"picked":"Electrodynamics","floor":7.0},{"not_picked":["Rip and Tear","Sweeping Beam","Genetic Algorithm"],"picked":"FIFO Queue","floor":10.0},{"not_picked":["Streamline","Conserve Battery","ReplayTheSpireMod:GoodbyeWorld"],"picked":"Crystallizer","floor":10.0},{"not_picked":["Gash","Ball Lightning","Beam Cell"],"picked":"Doom and Gloom","floor":12.0},{"not_picked":["Sweeping Beam","Go for the Eyes","Steam","Stack"],"picked":"SKIP","floor":12.0},{"not_picked":["Seek","Core Surge","ReplayTheSpireMod:Omega Cannon"],"picked":"Amplify","floor":16.0},{"not_picked":["Redo","Go for the Eyes+1","Ball Lightning"],"picked":"Glacier+1","floor":18},{"not_picked":["Streamline+1","Hologram","Leap"],"picked":"Rainbow","floor":18},{"not_picked":["Conserve Battery+1","Barrage","Reinforced Body+1"],"picked":"Heatsinks","floor":20},{"not_picked":["Redo","Cold Snap+1","Steam+1","Panic Button"],"picked":"SKIP","floor":20},{"not_picked":["Beam Cell","BasicCrystalCard","Cold Snap"],"picked":"Fission","floor":21},{"not_picked":["Leap","Barrage","Melter","Streamline"],"picked":"SKIP","floor":21},{"not_picked":["Redo","Panic Button","Barrage"],"picked":"Coolheaded","floor":22},{"not_picked":["Cold Snap+1","Lockon","Undo"],"picked":"Hologram","floor":22},{"not_picked":["Lockon+1","Compile Driver","Force Field+1"],"picked":"Coolheaded+1","floor":24},{"not_picked":["Conserve Battery+1","Stack+1","Rip and Tear"],"picked":"Biased Cognition","floor":24},{"not_picked":["Hologram","Leap","Reprogram+1","FTL+1"],"picked":"SKIP","floor":25},{"not_picked":["Hologram+1","Reinforced Body","Recycle"],"picked":"Amplify","floor":27},{"not_picked":["Hello World","Sunder","ReplaySort","Gash"],"picked":"SKIP","floor":27},{"not_picked":["Redo","Coolheaded","Stack"],"picked":"Consume","floor":28},{"not_picked":["Turbo","Barrage+1","Redo","Cold Snap"],"picked":"SKIP","floor":28},{"not_picked":["Go for the Eyes+1","Gash","ReplaySolidLightProjector"],"picked":"Mirror Shield","floor":29},{"not_picked":["Sweeping Beam","Cold Snap","Conserve Battery"],"picked":"Creative AI","floor":30},{"not_picked":["BasicCrystalCard","Leap+1","Redo","Go for the Eyes"],"picked":"SKIP","floor":30},{"not_picked":["BootSequence","Doom and Gloom","Lockon+1","Chaos"],"picked":"SKIP","floor":31},{"not_picked":["Reboot","Thunder Strike","Hyperbeam"],"picked":"Buffer","floor":33},{"not_picked":["Sunder+1","Scrape+1","Undo+1"],"picked":"Compile Driver","floor":35},{"not_picked":["Steam","Storm","Gash+1","ReplayTheSpireMod:Reroute Power"],"picked":"SKIP","floor":35},{"not_picked":["Streamline+1","Reprogram+1","Rebound+1"],"picked":"Coolheaded+1","floor":37},{"not_picked":["Cold Snap+1","Hologram+1","Rebound"],"picked":"Coolheaded+1","floor":37},{"not_picked":["Auto Shields+1","Streamline+1","Darkness","Beam Cell+1"],"picked":"SKIP","floor":39},{"not_picked":["Sweeping Beam+1","Cold Snap","Go for the Eyes+1","Steam+1"],"picked":"SKIP","floor":39},{"not_picked":["ReplayGash","Ball Lightning+1","Hologram"],"picked":"Core Surge","floor":40},{"not_picked":["Cold Snap","Steam","ReplaySolidLightProjector+1"],"picked":"Hologram+1","floor":42},{"not_picked":["Aggregate","Redo+1","ReplayTheSpireMod:Calculation Training+1"],"picked":"Defragment+1","floor":45},{"not_picked":["Steam Power","Chill","Consume+1","Conserve Battery"],"picked":"SKIP","floor":45},{"not_picked":["Ball Lightning","Darkness+1","Hologram+1"],"picked":"Aggregate+1","floor":46},{"not_picked":["Genetic Algorithm+1","Rebound","Cold Snap+1"],"picked":"ReplayTheSpireMod:Calculation Training","floor":47},{"not_picked":["Go for the Eyes+1","FTL+1","Heatsinks+1","BasicCrystalCard"],"picked":"SKIP","floor":47},{"not_picked":["Heatsinks","Multi-Cast","Gash"],"picked":"Loop","floor":48},{"not_picked":["Streamline","Sweeping Beam","Panic Button","Hologram"],"picked":"SKIP","floor":48},{"not_picked":["Hyperbeam","Steam+1","Hologram"],"picked":"Core Surge","floor":54}],"player_experience":780891,"relics_obtained":[{"floor":2.0,"key":"Mummified Hand"},{"floor":7.0,"key":"Grinning Jar"},{"floor":9.0,"key":"Ancient Tea Set"},{"floor":25,"key":"Replay:Towering Pillar of Hats"},{"floor":25,"key":"PreservedInsect"},{"floor":26,"key":"Smiling Mask"},{"floor":29,"key":"Ice Cream"},{"floor":29,"key":"Meat on the Bone"},{"floor":31,"key":"Replay:Kaleidoscope"},{"floor":31,"key":"Bag of Preparation"},{"floor":40,"key":"Calipers"},{"floor":40,"key":"Eternal Feather"},{"floor":42,"key":"Regal Pillow"},{"floor":42,"key":"Boot"},{"floor":43,"key":"Shuriken"},{"floor":46,"key":"Replay:Ringing Soul"},{"floor":46,"key":"Thread and Needle"},{"floor":49,"key":"Blue Candle"},{"floor":54,"key":"Divine Protection"},{"floor":54,"key":"Bag of Marbles"}],"event_choices":[{"damage_healed":0.0,"max_hp_gain":5.0,"max_hp_loss":0.0,"gold_gain":0.0,"event_name":"Big Fish","player_choice":"Donut","floor":3.0,"gold_loss":0.0,"damage_taken":0.0},{"damage_healed":0,"gold_gain":0,"player_choice":"Upgraded","damage_taken":0,"max_hp_gain":0,"max_hp_loss":0,"event_name":"Upgrade Shrine","floor":19,"gold_loss":0,"cards_upgraded":["Pot Of Greed"]},{"damage_healed":0,"gold_gain":0,"player_choice":"Ignored","damage_taken":0,"max_hp_gain":0,"max_hp_loss":0,"event_name":"SecretPortal","floor":36,"gold_loss":0}],"is_beta":true,"boss_relics":[{"not_picked":["ReplayTheSpireMod:DimensionalGlitch","SlaversCollar"],"picked":"Black Star"},{"not_picked":["Kintsugi","Calling Bell"],"picked":"Astrolabe"}],"items_purged_floors":[13,53],"is_endless":false,"potions_floor_spawned":[10,22,25,27,29,30,31,39,42,45,47,48],"ascension_level":2}}