{"host":"0rxdudjy6rylha1k","time":1610582866,"event":{"mods":["Aspiration","BaseMod","Colored Map","Colored Powertips","Downfall","Highlight Path","Hubris","Minty Spire (QoL Compilation)","StSLib"],"gold_per_floor":[99,117,117,129,129,129,129,54,72,72,82,93,93,122,142,245,245,245,258,277,277,227,242,242,275,289,206,56,56,56,41,53,148,148,148,167,177,197,215,215,260,277,277,327,327,341,341,359,370,370],"floor_reached":51,"language":"ENG","playtime":6056,"items_purged":[],"score":773,"play_id":"d70f128a-52bd-472a-aae2-3d9951089097","local_time":"20210113170746","is_ascension_mode":false,"campfire_choices":[{"floor":1.0,"key":"RECALL"},{"floor":8.0,"key":"REST"},{"data":"Guardian:RefractedBeam","floor":10.0,"key":"SMITH"},{"data":"Guardian:RefractedBeam+1","floor":13.0,"key":"SMITH"},{"data":"Guardian:BaubleBeam","floor":18.0,"key":"SMITH"},{"data":"Guardian:DecasProtection","floor":28.0,"key":"SMITH"},{"data":"Guardian:RefractedBeam+2","floor":35,"key":"SMITH"},{"floor":40,"key":"REST"},{"data":"Guardian:GemFinder","floor":43,"key":"SMITH"},{"data":"Guardian:RefractedBeam+3","floor":47,"key":"SMITH"}],"circlet_count":0,"master_deck":["Guardian:Strike_Guardian","Guardian:Strike_Guardian","Guardian:Strike_Guardian","Guardian:Strike_Guardian","Guardian:Defend_Guardian","Guardian:Defend_Guardian","Guardian:Defend_Guardian","Guardian:Defend_Guardian","Guardian:CurlUp","Guardian:TwinSlam","Guardian:BaubleBeam+1","Guardian:Clone","Guardian:PiercingHide","Guardian:RefractedBeam+4","Guardian:DecasProtection+1","Guardian:VentSteam","Guardian:Orbwalk+1","Guardian:GemFinder+1","Guardian:FloatingOrbs+1","Guardian:Preprogram+1","Guardian:SentryBeam","Guardian:Harden+1"],"relics":["Guardian:ModeShifter","hubris:Towel","Singing Bowl","downfall:HeartBlessingRed","hubris:Metronome","hubris:ScarierMask","Enchiridion","FossilizedHelix","downfall:HeartBlessingGreen","downfall:HeartBlessingBlue","sneckomod:SneckoTalon","Vajra","aspiration:AnachronicSnailShell"],"acts_visited":["Exordium","TheCity","TheBeyond"],"potions_floor_usage":[33,33,33,38],"damage_taken":[{"damage":1.0,"enemies":"2 Louse","floor":2.0,"turns":3.0},{"damage":0.0,"enemies":"Small Slimes","floor":4.0,"turns":4.0},{"damage":1.0,"enemies":"Jaw Worm","floor":9.0,"turns":4.0},{"damage":1.0,"enemies":"Large Slime","floor":11.0,"turns":7.0},{"damage":8.0,"enemies":"2 Fungi Beasts","floor":12.0,"turns":3.0},{"damage":22.0,"enemies":"3 Sentries","floor":14.0,"turns":8.0},{"damage":11.0,"enemies":"3 Louse","floor":15.0,"turns":2.0},{"damage":27.0,"enemies":"downfall:Watcher","floor":16.0,"turns":10.0},{"damage":9.0,"enemies":"Shell Parasite","floor":19.0,"turns":5.0},{"damage":13.0,"enemies":"Spheric Guardian","floor":20.0,"turns":4.0},{"damage":5.0,"enemies":"Snecko","floor":23.0,"turns":6.0},{"damage":10.0,"enemies":"Slavers","floor":25.0,"turns":5.0},{"damage":0.0,"enemies":"Chosen and Byrds","floor":26.0,"turns":3.0},{"damage":0.0,"enemies":"downfall:FleeingMerchant","floor":27.0,"turns":4.0},{"damage":6,"enemies":"downfall:FleeingMerchant","floor":31,"turns":4},{"damage":0,"enemies":"Cultist and Chosen","floor":32,"turns":3},{"damage":21,"enemies":"downfall:Silent","floor":33,"turns":5},{"damage":25,"enemies":"3 Shapes","floor":36,"turns":5},{"damage":9,"enemies":"3 Darklings","floor":37,"turns":5},{"damage":0,"enemies":"4 Shapes","floor":38,"turns":7},{"damage":17,"enemies":"Writhing Mass","floor":39,"turns":5},{"damage":0,"enemies":"3 Darklings","floor":42,"turns":4},{"damage":0,"enemies":"Mind Bloom Boss Battle","floor":44,"turns":4},{"damage":0,"enemies":"4 Shapes","floor":46,"turns":4},{"damage":2,"enemies":"Maw","floor":48,"turns":6},{"damage":0,"enemies":"Transient","floor":49,"turns":5},{"damage":1,"enemies":"downfall:Ironclad","floor":50,"turns":5}],"seed_played":"6902864446644261407","potions_obtained":[{"floor":4.0,"key":"champ:CounterPotion"},{"floor":9.0,"key":"FearPotion"},{"floor":15.0,"key":"champ:CounterPotion"},{"floor":20.0,"key":"CultistPotion"},{"floor":23.0,"key":"ColorlessPotion"},{"floor":25.0,"key":"Strength Potion"},{"floor":26.0,"key":"LiquidBronze"},{"floor":36,"key":"Energy Potion"},{"floor":37,"key":"LiquidMemories"},{"floor":39,"key":"sneckomod:MuddlingPotion"},{"floor":48,"key":"DistilledChaos"}],"is_trial":false,"path_per_floor":["R","M","?","M","?","?","T","R","M","R","M","M","R","E","M","B",null,"R","M","M","?","?","M","T","E","M","$","R","?","?","$","M","B",null,"R","M","M","M","M","R","T","M","R","?","?","M","R","M","M","B",null],"character_chosen":"GUARDIAN","items_purchased":["Guardian:Gem_Fragmented"],"campfire_rested":2,"item_purchase_floors":[27],"current_hp_per_floor":[80,79,79,79,82,82,82,83,82,82,83,75,75,55,44,17,87,87,80,69,53,86,83,83,73,75,75,85,85,85,81,83,62,109,109,84,77,79,66,101,101,107,107,107,107,111,111,113,119,118],"gold":370,"neow_bonus":"ONE_RANDOM_RARE_CARD","is_daily":false,"chose_seed":false,"campfire_upgraded":7,"win_rate":0.0,"timestamp":1610582866,"path_taken":["R","M","?","M","?","?","T","R","M","R","M","M","R","E","M","BOSS","R","M","M","?","?","M","T","E","M","$","R","?","?","$","M","BOSS","R","M","M","M","M","R","T","M","R","?","?","M","R","M","M","BOSS"],"items_purchased_type":["Card"],"build_version":"2020-12-22","purchased_purges":0,"victory":true,"max_hp_per_floor":[80,80,80,80,83,83,83,83,83,83,85,85,85,87,87,87,87,87,89,91,91,91,93,93,93,95,95,105,105,105,107,109,109,109,109,109,111,113,117,117,117,123,123,123,123,127,127,131,137,137],"card_choices":[{"not_picked":["Guardian:Suspension","Guardian:Gem_Red"],"picked":"Guardian:Clone","floor":2.0},{"not_picked":["Guardian:Recover","Guardian:TimeCapacitor"],"picked":"Guardian:PiercingHide","floor":4.0},{"not_picked":["Guardian:WalkerClaw","Guardian:Gem_Yellow"],"picked":"Guardian:RefractedBeam","floor":9.0},{"not_picked":["Guardian:FierceBash","Guardian:Gem_Green","Guardian:Gem_White"],"picked":"Singing Bowl","floor":11.0},{"not_picked":["Guardian:Gem_Lightblue","Guardian:VentSteam"],"picked":"Guardian:DecasProtection","floor":12.0},{"not_picked":["Guardian:TemporalStrike","Guardian:MultiBeam","Guardian:Recover"],"picked":"Singing Bowl","floor":14.0},{"not_picked":["Guardian:Gem_Yellow","Guardian:BronzeOrb"],"picked":"Guardian:VentSteam","floor":15.0},{"not_picked":["Guardian:HyperBeam_Guardian","Guardian:CompilePackage"],"picked":"Guardian:Gem_Orange","floor":16.0},{"not_picked":["Guardian:Suspension+1","Guardian:PrimingBeam","Guardian:Reroute"],"picked":"Singing Bowl","floor":19.0},{"not_picked":["Guardian:CrystalBeam","Guardian:ChargeUp","Guardian:DecasProtection"],"picked":"Singing Bowl","floor":20.0},{"not_picked":["Guardian:ChargeCore","Guardian:Gem_Red","Guardian:RollAttack"],"picked":"Singing Bowl","floor":23.0},{"not_picked":["Guardian:MultiBeam+1","Guardian:PrimingBeam"],"picked":"Guardian:Gem_Crimson","floor":25.0},{"not_picked":["Guardian:Gem_Green","Guardian:PolyBeam","Guardian:Recover"],"picked":"Singing Bowl","floor":26.0},{"not_picked":["Guardian:ShieldCharger","Guardian:Gem_Red"],"picked":"Guardian:Orbwalk+1","floor":27.0},{"not_picked":["Guardian:Recover","Guardian:Emergency","Guardian:EvasiveProtocol"],"picked":"Singing Bowl","floor":31},{"not_picked":["Guardian:Planning","Guardian:BronzeOrb","Guardian:Repulse"],"picked":"Singing Bowl","floor":32},{"not_picked":["Guardian:FastForward","Guardian:ExploitGems"],"picked":"Guardian:GemFinder","floor":33},{"not_picked":["Guardian:Gem_Green","Guardian:Gem_Lightblue"],"picked":"Guardian:Gem_Cyan","floor":36},{"not_picked":["Guardian:Gem_Green","Guardian:Gem_Lightblue"],"picked":"Guardian:Gem_Cyan","floor":36},{"not_picked":["Guardian:TemporalStrike","Guardian:ChargeCore+1"],"picked":"Guardian:FloatingOrbs+1","floor":36},{"not_picked":["Guardian:Repulse","Guardian:ShieldCharger","Guardian:VentSteam"],"picked":"Singing Bowl","floor":37},{"not_picked":["Guardian:Gem_Green","Guardian:Gem_Red"],"picked":"Guardian:Gem_Cyan","floor":38},{"not_picked":["Guardian:Gem_Cyan","Guardian:Gem_Red"],"picked":"Guardian:Gem_Lightblue","floor":38},{"not_picked":["Guardian:BronzeOrb+1","Guardian:Reroute+1","Guardian:RollAttack+1"],"picked":"Singing Bowl","floor":38},{"not_picked":["Guardian:Gem_Green","Guardian:Gem_Red","Guardian:Gem_Lightblue"],"picked":"Singing Bowl","floor":39},{"not_picked":["Guardian:Gem_Red","Guardian:Gem_Cyan","Guardian:Gem_Green"],"picked":"Singing Bowl","floor":39},{"not_picked":["Guardian:VentSteam+1","Guardian:RefractedBeam"],"picked":"Guardian:Preprogram+1","floor":39},{"not_picked":["Guardian:Gem_Red","Guardian:Gem_Cyan","Guardian:Gem_Green"],"picked":"Singing Bowl","floor":42},{"not_picked":["Guardian:Gem_Green","Guardian:Gem_Cyan","Guardian:Gem_Lightblue"],"picked":"Singing Bowl","floor":42},{"not_picked":["Guardian:CrystalBeam+1","Guardian:BronzeOrb","Guardian:Recover+1"],"picked":"Singing Bowl","floor":42},{"not_picked":["Guardian:ChargeCore","Guardian:RollAttack"],"picked":"Guardian:SentryBeam","floor":44},{"not_picked":["Guardian:Gem_Cyan","Guardian:Gem_Red","Guardian:Gem_Lightblue"],"picked":"Singing Bowl","floor":46},{"not_picked":["Guardian:Gem_Green","Guardian:Gem_Red","Guardian:Gem_Cyan"],"picked":"Singing Bowl","floor":46},{"not_picked":["Guardian:Emergency","Guardian:TemporalShield+1"],"picked":"Guardian:Gem_Yellow","floor":46},{"not_picked":["Guardian:Gem_Red","Guardian:Gem_Green","Guardian:Gem_Cyan"],"picked":"Singing Bowl","floor":48},{"not_picked":["Guardian:Gem_Red","Guardian:Gem_Cyan","Guardian:Gem_Lightblue"],"picked":"Singing Bowl","floor":48},{"not_picked":["Guardian:PrismaticBeam","Guardian:ShieldCharger"],"picked":"Guardian:Harden+1","floor":48},{"not_picked":["Guardian:Gem_Red","Guardian:Gem_Cyan","Guardian:Gem_Green"],"picked":"Singing Bowl","floor":49},{"not_picked":["Guardian:Gem_Green","Guardian:Gem_Red","Guardian:Gem_Cyan"],"picked":"Singing Bowl","floor":49},{"not_picked":["Guardian:Suspension+1","Guardian:ShieldCharger+1","Guardian:TemporalStrike"],"picked":"Singing Bowl","floor":49}],"player_experience":2467520,"relics_obtained":[{"floor":7.0,"key":"Singing Bowl"},{"floor":14.0,"key":"hubris:Metronome"},{"floor":21.0,"key":"Enchiridion"},{"floor":25.0,"key":"FossilizedHelix"},{"floor":41,"key":"Vajra"},{"floor":44,"key":"aspiration:AnachronicSnailShell"}],"event_choices":[],"is_beta":false,"boss_relics":[{"not_picked":["SacredBark","hubris:TerracottaHorce"],"picked":"hubris:ScarierMask"},{"not_picked":["Cursed Key","Philosopher\u0027s Stone"],"picked":"sneckomod:SneckoTalon"}],"items_purged_floors":[],"is_endless":false,"potions_floor_spawned":[4,9,15,20,23,25,26,32,36,37,39,48,49],"ascension_level":0}}