{"host":"y193d0agu1dp5x1y","time":1610599243,"event":{"mods":["AchievementEnabler","BaseMod","Googly Eyes","Minty Spire (QoL Compilation)"],"gold_per_floor":[111,135,135,135,150,185,185,185,210,227,245,245,245,260,260,360,360,378,388,313,313,413,430,430,441,441,441,453,453,453],"floor_reached":29,"language":"ENG","playtime":1401,"items_purged":[],"score":225,"play_id":"de6ef3cc-e6a4-4298-ac73-c2ccd6df6a23","local_time":"20210113224043","is_ascension_mode":false,"campfire_choices":[{"floor":7,"key":"REST"},{"data":"Zap","floor":12,"key":"SMITH"},{"data":"Go for the Eyes","floor":15,"key":"SMITH"},{"floor":24,"key":"REST"},{"floor":27,"key":"REST"}],"circlet_count":0,"master_deck":["Strike_B","Strike_B","Strike_B","Defend_B","Defend_B","Defend_B","Defend_B","Zap+1","Redo","Ball Lightning","Go for the Eyes+1","Sweeping Beam","Go for the Eyes+1","Steam","Seek","Steam","Steam","Gash","Storm"],"relics":["Cracked Core","Regal Pillow","Meat on the Bone","Boot","Runic Pyramid","Incense Burner"],"acts_visited":["Exordium","TheCity"],"potions_floor_usage":[14,14,23,25],"damage_taken":[{"damage":0,"enemies":"Cultist","floor":1,"turns":4},{"damage":7,"enemies":"Small Slimes","floor":5,"turns":4},{"damage":27,"enemies":"Lagavulin","floor":6,"turns":6},{"damage":1,"enemies":"Jaw Worm","floor":10,"turns":3},{"damage":23,"enemies":"Exordium Wildlife","floor":11,"turns":4},{"damage":0,"enemies":"Lots of Slimes","floor":14,"turns":2},{"damage":48,"enemies":"Hexaghost","floor":16,"turns":10},{"damage":0,"enemies":"Chosen","floor":18,"turns":4},{"damage":16,"enemies":"2 Thieves","floor":19,"turns":4},{"damage":24,"enemies":"Shelled Parasite and Fungi","floor":23,"turns":7},{"damage":37,"enemies":"Snecko","floor":25,"turns":8},{"damage":22,"enemies":"Centurion and Healer","floor":28,"turns":10},{"damage":0,"enemies":"Book of Stabbing","floor":29,"turns":1}],"seed_played":"-514192311053963916","potions_obtained":[{"floor":1,"key":"Weak Potion"},{"floor":6,"key":"Ancient Potion"},{"floor":8,"key":"DuplicationPotion"},{"floor":8,"key":"DuplicationPotion"},{"floor":23,"key":"SneckoOil"},{"floor":28,"key":"FearPotion"}],"is_trial":false,"path_per_floor":["M","T","?","?","M","E","R","?","T","M","M","R","?","M","R","B",null,"M","M","?","?","?","M","R","M","T","R","M","E"],"character_chosen":"DEFECT","items_purchased":[],"campfire_rested":3,"item_purchase_floors":[],"current_hp_per_floor":[82,82,75,80,73,46,87,87,87,86,63,63,63,63,63,27,87,87,71,71,71,71,47,87,50,50,87,65,65,65],"gold":453,"neow_bonus":"TEN_PERCENT_HP_BONUS","is_daily":false,"chose_seed":false,"campfire_upgraded":2,"win_rate":0.0,"timestamp":1610599243,"path_taken":["M","?","?","?","?","E","R","?","T","M","?","R","?","M","R","BOSS","M","?","?","?","?","?","R","M","T","R","M","E"],"items_purchased_type":[],"build_version":"2020-12-22","purchased_purges":0,"victory":false,"max_hp_per_floor":[82,82,82,87,87,87,87,87,87,87,87,87,87,87,87,87,87,87,87,87,87,87,87,87,87,87,87,87,87,87],"card_choices":[{"not_picked":["Recycle","Loop"],"picked":"Redo","floor":1},{"not_picked":["Auto Shields","Double Energy"],"picked":"Ball Lightning","floor":5},{"not_picked":["Stack","Doom and Gloom"],"picked":"Go for the Eyes","floor":6},{"not_picked":["Fusion","Aggregate"],"picked":"Sweeping Beam","floor":10},{"not_picked":["Loop","Streamline"],"picked":"Go for the Eyes","floor":11},{"not_picked":["Beam Cell","Hologram"],"picked":"Steam","floor":14},{"not_picked":["Amplify","Multi-Cast"],"picked":"Seek","floor":16},{"not_picked":["Ball Lightning","Sweeping Beam+1"],"picked":"Steam","floor":18},{"not_picked":["Steam Power","Turbo"],"picked":"Steam","floor":19},{"not_picked":["Beam Cell","Darkness"],"picked":"Gash","floor":23},{"not_picked":["Glacier+1","Turbo","Sweeping Beam+1"],"picked":"SKIP","floor":25},{"not_picked":["Ball Lightning","Rebound"],"picked":"Storm","floor":28}],"player_experience":75011,"relics_obtained":[{"floor":2,"key":"Regal Pillow"},{"floor":6,"key":"Meat on the Bone"},{"floor":9,"key":"Boot"},{"floor":26,"key":"Incense Burner"}],"event_choices":[{"cards_removed":["Dualcast"],"damage_healed":0,"gold_gain":0,"player_choice":"Card Removal","damage_taken":7,"max_hp_gain":0,"max_hp_loss":0,"event_name":"Golden Wing","floor":3,"gold_loss":0},{"damage_healed":0,"gold_gain":0,"player_choice":"Donut","damage_taken":0,"max_hp_gain":5,"max_hp_loss":0,"event_name":"Big Fish","floor":4,"gold_loss":0},{"damage_healed":0,"gold_gain":0,"player_choice":"Got Potions","damage_taken":0,"max_hp_gain":0,"max_hp_loss":0,"event_name":"Lab","floor":8,"gold_loss":0},{"damage_healed":0,"gold_gain":0,"player_choice":"Upgraded","damage_taken":0,"max_hp_gain":0,"max_hp_loss":0,"event_name":"Upgrade Shrine","floor":13,"gold_loss":0,"cards_upgraded":["Go for the Eyes"]},{"cards_removed":["Strike_B"],"damage_healed":0,"gold_gain":0,"player_choice":"Gave Gold","damage_taken":0,"max_hp_gain":0,"max_hp_loss":0,"event_name":"Beggar","floor":20,"gold_loss":75},{"damage_healed":0,"gold_gain":0,"player_choice":"Ignored","damage_taken":0,"max_hp_gain":0,"max_hp_loss":0,"event_name":"Ghosts","floor":21,"gold_loss":0},{"damage_healed":0,"gold_gain":100,"player_choice":"Pray","damage_taken":0,"max_hp_gain":0,"max_hp_loss":0,"event_name":"Golden Shrine","floor":22,"gold_loss":0}],"is_beta":false,"boss_relics":[{"not_picked":["FrozenCore","Calling Bell"],"picked":"Runic Pyramid"}],"items_purged_floors":[],"is_endless":false,"potions_floor_spawned":[1,6,11,23,28],"killed_by":"Book of Stabbing","ascension_level":0}}