{"host":"7c402rm0fqc13zvz","time":1610599049,"event":{"mods":["BaseMod","Marisa£®ÏF”Í°°ƒß¿Ì…≥£©","Minty Spire (QoL Compilation)","Reimu£®≤©¿ˆ¡È√Œ£©","StSLib","The Administrix","Youmu£®ªÍ∆«—˝√Œ£©","[π¶ƒ‹]π¶ƒ‹‘ˆ«ø∫Õ–ﬁ∏¥MOD"],"gold_per_floor":[118,133,88,88,48,48,66,66,117,150,150,150,167,196,196,465,465,482,482,482,482,501,501,501,491,515,515,529,529,540,550,550,853,853,863,858,910,910,910,910,923,934,961,0,17,35,35,49,49,49],"floor_reached":51,"language":"ZHS","playtime":1974,"items_purged":["Defend_B","Strike_B","Strike_B","Strike_B","Strike_B","Defend_B","Defend_B","Defend_B","Sweeping Beam","Writhe","PanicButton","Ball Lightning"],"score":924,"play_id":"6c03ac7c-0d89-4ec5-aa73-d376c3e1abbd","local_time":"20210114123729","is_ascension_mode":true,"campfire_choices":[{"data":"White Noise","floor":6.0,"key":"SMITH"},{"data":"Dualcast","floor":8.0,"key":"SMITH"},{"data":"Zap","floor":11.0,"key":"SMITH"},{"data":"Zap","floor":15.0,"key":"SMITH"},{"data":"Electrodynamics","floor":23.0,"key":"SMITH"},{"data":"Reboot","floor":29.0,"key":"SMITH"},{"floor":32.0,"key":"REST"},{"data":"Madness","floor":40,"key":"SMITH"},{"data":"Trip","floor":49,"key":"SMITH"}],"circlet_count":0,"master_deck":["Zap+1","Dualcast+1","Go for the Eyes+1","Zap+1","Capacitor+1","White Noise+1","Lockon+1","Consume+1","Electrodynamics+1","Reboot+1","Amplify","Master of Strategy+1","Storm","Stack+1","Self Repair","Redo+1","All For One+1","Seek","Flash of Steel","Steam Power+1","Steam+1","Double Energy+1","Madness+1","Bandage Up","Trip+1","Hologram+1","Finesse","Redo+1"],"relics":["Cracked Core","Cables","Lantern","DollysMirror","Peace Pipe","Centennial Puzzle","Boot","Odd Mushroom","RuthlessExorcism:ReiMu","SacredBark","Calipers","Nunchaku","Enchiridion","Happy Flower","Chemical X","Sundial","Ornamental Fan","War Paint","Singing Bowl","Whetstone","Matryoshka","Orrery","CatCart","Medical Kit","Orichalcum","Strawberry","Pen Nib","Red Mask","Blood Vial","Lizard Tail","Strange Spoon"],"acts_visited":["Exordium","TheCity","TheBeyond"],"potions_floor_usage":[41,50,50],"damage_taken":[{"damage":2.0,"enemies":"Jaw Worm","floor":1.0,"turns":3.0},{"damage":0.0,"enemies":"Cultist","floor":2.0,"turns":3.0},{"damage":11.0,"enemies":"Small Slimes","floor":7.0,"turns":2.0},{"damage":0.0,"enemies":"Gremlin Nob","floor":10.0,"turns":2.0},{"damage":8.0,"enemies":"Looter","floor":13.0,"turns":2.0},{"damage":0.0,"enemies":"The Mushroom Lair","floor":14.0,"turns":2.0},{"damage":11.0,"enemies":"The Guardian","floor":16.0,"turns":5.0},{"damage":0.0,"enemies":"3 Byrds","floor":18.0,"turns":1.0},{"damage":9.0,"enemies":"Shell Parasite","floor":22.0,"turns":2.0},{"damage":16.0,"enemies":"Snake Plant","floor":28.0,"turns":2.0},{"damage":12.0,"enemies":"Chosen and Byrds","floor":30.0,"turns":3.0},{"damage":12.0,"enemies":"Cultist and Chosen","floor":31.0,"turns":2.0},{"damage":35.0,"enemies":"Champ","floor":33.0,"turns":4.0},{"damage":0.0,"enemies":"Orb Walker","floor":35.0,"turns":1.0},{"damage":12,"enemies":"Orin","floor":37,"turns":5},{"damage":0,"enemies":"3 Shapes","floor":41,"turns":1},{"damage":9,"enemies":"Spire Growth","floor":42,"turns":2},{"damage":0,"enemies":"Maw","floor":45,"turns":3},{"damage":6,"enemies":"Sphere and 2 Shapes","floor":46,"turns":3},{"damage":0,"enemies":"Spire Growth","floor":48,"turns":2},{"damage":34,"enemies":"Donu and Deca","floor":50,"turns":4}],"seed_played":"-9106877143916440627","potions_obtained":[{"floor":1.0,"key":"Block Potion"},{"floor":2.0,"key":"ColorlessPotion"},{"floor":2.0,"key":"SkillPotion"},{"floor":5.0,"key":"DuplicationPotion"},{"floor":10.0,"key":"SpeedPotion"},{"floor":10.0,"key":"GrandPatriotsElixir:ReiMu"},{"floor":13.0,"key":"FearPotion"},{"floor":14.0,"key":"PotionOfCapacity"},{"floor":18.0,"key":"Dexterity Potion"},{"floor":22.0,"key":"GrandPatriotsElixir:ReiMu"},{"floor":28.0,"key":"LiquidBronze"},{"floor":33.0,"key":"SkillPotion"},{"floor":33.0,"key":"ColorlessPotion"},{"floor":41,"key":"FairyPotion"},{"floor":42,"key":"LiquidMemories"},{"floor":45,"key":"SpeedPotion"},{"floor":45,"key":"FearPotion"},{"floor":46,"key":"DuplicationPotion"}],"is_trial":false,"path_per_floor":["M","M","$","?","?","R","M","R","T","E","R","?","M","?","R","B",null,"M","$","?","?","M","R","?","$","T","?","M","R","M","M","R","B",null,"M","$","?","$","?","R","M","M","T","?","M","M","$","M","R","B",null],"character_chosen":"DEFECT","items_purchased":["Cables","Lantern","DollysMirror","Capacitor","White Noise","Master of Strategy","PanicButton","Calipers","Nunchaku","Storm","Chemical X","Sundial","Ornamental Fan","Self Repair","Whetstone","Flash of Steel","Matryoshka","Orrery","Medical Kit","Orichalcum","Blood Vial","Lizard Tail","Finesse","Strange Spoon"],"campfire_rested":1,"item_purchase_floors":[3,3,3,3,3,19,19,19,19,19,25,25,25,25,36,36,36,36,38,38,47,47,47,47],"current_hp_per_floor":[73,73,73,48,48,48,37,37,37,37,37,22,14,14,14,3,75,75,75,75,59,50,50,50,50,50,36,27,27,22,24,48,29,82,84,90,85,85,75,75,86,90,97,97,101,103,103,103,103,80],"gold":49,"neow_bonus":"THREE_CARDS","is_daily":false,"chose_seed":false,"campfire_upgraded":8,"win_rate":0.0,"timestamp":1610599049,"path_taken":["M","M","$","?","?","R","?","R","T","E","R","?","M","?","R","BOSS","M","$","?","?","M","R","?","?","T","?","?","R","M","M","R","BOSS","M","$","?","$","?","R","M","M","T","?","M","M","$","M","R","BOSS"],"items_purchased_type":["Relic","Relic","Relic","Card","Card","Card","Card","Relic","Relic","Card","Relic","Relic","Relic","Card","Relic","Card","Relic","Relic","Relic","Relic","Relic","Relic","Card","Relic"],"build_version":"2020-12-22","purchased_purges":12,"victory":true,"max_hp_per_floor":[75,75,75,75,75,75,75,75,75,75,75,75,75,75,75,75,75,75,75,75,75,75,75,75,75,75,80,80,80,80,80,80,82,82,84,90,90,90,90,90,90,92,99,99,101,103,103,103,103,103],"card_choices":[{"not_picked":["Coolheaded","Stack"],"picked":"Go for the Eyes","floor":0.0},{"not_picked":["Aggregate","Chill"],"picked":"Sweeping Beam","floor":1.0},{"not_picked":["Aggregate","Hello World","White Noise"],"picked":"SKIP","floor":2.0},{"not_picked":["Steam Power","Cold Snap"],"picked":"Ball Lightning","floor":7.0},{"not_picked":["Auto Shields","Hello World"],"picked":"Lockon","floor":10.0},{"not_picked":["Compile Driver","Rip and Tear","Turbo"],"picked":"SKIP","floor":13.0},{"not_picked":["Streamline","Melter"],"picked":"Consume","floor":14.0},{"not_picked":["Echo Form","Amplify"],"picked":"Electrodynamics","floor":16.0},{"not_picked":["Fission","Echo Form"],"picked":"Reboot","floor":16.0},{"not_picked":["Fission","Electrodynamics"],"picked":"Amplify","floor":16.0},{"not_picked":["Compile Driver","Streamline","Recycle"],"picked":"SKIP","floor":18.0},{"not_picked":["Coolheaded","Static Discharge"],"picked":"Stack+1","floor":22.0},{"not_picked":["Turbo","Hologram","Sweeping Beam"],"picked":"SKIP","floor":28.0},{"not_picked":["Conserve Battery+1","Capacitor"],"picked":"Redo+1","floor":30.0},{"not_picked":["Chaos+1","Double Energy","Steam"],"picked":"SKIP","floor":31.0},{"not_picked":["Seek","Echo Form"],"picked":"All For One","floor":33.0},{"not_picked":["Biased Cognition","Amplify"],"picked":"Seek","floor":33.0},{"not_picked":["Fission","Rainbow","Multi-Cast"],"picked":"Singing Bowl","floor":33.0},{"not_picked":["Rebound","Loop","Melter+1"],"picked":"Singing Bowl","floor":35.0},{"not_picked":["Doom and Gloom","Capacitor","Hello World"],"picked":"Singing Bowl","floor":36},{"not_picked":["Cold Snap","Auto Shields"],"picked":"Steam Power+1","floor":36},{"not_picked":["Ball Lightning+1","Rebound+1"],"picked":"Steam+1","floor":36},{"not_picked":["Darkness","BootSequence","Scrape"],"picked":"Singing Bowl","floor":36},{"not_picked":["Reinforced Body+1","Rebound","Barrage"],"picked":"Singing Bowl","floor":36},{"not_picked":["Rip and Tear+1","Conserve Battery"],"picked":"Double Energy+1","floor":37},{"not_picked":["Swift Strike","Panache"],"picked":"Madness","floor":39},{"not_picked":["Dark Shackles","Mind Blast"],"picked":"Bandage Up","floor":39},{"not_picked":["HandOfGreedSenior","Metamorphosis"],"picked":"Trip","floor":39},{"not_picked":["Lockon+1","Leap+1"],"picked":"Hologram+1","floor":41},{"not_picked":["Steam","Barrage+1","Fusion"],"picked":"Singing Bowl","floor":42},{"not_picked":["Fusion+1","Double Energy+1","Stack"],"picked":"Singing Bowl","floor":45},{"not_picked":["Leap","Force Field","Turbo"],"picked":"Singing Bowl","floor":46},{"not_picked":["Beam Cell+1","Force Field"],"picked":"Redo+1","floor":48}],"player_experience":64667,"relics_obtained":[{"floor":9.0,"key":"Centennial Puzzle"},{"floor":10.0,"key":"Boot"},{"floor":14.0,"key":"Odd Mushroom"},{"floor":16.0,"key":"RuthlessExorcism:ReiMu"},{"floor":21.0,"key":"Enchiridion"},{"floor":26.0,"key":"War Paint"},{"floor":33.0,"key":"Singing Bowl"},{"floor":37,"key":"CatCart"},{"floor":43,"key":"Strawberry"},{"floor":43,"key":"Pen Nib"}],"event_choices":[{"damage_healed":0.0,"max_hp_gain":0.0,"max_hp_loss":0.0,"gold_gain":0.0,"event_name":"Scrap Ooze","player_choice":"Success","floor":4.0,"gold_loss":0.0,"damage_taken":25.0,"relics_obtained":["Peace Pipe"]},{"damage_healed":0.0,"max_hp_gain":0.0,"max_hp_loss":0.0,"gold_gain":0.0,"event_name":"The Woman in Blue","player_choice":"Bought 3 Potions","floor":5.0,"gold_loss":0.0,"damage_taken":0.0},{"damage_healed":0.0,"max_hp_gain":0.0,"max_hp_loss":0.0,"gold_gain":0.0,"event_name":"Shining Light","player_choice":"Entered Light","floor":12.0,"gold_loss":0.0,"damage_taken":15.0,"cards_upgraded":["Capacitor","Lockon"]},{"damage_healed":0.0,"max_hp_gain":0.0,"max_hp_loss":0.0,"gold_gain":0.0,"event_name":"Mushrooms","player_choice":"Fought Mushrooms","floor":14.0,"gold_loss":0.0,"damage_taken":0.0},{"damage_healed":0.0,"max_hp_gain":0.0,"max_hp_loss":0.0,"gold_gain":0.0,"event_name":"Vampires","player_choice":"Ignored","floor":20.0,"gold_loss":0.0,"damage_taken":0.0},{"damage_healed":0.0,"max_hp_gain":0.0,"max_hp_loss":0.0,"gold_gain":0.0,"event_name":"Cursed Tome","player_choice":"Obtained Book","floor":21.0,"gold_loss":0.0,"damage_taken":16.0},{"damage_healed":0.0,"max_hp_gain":0.0,"max_hp_loss":0.0,"gold_gain":0.0,"event_name":"The Mausoleum","player_choice":"Opened","floor":24.0,"gold_loss":0.0,"damage_taken":0.0,"relics_obtained":["Happy Flower"],"cards_obtained":["Writhe"]},{"damage_healed":0.0,"max_hp_gain":5.0,"max_hp_loss":0.0,"gold_gain":0.0,"event_name":"Forgotten Altar","player_choice":"Shed Blood","floor":27.0,"gold_loss":0.0,"damage_taken":19.0},{"damage_healed":0,"gold_gain":0,"player_choice":"Fight","damage_taken":0,"max_hp_gain":0,"max_hp_loss":0,"event_name":"OrinTheCat","floor":37,"gold_loss":0},{"damage_healed":0,"gold_gain":0,"player_choice":"Memory 3","damage_taken":10,"max_hp_gain":0,"max_hp_loss":0,"event_name":"SensoryStone","floor":39,"gold_loss":0},{"damage_healed":0,"gold_gain":0,"player_choice":"Paid","damage_taken":0,"relics_obtained":["Red Mask"],"max_hp_gain":0,"max_hp_loss":0,"event_name":"Tomb of Lord Red Mask","floor":44,"gold_loss":961}],"is_beta":false,"boss_relics":[{"not_picked":["Cursed Key","Sozu"],"picked":"SacredBark"},{"not_picked":["Snecko Eye","Runic Pyramid","Calling Bell"]}],"items_purged_floors":[3,3,3,3,3,3,3,3,3,25,25,36],"is_endless":false,"potions_floor_spawned":[1,2,2,10,10,13,14,18,22,28,33,33,41,42,45,45,46,48,48],"ascension_level":4}}