{"host":"gmh2c2g66mxmprnw","time":1610652872,"event":{"mods":["BaseMod","Better Match","Colored Powertips","Displayed Cursed Tome","Friendly Minions","Highlight Path","Infinite Spire","Minty Spire (QoL Compilation)","Quick Restart","Relic Sorter","Replay The Spire","Shop Mod","StSLib"],"gold_per_floor":[135,175,207,307,345,345,402,22,22,116,146,146,146,186,234,273,273,371,371,407,407,332,103,181,233,233,233],"floor_reached":26,"language":"ENG","playtime":1362,"items_purged":["Strike_R","Seeing Red"],"score":313,"play_id":"69921138-7763-4ac7-adf7-42ad6596a199","local_time":"20210114103432","is_ascension_mode":true,"campfire_choices":[{"floor":6.0,"key":"REST"},{"floor":17.0,"key":"REST"}],"circlet_count":0,"master_deck":["Bash","HandOfGreed","Headbutt","Bloodletting","Intimidate","Barricade","Cleave","Brutality","Sever Soul","Burning Pact","Hemogenesis","Pummel","Flex","True Grit","Headbutt","Feed+1","Rupture","Hemokinesis","Hemokinesis","Shrug It Off","ReplayTheSpireMod:Strike From Hell+1"],"relics":["Burning Blood","StoneCalendar","MerchantsRug","ClockworkSouvenir","infinitespire:Bottled Soul","ReplayTheSpireMod:Shallot","Pandora\u0027s Box","ReplayTheSpireMod:TigerMarble","Kunai"],"acts_visited":["Exordium","TheCity"],"potions_floor_usage":[18,18,18,26],"damage_taken":[{"damage":0.0,"enemies":"2 Louse","floor":1.0,"turns":2.0},{"damage":6.0,"enemies":"Cultist","floor":2.0,"turns":3.0},{"damage":6.0,"enemies":"Jaw Worm","floor":3.0,"turns":2.0},{"damage":16.0,"enemies":"Blue Slaver","floor":5.0,"turns":4.0},{"damage":14.0,"enemies":"Gremlin Nob","floor":7.0,"turns":3.0},{"damage":21.0,"enemies":"3 Sentries","floor":10.0,"turns":7.0},{"damage":10.0,"enemies":"Looter","floor":11.0,"turns":3.0},{"damage":11.0,"enemies":"Exordium Thugs","floor":14.0,"turns":5.0},{"damage":22.0,"enemies":"Gremlin Nob","floor":15.0,"turns":5.0},{"damage":7.0,"enemies":"Exordium Wildlife","floor":16.0,"turns":4.0},{"damage":6,"enemies":"Fading Forest","floor":18,"turns":11},{"damage":9,"enemies":"Shell Parasite","floor":20,"turns":3},{"damage":28,"enemies":"3 Byrds","floor":24,"turns":6},{"damage":67,"enemies":"Nightmare","floor":25,"turns":7},{"damage":15,"enemies":"Centurion and Healer","floor":26,"turns":3}],"seed_played":"-4569956335368974414","potions_obtained":[{"floor":2.0,"key":"BlessingOfTheForge"},{"floor":7.0,"key":"SpeedPotion"},{"floor":14.0,"key":"PowerPotion"},{"floor":15.0,"key":"Adrenaline Potion"},{"floor":18,"key":"Ancient Potion"},{"floor":24,"key":"Strength Potion"},{"floor":25,"key":"SkillPotion"}],"is_trial":false,"path_per_floor":["M","M","M","?","M","R","E","$","T","E","M","PTL","PTL","M","E","M","R","B",null,"M","?","?","$","M","NM","M"],"character_chosen":"IRONCLAD","items_purchased":["MerchantsRug","ClockworkSouvenir","Rupture","Hemokinesis"],"campfire_rested":2,"item_purchase_floors":[8,8,23,23],"current_hp_per_floor":[62,62,62,62,52,76,68,68,68,53,49,49,49,44,28,27,51,51,80,77,77,77,77,64,10,0,0],"gold":233,"neow_bonus":"RANDOM_COLORLESS_2","is_daily":false,"chose_seed":false,"campfire_upgraded":0,"win_rate":0.0,"timestamp":1610652872,"path_taken":["M","M","M","?","M","R","E","$","T","E","M","PTL","PTL","?","E","M","R","BOSS","M","?","?","$","M","NM","M"],"items_purchased_type":["Relic","Relic","Card","Card"],"build_version":"2020-12-22","purchased_purges":2,"victory":false,"max_hp_per_floor":[80,80,80,80,80,80,80,80,80,80,80,80,80,80,80,80,80,80,80,80,80,80,80,80,80,80,80],"card_choices":[{"not_picked":["Sadistic Nature","Violence"],"picked":"HandOfGreed","floor":0.0},{"not_picked":["Anger","Twin Strike","Replay:Undeath\u0027s Touch"],"picked":"SKIP","floor":1.0},{"not_picked":["Twin Strike","Warcry","Armaments"],"picked":"SKIP","floor":2.0},{"not_picked":["Iron Wave","Anger","Sword Boomerang"],"picked":"SKIP","floor":3.0},{"not_picked":["Carnage","Rage"],"picked":"Headbutt","floor":5.0},{"not_picked":["True Grit","Warcry","Headbutt"],"picked":"SKIP","floor":7.0},{"not_picked":["Sentinel","Dropkick"],"picked":"Bloodletting","floor":10.0},{"not_picked":["Pummel","Havoc"],"picked":"Intimidate","floor":11.0},{"not_picked":["Twin Strike","Pummel","ReplayTheSpireMod:Strike From Hell"],"picked":"SKIP","floor":14.0},{"not_picked":["Body Slam","Sword Boomerang"],"picked":"Barricade","floor":15.0},{"not_picked":["Armaments","Replay:Undeath\u0027s Touch"],"picked":"Cleave","floor":16.0},{"not_picked":["Hemogenesis","Impervious"],"picked":"Brutality","floor":18},{"not_picked":["Evolve","Massacre","Cleave"],"picked":"SKIP","floor":20},{"not_picked":["Reaper+1","Corruption+1"],"picked":"Feed+1","floor":22},{"not_picked":["ReplayTheSpireMod:Muscle Training+1","Shrug It Off","Replay:Many Hands"],"picked":"SKIP","floor":24},{"not_picked":["ReplayTheSpireMod:Muscle Training+1","Replay:Many Hands"],"picked":"Shrug It Off","floor":24},{"not_picked":["Warcry","Clash"],"picked":"ReplayTheSpireMod:Strike From Hell+1","floor":25}],"player_experience":2146329,"relics_obtained":[{"floor":7.0,"key":"StoneCalendar"},{"floor":10.0,"key":"infinitespire:Bottled Soul"},{"floor":15.0,"key":"ReplayTheSpireMod:Shallot"},{"floor":25,"key":"Kunai"}],"event_choices":[{"damage_healed":0.0,"max_hp_gain":0.0,"max_hp_loss":0.0,"gold_gain":100.0,"event_name":"Golden Shrine","player_choice":"Pray","floor":4.0,"gold_loss":0.0,"damage_taken":0.0},{"damage_healed":0,"gold_gain":0,"player_choice":"2","damage_taken":0,"max_hp_gain":0,"max_hp_loss":0,"event_name":"betterMatch:BetterMatch","floor":22,"gold_loss":0,"cards_obtained":["betterMatch:RareCard"]}],"is_beta":false,"boss_relics":[{"not_picked":["Replay:Ancient Bell","Astrolabe"],"picked":"Pandora\u0027s Box"}],"items_purged_floors":[8,23],"is_endless":true,"potions_floor_spawned":[2,7,14,15,18,24,25],"killed_by":"Centurion and Healer","ascension_level":1}}