{"host":"ELF","time":1610651899,"event":{"mods":["BaseMod","Minty Spire (QoL Compilation)"],"gold_per_floor":[114,189,209,209,17,17,43,43,69,83,8,43,43,43,43],"floor_reached":14,"language":"ENG","playtime":575,"items_purged":["Strike_G"],"score":242,"play_id":"116f166a-763a-4dba-820b-f510505d9d2a","local_time":"20210114131819","is_ascension_mode":true,"campfire_choices":[{"floor":6,"key":"REST"},{"data":"Skewer","floor":8,"key":"SMITH"}],"circlet_count":0,"master_deck":["AscendersBane","Strike_G","Strike_G","Strike_G","Strike_G","Defend_G","Defend_G","Defend_G","Defend_G","Defend_G","Survivor","Neutralize","Dagger Throw+1","Reflex","Underhanded Strike","Skewer+1","Backflip","Crippling Poison"],"relics":["Ring of the Snake","NeowsBlessing","TheAbacus","Paper Crane","Ancient Tea Set","Smiling Mask"],"acts_visited":["Exordium"],"potions_floor_usage":[14,14],"damage_taken":[{"damage":0,"enemies":"Jaw Worm","floor":1,"turns":1},{"damage":0,"enemies":"Small Slimes","floor":3,"turns":1},{"damage":0,"enemies":"Lagavulin","floor":7,"turns":1},{"damage":0,"enemies":"2 Louse","floor":10,"turns":3},{"damage":46,"enemies":"Gremlin Nob","floor":12,"turns":5},{"damage":37,"enemies":"3 Sentries","floor":14,"turns":13}],"seed_played":"6964062613165127039","potions_obtained":[{"floor":3,"key":"SteroidPotion"},{"floor":12,"key":"Regen Potion"}],"is_trial":false,"path_per_floor":["M","?","M","?","$","R","E","R","T","M","$","E","?","E"],"character_chosen":"THE_SILENT","items_purchased":["Underhanded Strike","TheAbacus"],"campfire_rested":1,"item_purchase_floors":[5,5],"current_hp_per_floor":[59,48,48,48,48,66,66,66,66,66,66,20,20,0,0],"gold":43,"neow_bonus":"THREE_ENEMY_KILL","is_daily":false,"chose_seed":false,"campfire_upgraded":1,"win_rate":0.0,"timestamp":1610651899,"path_taken":["M","?","M","?","$","R","E","R","T","M","?","E","?","E"],"items_purchased_type":["Card","Relic"],"build_version":"2020-12-18","purchased_purges":1,"victory":false,"max_hp_per_floor":[66,66,66,66,66,66,66,66,66,66,66,66,66,66,66],"card_choices":[{"not_picked":["Prepared","Reflex"],"picked":"Dagger Throw","floor":1},{"not_picked":["Slice","Backflip"],"picked":"Reflex","floor":3},{"not_picked":["Dodge and Roll","Backflip"],"picked":"Skewer","floor":7},{"not_picked":["Cloak And Dagger","Acrobatics"],"picked":"Backflip","floor":10},{"not_picked":["Endless Agony","Dagger Spray"],"picked":"Crippling Poison","floor":12}],"player_experience":3207876,"relics_obtained":[{"floor":7,"key":"Paper Crane"},{"floor":9,"key":"Ancient Tea Set"},{"floor":12,"key":"Smiling Mask"}],"event_choices":[{"damage_healed":0,"gold_gain":75,"player_choice":"Gather Gold","damage_taken":11,"max_hp_gain":0,"max_hp_loss":0,"event_name":"World of Goop","floor":2,"gold_loss":0},{"damage_healed":0,"gold_gain":0,"player_choice":"Grow","damage_taken":0,"max_hp_gain":0,"max_hp_loss":0,"event_name":"Living Wall","floor":4,"gold_loss":0,"cards_upgraded":["Dagger Throw"]},{"damage_healed":0,"gold_gain":0,"player_choice":"Ignored","damage_taken":0,"max_hp_gain":0,"max_hp_loss":0,"event_name":"Liars Game","floor":13,"gold_loss":0}],"is_beta":true,"boss_relics":[],"items_purged_floors":[11],"is_endless":false,"potions_floor_spawned":[3,12],"killed_by":"3 Sentries","ascension_level":20}}