{"host":"fjaupvxe7fzqrf4j","time":1610608844,"event":{"mods":["ATMod(°¢èªMod)","BaseMod","Minty Spire (QoL Compilation)","StSLib"],"gold_per_floor":[111,111,131,148,166,496,624,624,624,955,1081,1414,1551,1678,1678,1863,1863,1885,1810,1810,1330,898,1041,1059,1186,1186,1320,1453,1453,1594,856,856,1030,1030,1043,456,388,388,388,516,642,782,807,936,952,1391,1518,1072,1072,1172,1372,1372,1372,555,790,890],"floor_reached":57,"language":"ZHS","playtime":1617,"items_purged":["CarveReality","FollowUp","BowlingBash"],"score":4652,"play_id":"d36f7b73-c074-4a88-b0ee-738aef1cd390","local_time":"20210114152044","daily_mods":["SealedDeck","Heirloom","Time Dilation","Flight","Elite Swarm"],"is_ascension_mode":true,"campfire_choices":[{"data":"Adaptation","floor":8.0,"key":"SMITH"},{"data":"Ragnarok","floor":15.0,"key":"SMITH"},{"data":"Tantrum","floor":29.0,"key":"SMITH"},{"floor":32.0,"key":"RECALL"},{"data":"DevaForm","floor":49.0,"key":"SMITH"},{"data":"FollowUp","floor":53.0,"key":"SMITH"}],"circlet_count":0,"master_deck":["AscendersBane","FollowUp+1","FearNoEvil+1","Indignation+1","Adaptation+1","Crescendo+1","Tantrum+1","DeusExMachina+1","Vault+1","Ragnarok+1","LessonLearned+1","Adaptation+1","Brilliance+1","Omniscience+1","Scrawl+1","Scrawl+1","Sanctity+1","SpiritShield+1","DevaForm+1","AT_ChampionStep","ClearTheMind"],"relics":["HolyWater","AT_ATBox","AT_TheCollector","GoldenEye","Vajra","AT_LudenTempest","AT_ChloranthyRing","CeramicFish","Oddly Smooth Stone","Eternal Feather","Omamori","War Paint","Lantern","Potion Belt","Blood Vial","AT_ImmortalShieldbow","AT_Manta","Tiny Chest","AT_SeraphEmbrace","Incense Burner","Molten Egg 2","Coffee Dripper","Boot","Darkstone Periapt","DollysMirror","AT_GoldPhoenixTree","StrikeDummy","AT_RedTearstoneRing","Art of War","Shuriken","Old Coin","Gambling Chip","ClockworkSouvenir","Singing Bowl","Orrery","Mango","Pen Nib","AT_SpeedBoots"],"acts_visited":["Exordium","TheCity","TheBeyond","TheEnding"],"potions_floor_usage":[56,56,56,56],"damage_taken":[{"damage":0.0,"enemies":"Small Slimes","floor":1.0,"turns":2.0},{"damage":0.0,"enemies":"Cultist","floor":3.0,"turns":1.0},{"damage":0.0,"enemies":"2 Louse","floor":4.0,"turns":1.0},{"damage":0.0,"enemies":"Exordium Wildlife","floor":5.0,"turns":1.0},{"damage":0.0,"enemies":"3 Sentries","floor":6.0,"turns":2.0},{"damage":0.0,"enemies":"Lagavulin","floor":7.0,"turns":2.0},{"damage":0.0,"enemies":"3 Sentries","floor":10.0,"turns":2.0},{"damage":0.0,"enemies":"Gremlin Nob","floor":11.0,"turns":1.0},{"damage":0.0,"enemies":"3 Sentries","floor":12.0,"turns":2.0},{"damage":0.0,"enemies":"Lagavulin","floor":13.0,"turns":2.0},{"damage":0.0,"enemies":"Gremlin Nob","floor":14.0,"turns":1.0},{"damage":0.0,"enemies":"Hexaghost","floor":16.0,"turns":3.0},{"damage":0.0,"enemies":"Chosen","floor":18.0,"turns":4.0},{"damage":0.0,"enemies":"Gremlin Leader","floor":23.0,"turns":3.0},{"damage":0.0,"enemies":"Shell Parasite","floor":24.0,"turns":1.0},{"damage":28.0,"enemies":"Book of Stabbing","floor":25.0,"turns":2.0},{"damage":0.0,"enemies":"Gremlin Leader","floor":27.0,"turns":2.0},{"damage":0.0,"enemies":"Slavers","floor":28.0,"turns":2.0},{"damage":0.0,"enemies":"Gremlin Leader","floor":30.0,"turns":1.0},{"damage":0.0,"enemies":"Automaton","floor":33.0,"turns":3.0},{"damage":0.0,"enemies":"Orb Walker","floor":35.0,"turns":1.0},{"damage":0.0,"enemies":"Reptomancer","floor":40.0,"turns":1.0},{"damage":0.0,"enemies":"Giant Head","floor":41.0,"turns":1.0},{"damage":0.0,"enemies":"Reptomancer","floor":42.0,"turns":1.0},{"damage":0.0,"enemies":"Nemesis","floor":44.0,"turns":1.0},{"damage":0.0,"enemies":"3 Darklings","floor":45.0,"turns":2.0},{"damage":0.0,"enemies":"Giant Head","floor":46.0,"turns":1.0},{"damage":0.0,"enemies":"Reptomancer","floor":47.0,"turns":2.0},{"damage":0.0,"enemies":"Time Eater","floor":50.0,"turns":1.0},{"damage":0.0,"enemies":"Donu and Deca","floor":51.0,"turns":1.0},{"damage":0.0,"enemies":"Shield and Spear","floor":55.0,"turns":1.0},{"damage":101,"enemies":"The Heart","floor":56,"turns":5}],"seed_played":"7764345485606442695","potions_obtained":[{"floor":4.0,"key":"EssenceOfSteel"},{"floor":5.0,"key":"DistilledChaos"},{"floor":7.0,"key":"BlessingOfTheForge"},{"floor":10.0,"key":"DistilledChaos"},{"floor":23.0,"key":"Swift Potion"},{"floor":28.0,"key":"Regen Potion"},{"floor":33.0,"key":"PowerPotion"},{"floor":35.0,"key":"SkillPotion"}],"is_trial":true,"path_per_floor":["M","?","M","M","M","E","E","R","T","E","E","E","E","E","R","B",null,"M","?","?","$","$","E","M","E","T","E","E","R","E","$","R","B",null,"M","$","$","?","?","E","E","E","T","E","M","E","E","$","R","B","B",null,"R","$","E","B",null],"character_chosen":"WATCHER","items_purchased":["Omamori","War Paint","LiquidMemories","Lantern","Potion Belt","Incense Burner","Molten Egg 2","Boot","Darkstone Periapt","DollysMirror","Sanctity","ClockworkSouvenir","Singing Bowl","AT_ChampionStep","Orrery","Mango","Pen Nib","ColorlessPotion","BlessingOfTheForge"],"campfire_rested":0,"item_purchase_floors":[21,21,21,22,22,31,31,36,36,36,37,48,48,54,54,54,54,54,54],"current_hp_per_floor":[61,61,61,61,61,61,61,61,61,61,61,61,61,61,67,67,68,68,68,68,68,68,68,68,40,40,42,44,53,55,55,64,66,68,68,68,68,68,64,66,68,68,68,68,68,68,68,68,68,68,68,68,68,90,92,56],"gold":890,"neow_bonus":"","is_daily":false,"chose_seed":false,"campfire_upgraded":5,"win_rate":0.0,"timestamp":1610608844,"path_taken":["M","?","?","M","?","E","E","R","T","E","E","E","E","E","R","BOSS","M","?","?","?","$","E","M","E","T","E","E","R","E","$","R","BOSS","M","$","$","?","?","E","E","E","T","E","M","E","E","$","R","BOSS","BOSS","R","$","E","BOSS"],"items_purchased_type":["Relic","Relic","Potion","Relic","Relic","Relic","Relic","Relic","Relic","Relic","Card","Relic","Relic","Card","Relic","Relic","Relic","Potion","Potion"],"build_version":"2020-12-22","purchased_purges":3,"victory":true,"max_hp_per_floor":[68,68,68,68,68,68,68,68,68,68,68,68,68,68,68,68,68,68,68,68,68,68,68,68,68,68,68,68,68,68,68,68,68,68,68,68,68,68,68,68,68,68,68,68,68,68,68,68,68,68,68,68,68,90,92,92],"card_choices":[{"not_picked":["Protect","JustLucky"],"picked":"Tantrum","floor":1.0},{"not_picked":["EmptyFist","ConjureBlade","ThirdEye"],"picked":"SKIP","floor":3.0},{"not_picked":["Collect","AT_SoftenMuscles","Crescendo"],"picked":"SKIP","floor":4.0},{"not_picked":["CutThroughFate","BowlingBash","Evaluate"],"picked":"SKIP","floor":5.0},{"not_picked":["AT_RealColorLess","Establishment","AT_IrregularMenstruation"],"picked":"SKIP","floor":6.0},{"not_picked":["Establishment","Wish"],"picked":"DeusExMachina","floor":7.0},{"not_picked":["DevaForm","MasterReality","Alpha"],"picked":"SKIP","floor":10.0},{"not_picked":["DevaForm","DeusExMachina"],"picked":"Vault","floor":11.0},{"not_picked":["AT_ChampionKick","AT_IrregularMenstruation","Wish"],"picked":"SKIP","floor":12.0},{"not_picked":["SpiritShield","Blasphemy"],"picked":"Ragnarok","floor":13.0},{"not_picked":["DevaForm","Establishment","AT_MachinaRedman"],"picked":"SKIP","floor":14.0},{"not_picked":["Scrawl","AT_IrregularMenstruation"],"picked":"LessonLearned","floor":16.0},{"not_picked":["Vengeance","Indignation"],"picked":"Adaptation","floor":18.0},{"not_picked":["AT_ChampionKick","AT_MachinaRedman"],"picked":"Brilliance","floor":23.0},{"not_picked":["ThirdEye","JustLucky","Halt"],"picked":"SKIP","floor":24.0},{"not_picked":["AT_IrregularMenstruation","AT_MachinaRedman","Judgement"],"picked":"SKIP","floor":25.0},{"not_picked":["Establishment","Wish"],"picked":"Omniscience","floor":27.0},{"not_picked":["Ragnarok","AT_IrregularMenstruation","ConjureBlade"],"picked":"SKIP","floor":28.0},{"not_picked":["Omniscience","Vault"],"picked":"Scrawl","floor":30.0},{"not_picked":["Sanctity","Tantrum+1","CrushJoints+1"],"picked":"SKIP","floor":35.0},{"not_picked":["Brilliance+1","Establishment","AT_MachinaRedman"],"picked":"SKIP","floor":40.0},{"not_picked":["LessonLearned+1","Judgement","DeusExMachina"],"picked":"SKIP","floor":41.0},{"not_picked":["Wish","Alpha"],"picked":"SpiritShield","floor":42.0},{"not_picked":["Ragnarok+1","Devotion","Judgement"],"picked":"SKIP","floor":44.0},{"not_picked":["WreathOfFlame","CrushJoints+1","Evaluate+1"],"picked":"SKIP","floor":45.0},{"not_picked":["ConjureBlade","Blasphemy"],"picked":"DevaForm","floor":46.0},{"not_picked":["ConjureBlade","Devotion","Scrawl"],"picked":"SKIP","floor":47.0},{"not_picked":["SignatureMove+1","Crescendo","Protect"],"picked":"Singing Bowl","floor":54.0},{"not_picked":["EmptyFist+1","CutThroughFate+1","FlyingSleeves+1"],"picked":"Singing Bowl","floor":54.0},{"not_picked":["ClearTheMind","FollowUp+1","BowlingBash+1"],"picked":"Singing Bowl","floor":54.0},{"not_picked":["Wireheading+1","CrushJoints+1","JustLucky+1"],"picked":"Singing Bowl","floor":54.0},{"not_picked":["CrushJoints+1","BowlingBash+1"],"picked":"ClearTheMind","floor":54.0},{"not_picked":["Ragnarok+1","Judgement","Establishment"],"picked":"Singing Bowl","floor":55.0}],"player_experience":432517,"relics_obtained":[{"floor":6.0,"key":"GoldenEye"},{"floor":7.0,"key":"Vajra"},{"floor":10.0,"key":"AT_LudenTempest"},{"floor":11.0,"key":"AT_ChloranthyRing"},{"floor":12.0,"key":"CeramicFish"},{"floor":13.0,"key":"Oddly Smooth Stone"},{"floor":14.0,"key":"Eternal Feather"},{"floor":23.0,"key":"Blood Vial"},{"floor":25.0,"key":"AT_ImmortalShieldbow"},{"floor":27.0,"key":"AT_Manta"},{"floor":28.0,"key":"Tiny Chest"},{"floor":30.0,"key":"AT_ArchangelStaff"},{"floor":40.0,"key":"AT_GoldPhoenixTree"},{"floor":41.0,"key":"StrikeDummy"},{"floor":42.0,"key":"AT_RedTearstoneRing"},{"floor":43.0,"key":"Art of War"},{"floor":44.0,"key":"Shuriken"},{"floor":46.0,"key":"Old Coin"},{"floor":47.0,"key":"Gambling Chip"},{"floor":55.0,"key":"AT_SpeedBoots"}],"event_choices":[{"cards_removed":["CrushJoints"],"damage_healed":0.0,"max_hp_gain":0.0,"max_hp_loss":0.0,"gold_gain":0.0,"event_name":"Purifier","player_choice":"Purged","floor":2.0,"gold_loss":0.0,"damage_taken":0.0},{"cards_removed":["EmptyFist"],"damage_healed":0.0,"max_hp_gain":0.0,"max_hp_loss":0.0,"gold_gain":0.0,"event_name":"Beggar","player_choice":"Gave Gold","floor":19.0,"gold_loss":75.0,"damage_taken":0.0},{"damage_healed":0.0,"max_hp_gain":0.0,"max_hp_loss":0.0,"gold_gain":0.0,"event_name":"The Mausoleum","player_choice":"Ignored","floor":20.0,"gold_loss":0.0,"damage_taken":0.0},{"damage_healed":0.0,"max_hp_gain":0.0,"max_hp_loss":0.0,"gold_gain":0.0,"event_name":"Tomb of Lord Red Mask","player_choice":"Ignored","floor":38.0,"gold_loss":0.0,"damage_taken":0.0},{"damage_healed":0.0,"max_hp_gain":0.0,"max_hp_loss":0.0,"gold_gain":0.0,"event_name":"The Woman in Blue","player_choice":"Bought 0 Potions","floor":39.0,"gold_loss":0.0,"damage_taken":0.0}],"is_beta":false,"boss_relics":[{"not_picked":["Cursed Key","Tiny House"],"picked":"HolyWater"},{"not_picked":["SlaversCollar","Astrolabe"],"picked":"Coffee Dripper"}],"items_purged_floors":[21,22,31],"is_endless":false,"potions_floor_spawned":[4,5,7,10,11,14,16,23,27,28,33,35,44,46,47],"ascension_level":20}}