{"host":"l84l8xigz5v5foa2","time":1610630204,"event":{"mods":["2.2 Compatiblity","AchievementEnabler","BaseMod","Better Note","Better Vampires","Card Filter","Colored Map","DeckTracker","Downfall","Gremlin Skip","Highlight Path","Keyboard Shortcuts","Minty Spire (QoL Compilation)","Permanent Neow","Quick Restart","Relic Filter","Relic Stats","StSLib","SuperFastMode","Transform Curses","Unknown Chances"],"gold_per_floor":[99,118,134,18,31,131,131,131,164,164,164,164,21,55,65,141,141,66,86,86,86,99,84,84,118,17,17,17,48,48,67,85,159,159,9,19,33,215,228,239,239,239,266,116,144,144,161,84,97,97,97,128,128,128,128],"floor_reached":56,"language":"ENG","playtime":4240,"items_purged":["Normality","hexamod:Strike","hexamod:Defend","hexamod:Defend"],"score":2716,"play_id":"b4be41d7-1df0-4515-bc69-436e5ff3efb2","local_time":"20210114221644","is_ascension_mode":true,"campfire_choices":[{"data":"hexamod:Float","floor":1.0,"key":"SMITH"},{"data":"hexamod:NecessarySacrifice","floor":8.0,"key":"SMITH"},{"data":"hexamod:Rewind","floor":12.0,"key":"SMITH"},{"data":"hexamod:GhostOfSpirePast","floor":18.0,"key":"SMITH"},{"data":"hexamod:Haunt","floor":28.0,"key":"SMITH"},{"floor":30.0,"key":"RECALL"},{"floor":35.0,"key":"REST"},{"floor":54,"key":"REST"}],"circlet_count":0,"master_deck":["AscendersBane","hexamod:Strike+1","hexamod:Strike+1","hexamod:Strike+1","hexamod:Defend+1","hexamod:Sear+1","hexamod:Float+1","expansioncontent:DashGenerateEvil+1","hexamod:RainOfEmbers+1","hexamod:Rewind+1","hexamod:NecessarySacrifice+1","hexamod:VolcanoVisage+1","hexamod:GiftsFromTheDead+1","hexamod:Hexaguard+1","hexamod:HauntingEcho+1","hexamod:GhostOfSpirePast+1","hexamod:NightmareGuise+1","hexamod:Hexaguard","hexamod:RecurringNightmare+1","hexamod:ThermalTransfer+1","hexamod:AdvancingGuard+1","hexamod:FastForward+1","hexamod:SpectersWail+1","hexamod:Haunt+1","hexamod:GhostOfSpirePast+1","hexamod:GhostShield+1","hexamod:FourthSeal","hexamod:WildfireWeapon","hexamod:InspiringFlames+1","hexamod:RetreatToShadows+1","expansioncontent:DefensiveStance","expansioncontent:DefensiveStance","hexamod:Rewind","hexamod:RecurringNightmare","hexamod:ThermalTransfer"],"relics":["hexamod:SpiritBrand","Bag of Preparation","Ornamental Fan","Matryoshka","hexamod:IceCube","downfall:HeartBlessingGreen","Whetstone","Red Mask","Ice Cream","hexamod:TheBrokenSeal","Fusion Hammer","downfall:HeartBlessingRed","downfall:HeartBlessingBlue","MealTicket","Sundial","Eternal Feather","Gremlin Horn","hexamod:TheBrokenSeal","Lantern"],"acts_visited":["Exordium","TheCity","TheBeyond","TheEnding"],"potions_floor_usage":[43,43,47,55],"damage_taken":[{"damage":1.0,"enemies":"Jaw Worm","floor":2.0,"turns":3.0},{"damage":0.0,"enemies":"2 Louse","floor":3.0,"turns":3.0},{"damage":0.0,"enemies":"downfall:FleeingMerchant","floor":4.0,"turns":4.0},{"damage":0.0,"enemies":"Small Slimes","floor":5.0,"turns":2.0},{"damage":5.0,"enemies":"Gremlin Nob","floor":9.0,"turns":4.0},{"damage":10.0,"enemies":"downfall:FleeingMerchant","floor":13.0,"turns":4.0},{"damage":1.0,"enemies":"3 Sentries","floor":14.0,"turns":6.0},{"damage":0.0,"enemies":"Red Slaver","floor":15.0,"turns":3.0},{"damage":4.0,"enemies":"downfall:Silent","floor":16.0,"turns":6.0},{"damage":3.0,"enemies":"Shell Parasite","floor":19.0,"turns":5.0},{"damage":15.0,"enemies":"Chosen","floor":22.0,"turns":5.0},{"damage":0.0,"enemies":"downfall:FleeingMerchant","floor":23.0,"turns":4.0},{"damage":7.0,"enemies":"Masked Bandits","floor":25.0,"turns":5.0},{"damage":0.0,"enemies":"downfall:FleeingMerchant","floor":26.0,"turns":4.0},{"damage":20.0,"enemies":"Gremlin Leader","floor":29.0,"turns":6.0},{"damage":3.0,"enemies":"Snake Plant","floor":31.0,"turns":5.0},{"damage":0.0,"enemies":"Snecko","floor":32.0,"turns":5.0},{"damage":0.0,"enemies":"downfall:Ironclad","floor":33.0,"turns":5.0},{"damage":0.0,"enemies":"3 Darklings","floor":36.0,"turns":4.0},{"damage":1.0,"enemies":"Orb Walker","floor":37.0,"turns":5.0},{"damage":0.0,"enemies":"downfall:FleeingMerchant","floor":38.0,"turns":1.0},{"damage":0.0,"enemies":"3 Darklings","floor":39.0,"turns":5.0},{"damage":10.0,"enemies":"Spire Growth","floor":40.0,"turns":4.0},{"damage":52,"enemies":"Reptomancer","floor":43,"turns":6},{"damage":2,"enemies":"Giant Head","floor":45,"turns":7},{"damage":0,"enemies":"Transient","floor":47,"turns":6},{"damage":3,"enemies":"Sphere and 2 Shapes","floor":49,"turns":5},{"damage":0,"enemies":"downfall:Defect","floor":50,"turns":5},{"damage":3,"enemies":"downfall:CharBossMerchant","floor":52,"turns":6},{"damage":0,"enemies":"downfall:NeowBoss","floor":55,"turns":14}],"seed_played":"4366286526922759771","potions_obtained":[{"floor":5.0,"key":"EntropicBrew"},{"floor":14.0,"key":"AttackPotion"},{"floor":16.0,"key":"FearPotion"},{"floor":19.0,"key":"SpeedPotion"},{"floor":23.0,"key":"EntropicBrew"},{"floor":25.0,"key":"Regen Potion"},{"floor":26.0,"key":"hexamod:EctoCoolerPotion"},{"floor":29.0,"key":"Explosive Potion"},{"floor":31.0,"key":"Strength Potion"},{"floor":31.0,"key":"Weak Potion"},{"floor":32.0,"key":"ColorlessPotion"},{"floor":33.0,"key":"Fire Potion"},{"floor":33.0,"key":"Block Potion"},{"floor":36.0,"key":"PowerPotion"},{"floor":36.0,"key":"hexamod:EctoCoolerPotion"},{"floor":39.0,"key":"DistilledChaos"},{"floor":40.0,"key":"Fruit Juice"},{"floor":40.0,"key":"AttackPotion"},{"floor":43,"key":"Energy Potion"},{"floor":43,"key":"Fire Potion"},{"floor":47,"key":"LiquidBronze"},{"floor":49,"key":"Block Potion"},{"floor":52,"key":"EssenceOfSteel"}],"is_trial":false,"path_per_floor":["R","M","M","$","M","?","T","R","E","?","?","R","$","E","M","B",null,"R","M","?","?","M","$","T","?","$","?","R","E","R","M","M","B",null,"R","M","M","$","M","M","T","?","E","$","E","?","M","$","M","B",null,"E","$","R","B",null],"character_chosen":"THE_SPIRIT","items_purchased":["hexamod:FastForward","hexamod:HauntingEcho","hexamod:Haunt","hexamod:InspiringFlames","hexamod:RecurringNightmare"],"campfire_rested":2,"item_purchase_floors":[4,13,26,38,48],"current_hp_per_floor":[57,56,56,56,56,56,56,56,51,51,56,56,46,45,45,41,61,61,58,58,58,43,43,43,36,57,57,57,44,44,78,78,78,78,88,88,87,87,87,82,82,72,27,42,47,47,103,103,100,100,102,99,103,103,103],"gold":128,"neow_bonus":"RANDOM_COLORLESS_2","is_daily":false,"chose_seed":false,"campfire_upgraded":5,"win_rate":0.0,"timestamp":1610630204,"path_taken":["R","M","M","$","M","?","T","R","E","?","?","R","$","E","M","BOSS","R","M","?","?","M","?","T","?","$","?","R","E","R","?","M","BOSS","R","M","M","$","M","M","T","?","E","$","E","?","?","?","M","BOSS","E","$","R","BOSS"],"items_purchased_type":["Card","Card","Card","Card","Card"],"build_version":"2020-12-22","purchased_purges":4,"victory":true,"max_hp_per_floor":[63,63,63,63,63,63,63,63,63,63,68,68,68,68,68,68,68,68,68,68,68,68,68,68,68,68,68,68,68,68,78,78,78,78,88,88,88,88,88,93,93,93,93,93,93,93,103,103,103,103,103,103,103,103,103],"relic_stats":{"Gremlin Horn":[5,5],"counters":[30,147],"Ornamental Fan":[128],"Sundial":[22],"MealTicket":19,"Eternal Feather":0,"Bag of Preparation":[52],"Whetstone":["hexamod:RainOfEmbers","hexamod:Strike"],"obtain_stats":[{"Ice Cream":29,"Lantern":52,"downfall:HeartBlessingRed":35,"Gremlin Horn":45,"hexamod:TheBrokenSeal":31,"downfall:HeartBlessingGreen":18,"Eternal Feather":43,"Bag of Preparation":7,"Whetstone":24,"Matryoshka":14,"Ornamental Fan":9,"downfall:HeartBlessingBlue":35,"Sundial":41,"MealTicket":41,"Fusion Hammer":34,"Red Mask":25,"hexamod:SpiritBrand":0,"hexamod:IceCube":17},{"Ice Cream":15,"Lantern":29,"downfall:HeartBlessingRed":18,"Gremlin Horn":25,"hexamod:TheBrokenSeal":16,"downfall:HeartBlessingGreen":9,"Eternal Feather":24,"Bag of Preparation":4,"Whetstone":12,"Matryoshka":7,"Ornamental Fan":5,"downfall:HeartBlessingBlue":18,"Sundial":23,"MealTicket":23,"Fusion Hammer":18,"Red Mask":13,"hexamod:SpiritBrand":0,"hexamod:IceCube":9},{"Ice Cream":64,"Lantern":133,"downfall:HeartBlessingRed":79,"Gremlin Horn":111,"hexamod:TheBrokenSeal":68,"downfall:HeartBlessingGreen":35,"Eternal Feather":104,"Bag of Preparation":12,"Whetstone":49,"Matryoshka":26,"Ornamental Fan":16,"downfall:HeartBlessingBlue":79,"Sundial":98,"MealTicket":98,"Fusion Hammer":79,"Red Mask":54,"hexamod:SpiritBrand":0,"hexamod:IceCube":35}]},"card_choices":[{"not_picked":["Panache","Thinking Ahead"],"picked":"expansioncontent:DashGenerateEvil","floor":0.0},{"not_picked":["hexamod:Firestarter","hexamod:InspiringFlames"],"picked":"hexamod:RainOfEmbers","floor":2.0},{"not_picked":["hexamod:Hexaguard","hexamod:AdvancingGuard"],"picked":"hexamod:Rewind","floor":3.0},{"not_picked":["hexamod:InspiringFlames","hexamod:Haunt"],"picked":"hexamod:NecessarySacrifice","floor":4.0},{"not_picked":["hexamod:RainOfEmbers","hexamod:FlamesFromBeyond"],"picked":"hexamod:VolcanoVisage","floor":5.0},{"not_picked":["hexamod:GhostShield","hexamod:Haunt"],"picked":"hexamod:GiftsFromTheDead","floor":9.0},{"not_picked":["hexamod:ShieldOfDarkness","hexamod:BurningTouch"],"picked":"hexamod:Hexaguard","floor":13.0},{"not_picked":["hexamod:NightmareGuise","hexamod:NightmareStrike"],"picked":"hexamod:GhostOfSpirePast","floor":14.0},{"not_picked":["hexamod:ShieldOfDarkness","hexamod:AdvancingGuard"],"picked":"hexamod:NightmareGuise","floor":15.0},{"not_picked":["hexamod:TimeWarp","hexamod:HexaLevel"],"picked":"hexamod:FifthSeal","floor":16.0},{"not_picked":["hexamod:ThirdSeal","hexamod:SecondSeal"],"picked":"hexamod:SixthSeal","floor":19.0},{"not_picked":["hexamod:PhantomFireball","hexamod:NightmareStrike+1"],"picked":"hexamod:Hexaguard","floor":19.0},{"not_picked":["hexamod:FirstSeal","hexamod:ThirdSeal"],"picked":"hexamod:FourthSeal","floor":22.0},{"not_picked":["hexamod:BacktrackSmack","hexamod:GhostflameBarrier+1"],"picked":"hexamod:ThermalTransfer+1","floor":22.0},{"not_picked":["hexamod:ThermalTransfer","hexamod:RainOfEmbers","hexamod:NightmareStrike"],"picked":"SKIP","floor":22.0},{"not_picked":["hexamod:HauntingEcho","hexamod:FastForward"],"picked":"hexamod:FourthSeal","floor":23.0},{"not_picked":["hexamod:SecondSeal","hexamod:FourthSeal"],"picked":"hexamod:SixthSeal","floor":23.0},{"not_picked":["hexamod:BurningTouch","hexamod:EmpoweredFlame","hexamod:NecessarySacrifice"],"picked":"SKIP","floor":23.0},{"not_picked":["hexamod:SecondSeal","hexamod:SixthSeal"],"picked":"hexamod:FirstSeal","floor":25.0},{"not_picked":["hexamod:ThermalTransfer","hexamod:RainOfEmbers"],"picked":"hexamod:AdvancingGuard","floor":25.0},{"not_picked":["hexamod:FlamesFromBeyond+1","hexamod:BurningTouch"],"picked":"hexamod:FastForward","floor":26.0},{"not_picked":["hexamod:SwordOfDarkness","hexamod:HauntingEcho"],"picked":"hexamod:SpectersWail","floor":26.0},{"not_picked":["hexamod:FourthSeal","hexamod:ThirdSeal"],"picked":"hexamod:SecondSeal","floor":29.0},{"not_picked":["hexamod:ParanormalForm","hexamod:GhostLash","hexamod:HauntingEcho+1"],"picked":"SKIP","floor":29.0},{"not_picked":["hexamod:GhostShield","hexamod:PhantomFireball","hexamod:Hexaguard+1"],"picked":"SKIP","floor":29.0},{"not_picked":["hexamod:ParanormalForm","hexamod:GhostLash","hexamod:HauntingEcho+1"],"picked":"SKIP","floor":29.0},{"not_picked":["hexamod:GhostShield","hexamod:PhantomFireball","hexamod:Hexaguard+1"],"picked":"SKIP","floor":29.0},{"not_picked":["hexamod:PhantomFireball","hexamod:Hexaguard+1"],"picked":"hexamod:GhostShield","floor":29.0},{"not_picked":["hexamod:ParanormalForm","hexamod:GhostLash","hexamod:HauntingEcho+1"],"picked":"SKIP","floor":29.0},{"not_picked":["hexamod:SecondSeal","hexamod:SixthSeal"],"picked":"hexamod:FourthSeal","floor":31.0},{"not_picked":["hexamod:HeatCrush","hexamod:FastForward","hexamod:GhostLash"],"picked":"SKIP","floor":31.0},{"not_picked":["hexamod:RetreatToShadows","hexamod:NightmareGuise+1"],"picked":"hexamod:ThirdSeal","floor":32.0},{"not_picked":["hexamod:SixthSeal","hexamod:Toasty"],"picked":"hexamod:WildfireWeapon","floor":33.0},{"not_picked":["hexamod:HeatMetal","hexamod:SpectralAdrenaline","hexamod:NightmareGuise"],"picked":"SKIP","floor":36.0},{"not_picked":["hexamod:Hexaguard","hexamod:ShieldOfDarkness+1","hexamod:HauntingEcho"],"picked":"SKIP","floor":36.0},{"not_picked":["hexamod:Hexaguard+1","hexamod:FastForward","hexamod:GhostShield"],"picked":"SKIP","floor":37.0},{"not_picked":["hexamod:NightmareGuise","hexamod:ChargedBarrage+1","hexamod:RainOfEmbers+1"],"picked":"SKIP","floor":37.0},{"not_picked":["hexamod:ChargedBarrage","hexamod:Firestarter","hexamod:GhostLash"],"picked":"SKIP","floor":39.0},{"not_picked":["hexamod:ThermalTransfer+1","hexamod:BurningTouch","hexamod:SpectralAdrenaline"],"picked":"SKIP","floor":39.0},{"not_picked":["hexamod:GhostOfSpirePresent","hexamod:EtherealExpedition"],"picked":"hexamod:FirstSeal","floor":40.0},{"not_picked":["hexamod:GhostShield","hexamod:HauntingEcho"],"picked":"hexamod:RetreatToShadows+1","floor":40.0},{"not_picked":["expansioncontent:PolyBeam","expansioncontent:Collect"],"picked":"expansioncontent:DefensiveStance","floor":42.0},{"not_picked":["expansioncontent:BronzeBeam","expansioncontent:HyperBeam"],"picked":"expansioncontent:DefensiveStance","floor":42.0},{"not_picked":["hexamod:SpectralSpark","hexamod:GhostLash+1"],"picked":"hexamod:Rewind","floor":43},{"not_picked":["hexamod:HeatMetal","hexamod:BacktrackSmack+1"],"picked":"hexamod:FifthSeal","floor":43},{"not_picked":["hexamod:FirstSeal","hexamod:FourthSeal"],"picked":"hexamod:SecondSeal","floor":45},{"not_picked":["hexamod:GhostflameInferno","hexamod:AdvancingGuard+1","hexamod:FlamesFromBeyond"],"picked":"SKIP","floor":45},{"not_picked":["hexamod:CatchUp+1","hexamod:FastForward","hexamod:PhantomFireball"],"picked":"SKIP","floor":45},{"not_picked":["hexamod:GhostLash","hexamod:SoulSteal","hexamod:PhantomCloak"],"picked":"SKIP","floor":47},{"not_picked":["hexamod:GhostLash","hexamod:SoulSteal","hexamod:PhantomCloak"],"picked":"SKIP","floor":47},{"not_picked":["hexamod:PhantomFireball","hexamod:ApocalypticArmor","hexamod:ThermalTransfer"],"picked":"SKIP","floor":49},{"not_picked":["hexamod:PhantomFireball","hexamod:ApocalypticArmor"],"picked":"hexamod:ThermalTransfer","floor":49},{"not_picked":["hexamod:GhostLash","hexamod:SpectralAdrenaline","hexamod:GhostShield"],"picked":"SKIP","floor":52}],"player_experience":3193517,"relics_obtained":[{"floor":7.0,"key":"Bag of Preparation"},{"floor":9.0,"key":"Ornamental Fan"},{"floor":14.0,"key":"Matryoshka"},{"floor":24.0,"key":"Whetstone"},{"floor":25.0,"key":"Red Mask"},{"floor":29.0,"key":"Ice Cream"},{"floor":41.0,"key":"MealTicket"},{"floor":41.0,"key":"Sundial"},{"floor":43,"key":"Eternal Feather"},{"floor":45,"key":"Gremlin Horn"},{"floor":52,"key":"Lantern"}],"event_choices":[{"damage_healed":0.0,"max_hp_gain":5.0,"max_hp_loss":0.0,"gold_gain":0.0,"event_name":"Big Fish","player_choice":"Donut","floor":11.0,"gold_loss":0.0,"damage_taken":0.0},{"damage_healed":0.0,"max_hp_gain":0.0,"max_hp_loss":0.0,"gold_gain":0.0,"event_name":"The Library","player_choice":"Read","floor":20.0,"gold_loss":0.0,"damage_taken":0.0,"cards_obtained":["hexamod:RecurringNightmare"]},{"damage_healed":0.0,"max_hp_gain":0.0,"max_hp_loss":0.0,"gold_gain":0.0,"event_name":"Masked Bandits","player_choice":"Fought Bandits","floor":25.0,"gold_loss":0.0,"damage_taken":0.0},{"damage_healed":0.0,"max_hp_gain":0.0,"max_hp_loss":0.0,"gold_gain":0.0,"event_name":"Duplicator","player_choice":"Copied","floor":27.0,"gold_loss":0.0,"damage_taken":0.0,"cards_obtained":["hexamod:GhostOfSpirePast"]},{"cards_removed":["hexamod:Defend"],"damage_healed":0,"gold_gain":0,"player_choice":"Purged","damage_taken":0,"max_hp_gain":0,"max_hp_loss":0,"event_name":"Purifier","floor":46,"gold_loss":0}],"is_beta":false,"boss_relics":[{"not_picked":["SacredBark","Cursed Key"],"picked":"hexamod:IceCube"},{"not_picked":["sneckomod:SneckoTalon","Astrolabe"],"picked":"Fusion Hammer"}],"items_purged_floors":[4,13,38,44],"is_endless":false,"potions_floor_spawned":[5,14,16,19,29,31,32,33,37,39,40,43,52],"ascension_level":20}}