{"host":"91ruqvp7hiryodqd","time":1610637988,"event":{"mods":["AchievementEnabler","BaseMod","Colored Map","Colored Powertips","Minty Spire (QoL Compilation)","Relic Stats","StSLib"],"gold_per_floor":[113,130,130,230,242,242,260,271,271,286,300,375,375,77,77,177,177,188,204,104,121,46,46,62,62,62,62,62,62,81,112,112,211,211,231,248,265,276,276,276,296,296,296,42,42,54,54,71,71,71,71],"floor_reached":50,"language":"ENG","playtime":2673,"items_purged":["Strike_G","Strike_G"],"score":633,"play_id":"1e500a16-6934-4f96-b5b2-45d46e1f21c2","local_time":"20210114222628","daily_mods":["Diverse"],"is_ascension_mode":false,"campfire_choices":[{"data":"Neutralize","floor":6,"key":"SMITH"},{"data":"Reprogram","floor":13,"key":"SMITH"},{"data":"Recycle","floor":15,"key":"SMITH"},{"data":"Leg Sweep","floor":23,"key":"SMITH"},{"data":"Offering","floor":25,"key":"SMITH"},{"data":"Go for the Eyes","floor":27,"key":"SMITH"},{"data":"1","floor":29,"key":"LIFT"},{"floor":32,"key":"REST"},{"floor":40,"key":"REST"},{"floor":42,"key":"REST"},{"floor":45,"key":"REST"},{"data":"Double Tap","floor":47,"key":"SMITH"},{"floor":49,"key":"REST"}],"circlet_count":0,"master_deck":["Defend_G","Survivor","Neutralize+1","Go for the Eyes+1","True Grit+1","Reprogram+1","Leap","Double Tap+1","Recycle+1","Offering+1","Immolate+1","Consecrate+1","FTL+1","Prepared+1","Leg Sweep+1","Backflip+1","Shockwave","Hyperbeam","Hologram","Terror+1","CutThroughFate","Prostrate+1","Concentrate+1","Heel Hook+1"],"relics":["Ring of the Snake","Sundial","Orichalcum","Astrolabe","Girya","Bag of Preparation","Empty Cage","White Beast Statue","Meat on the Bone"],"acts_visited":["Exordium","TheCity","TheBeyond"],"potions_floor_usage":[16,16,21,31,31,33,38,50,50,50],"damage_taken":[{"damage":0,"enemies":"Small Slimes","floor":1,"turns":5},{"damage":0,"enemies":"2 Louse","floor":2,"turns":4},{"damage":0,"enemies":"Cultist","floor":5,"turns":4},{"damage":0,"enemies":"Exordium Wildlife","floor":7,"turns":5},{"damage":9,"enemies":"Exordium Thugs","floor":8,"turns":5},{"damage":1,"enemies":"Blue Slaver","floor":10,"turns":4},{"damage":8,"enemies":"2 Fungi Beasts","floor":11,"turns":5},{"damage":17,"enemies":"The Guardian","floor":16,"turns":18},{"damage":0,"enemies":"3 Byrds","floor":18,"turns":2},{"damage":5,"enemies":"Spheric Guardian","floor":19,"turns":4},{"damage":6,"enemies":"Shelled Parasite and Fungi","floor":21,"turns":4},{"damage":9,"enemies":"Sentry and Sphere","floor":24,"turns":3},{"damage":6,"enemies":"Cultist and Chosen","floor":30,"turns":2},{"damage":6,"enemies":"Slavers","floor":31,"turns":1},{"damage":42,"enemies":"Automaton","floor":33,"turns":10},{"damage":9,"enemies":"Orb Walker","floor":35,"turns":2},{"damage":20,"enemies":"3 Darklings","floor":36,"turns":4},{"damage":33,"enemies":"Transient","floor":37,"turns":5},{"damage":6,"enemies":"Maw","floor":38,"turns":6},{"damage":6,"enemies":"Spire Growth","floor":41,"turns":5},{"damage":6,"enemies":"Transient","floor":46,"turns":5},{"damage":17,"enemies":"Sphere and 2 Shapes","floor":48,"turns":4},{"damage":75,"enemies":"Time Eater","floor":50,"turns":11}],"seed_played":"-1824214427050925958","potions_obtained":[{"floor":2,"key":"Regen Potion"},{"floor":7,"key":"SneckoOil"},{"floor":16,"key":"Swift Potion"},{"floor":21,"key":"DistilledChaos"},{"floor":24,"key":"Poison Potion"},{"floor":30,"key":"CultistPotion"},{"floor":35,"key":"Dexterity Potion"},{"floor":41,"key":"Weak Potion"},{"floor":46,"key":"Explosive Potion"},{"floor":48,"key":"DistilledChaos"}],"is_trial":true,"path_per_floor":["M","M","?","?","M","R","M","M","T","M","M","?","R","$","R","B",null,"M","M","$","M","?","R","M","R","T","R","?","R","M","E","R","B",null,"M","M","M","M","?","R","M","R","T","$","R","M","R","M","R","B"],"character_chosen":"THE_SILENT","items_purchased":["Orichalcum","Recycle","Meat on the Bone"],"campfire_rested":5,"item_purchase_floors":[14,14,44],"current_hp_per_floor":[70,70,70,70,70,70,70,61,61,60,52,45,45,45,45,43,70,70,65,65,59,59,59,50,50,50,50,50,50,44,38,59,17,70,61,41,8,2,2,23,17,38,38,38,59,53,53,36,57,0,0],"gold":71,"neow_bonus":"","is_daily":false,"chose_seed":false,"campfire_upgraded":7,"win_rate":0.0,"timestamp":1610637988,"path_taken":["M","M","?","?","M","R","M","M","T","?","M","?","R","?","R","BOSS","M","M","$","M","?","R","M","R","T","R","?","R","M","E","R","BOSS","M","M","M","M","?","R","M","R","T","$","R","M","R","M","R","BOSS"],"items_purchased_type":["Relic","Card","Relic"],"build_version":"2020-12-22","purchased_purges":2,"victory":false,"max_hp_per_floor":[70,70,70,70,70,70,70,70,70,70,70,70,70,70,70,70,70,70,70,70,70,70,70,70,70,70,70,70,70,70,70,70,70,70,70,70,70,70,70,70,70,70,70,70,70,70,70,70,70,70,70],"relic_stats":{"counters":[23,118],"Sundial":[22],"Astrolabe":["Immolate","Consecrate","FTL"],"Bag of Preparation":[18],"Orichalcum":[114],"obtain_stats":[{"Girya":26,"Sundial":9,"Astrolabe":17,"Bag of Preparation":31,"Orichalcum":14,"Empty Cage":34,"White Beast Statue":43,"Ring of the Snake":0,"Meat on the Bone":44},{"Girya":12,"Sundial":5,"Astrolabe":8,"Bag of Preparation":14,"Orichalcum":7,"Empty Cage":15,"White Beast Statue":20,"Ring of the Snake":0,"Meat on the Bone":20},{"Girya":63,"Sundial":23,"Astrolabe":50,"Bag of Preparation":66,"Orichalcum":32,"Empty Cage":76,"White Beast Statue":98,"Ring of the Snake":0,"Meat on the Bone":98}],"Ring of the Snake":[46],"Meat on the Bone":0},"card_choices":[{"not_picked":["EmptyFist","Quick Slash"],"picked":"Go for the Eyes","floor":1},{"not_picked":["PathToVictory","Headbutt"],"picked":"True Grit","floor":2},{"not_picked":["Clothesline","WreathOfFlame","BootSequence"],"picked":"SKIP","floor":5},{"not_picked":["Finisher","Clash"],"picked":"Reprogram","floor":7},{"not_picked":["Chaos","Static Discharge","Redo"],"picked":"SKIP","floor":8},{"not_picked":["Defragment","ClearTheMind"],"picked":"Leap","floor":10},{"not_picked":["Dagger Spray","Prepared"],"picked":"Double Tap","floor":11},{"not_picked":["Meteor Strike","Electrodynamics"],"picked":"Offering","floor":16},{"not_picked":["Flying Knee+1","Quick Slash","Entrench"],"picked":"SKIP","floor":18},{"not_picked":["Twin Strike+1","Acrobatics"],"picked":"Prepared+1","floor":19},{"not_picked":["BowlingBash","Sword Boomerang+1"],"picked":"Leg Sweep","floor":21},{"not_picked":["Pummel","Fasting2"],"picked":"Backflip+1","floor":24},{"not_picked":["Heatsinks","Poisoned Stab+1","Riddle With Holes"],"picked":"SKIP","floor":30},{"not_picked":["After Image","Wallop"],"picked":"Shockwave","floor":31},{"not_picked":["Multi-Cast","Impervious"],"picked":"Hyperbeam","floor":33},{"not_picked":["Pray","Auto Shields+1"],"picked":"Hologram","floor":35},{"not_picked":["Iron Wave","Underhanded Strike"],"picked":"Terror+1","floor":36},{"not_picked":["Redo+1","Cleave"],"picked":"CutThroughFate","floor":37},{"not_picked":["CarveReality","Clash+1"],"picked":"Prostrate+1","floor":38},{"not_picked":["Masterful Stab+1","Deadly Poison+1","Beam Cell+1"],"picked":"SKIP","floor":41},{"not_picked":["Alpha","Dropkick"],"picked":"Concentrate+1","floor":46},{"not_picked":["Beam Cell+1","Body Slam+1"],"picked":"Heel Hook+1","floor":48}],"player_experience":69865,"relics_obtained":[{"floor":9,"key":"Sundial"},{"floor":26,"key":"Girya"},{"floor":31,"key":"Bag of Preparation"},{"floor":43,"key":"White Beast Statue"}],"event_choices":[{"damage_healed":0,"gold_gain":0,"player_choice":"Grow","damage_taken":0,"max_hp_gain":0,"max_hp_loss":0,"event_name":"Living Wall","floor":3,"gold_loss":0,"cards_upgraded":["True Grit"]},{"damage_healed":0,"gold_gain":100,"player_choice":"Gold","damage_taken":0,"max_hp_gain":0,"max_hp_loss":0,"event_name":"Wheel of Change","floor":4,"gold_loss":0},{"damage_healed":0,"gold_gain":75,"player_choice":"Touch","damage_taken":7,"max_hp_gain":0,"max_hp_loss":0,"event_name":"FaceTrader","floor":12,"gold_loss":0},{"cards_removed":["Defend_G"],"damage_healed":0,"gold_gain":0,"player_choice":"Gave Gold","damage_taken":0,"max_hp_gain":0,"max_hp_loss":0,"event_name":"Beggar","floor":22,"gold_loss":75},{"damage_healed":0,"gold_gain":0,"player_choice":"Ignored","damage_taken":0,"max_hp_gain":0,"max_hp_loss":0,"event_name":"The Mausoleum","floor":28,"gold_loss":0},{"cards_removed":["Strike_G"],"damage_healed":0,"gold_gain":0,"player_choice":"Removed Attack","damage_taken":0,"max_hp_gain":0,"max_hp_loss":0,"event_name":"Falling","floor":39,"gold_loss":0}],"is_beta":false,"boss_relics":[{"not_picked":["Runic Dome","Philosopher\u0027s Stone"],"picked":"Astrolabe"},{"not_picked":["Fusion Hammer","Pandora\u0027s Box"],"picked":"Empty Cage"}],"items_purged_floors":[14,20],"is_endless":true,"potions_floor_spawned":[2,7,16,21,24,30,35,41,46,48],"killed_by":"Time Eater","ascension_level":0}}