{"host":"qwv9nni2x0umspiu","time":1610611896,"event":{"mods":["BaseMod","Downfall","Minty Spire (QoL Compilation)","Replay The Spire","StSLib","The Hierophant","Wandering Minibosses"],"gold_per_floor":[113,113,138,213,138,169,70,98,98,113,108,108,123,136,136,198,198,292,382,297,310,310,416,416,524,524,614,700,700,798,888,888,1019,1019,1089,1179,275,275,150,150,150,150,150,258,67,67,165,257,257,237,237,237,237,153,267,267],"floor_reached":57,"language":"ENG","playtime":2292,"items_purged":["hierophant:Defend_Hierophant","hierophant:Strike_Hierophant","hierophant:Strike_Hierophant","hierophant:Strike_Hierophant"],"score":2837,"play_id":"0c564c19-e848-43d0-b737-d2088fde0c88","local_time":"20210114001136","is_ascension_mode":true,"campfire_choices":[{"data":"hierophant:ChurchCoffers","floor":12.0,"key":"SMITH"},{"data":"hierophant:Punish","floor":15.0,"key":"SMITH"},{"data":"hierophant:HammerAndAnvil","floor":24.0,"key":"SMITH"},{"floor":29,"key":"REST"},{"data":"1","floor":32,"key":"LIFT"},{"data":"2","floor":40,"key":"LIFT"},{"data":"hierophant:Shelter","floor":42,"key":"SMITH"},{"floor":46,"key":"RECALL"},{"data":"3","floor":49,"key":"LIFT"},{"data":"hierophant:ArchangelShield","floor":53,"key":"SMITH"}],"circlet_count":0,"master_deck":["AscendersBane","hierophant:Strike_Hierophant","hierophant:Punish+1","hierophant:Defend_Hierophant","hierophant:Defend_Hierophant","hierophant:ChurchCoffers+1","hierophant:Shelter+1","hierophant:HammerAndAnvil+1","hierophant:Zeal","hierophant:SealAway+1","hierophant:Exaltation+1","hierophant:Exaltation+1","hierophant:Chorus+1","hierophant:Smite","hierophant:HammerAndAnvil+1","hierophant:BulkyChest+1","hierophant:ChurchCoffers+1","hierophant:Determination","hierophant:Upheaval+1","hierophant:Upheaval+1","hierophant:ArchangelShield+1","hierophant:Racketeering+1","hierophant:Shelter+1","hierophant:Alms+1"],"relics":["hierophant:PropheticMaskRelic","NeowsBlessing","ReplayTheSpireMod:TigerMarble","Meat on the Bone","Toxic Egg 2","ReplayTheSpireMod:Shallot","Replay:Ringing Soul","Philosopher\u0027s Stone","Omamori","Lizard Tail","Girya","Strawberry","Oddly Smooth Stone","wanderingMiniBosses:ThiefScarf","Ring of Chaos","Molten Egg 2","HandDrill","Replay:Towering Pillar of Hats","Durian","Akabeko","Art of War"],"acts_visited":["Exordium","TheCity","TheBeyond","TheEnding"],"potions_floor_usage":[30,33,36,44,56],"damage_taken":[{"damage":0.0,"enemies":"Cultist","floor":1.0,"turns":1.0},{"damage":0.0,"enemies":"3 Sentries","floor":6.0,"turns":1.0},{"damage":0.0,"enemies":"Gremlin Nob","floor":8.0,"turns":1.0},{"damage":1.0,"enemies":"Jaw Worm","floor":10.0,"turns":2.0},{"damage":6.0,"enemies":"Lagavulin","floor":11.0,"turns":4.0},{"damage":0.0,"enemies":"2 Louse","floor":13.0,"turns":1.0},{"damage":0.0,"enemies":"Looter","floor":14.0,"turns":1.0},{"damage":0.0,"enemies":"The Guardian","floor":16.0,"turns":2.0},{"damage":0.0,"enemies":"Shell Parasite","floor":18.0,"turns":2.0},{"damage":0.0,"enemies":"Spheric Guardian","floor":19.0,"turns":2.0},{"damage":24.0,"enemies":"Book of Stabbing","floor":23.0,"turns":4.0},{"damage":30.0,"enemies":"Gremlin Leader","floor":25.0,"turns":4.0},{"damage":0.0,"enemies":"Snake Plant","floor":27.0,"turns":1.0},{"damage":0,"enemies":"Book of Stabbing","floor":28,"turns":3},{"damage":15,"enemies":"Shelled Parasite and Fungi","floor":30,"turns":3},{"damage":0,"enemies":"Centurion and Healer","floor":31,"turns":2},{"damage":0,"enemies":"Automaton","floor":33,"turns":2},{"damage":0,"enemies":"Orb Walker","floor":35,"turns":4},{"damage":2,"enemies":"3 Shapes","floor":36,"turns":3},{"damage":27,"enemies":"Reptomancer","floor":44,"turns":4},{"damage":0,"enemies":"Sphere and 2 Shapes","floor":47,"turns":1},{"damage":0,"enemies":"Maw","floor":48,"turns":2},{"damage":0,"enemies":"Time Eater","floor":50,"turns":3},{"damage":0,"enemies":"Replay:Hell Engine","floor":51,"turns":1},{"damage":52,"enemies":"Shield and Spear","floor":55,"turns":3},{"damage":140,"enemies":"The Heart","floor":56,"turns":6}],"seed_played":"2563319853970234964","potions_obtained":[{"floor":1.0,"key":"AttackPotion"},{"floor":10.0,"key":"EssenceOfSteel"},{"floor":11.0,"key":"CultistPotion"},{"floor":18.0,"key":"Explosive Potion"},{"floor":28,"key":"Adrenaline Potion"},{"floor":33,"key":"Energy Potion"},{"floor":35,"key":"DistilledChaos"},{"floor":36,"key":"ColorlessPotion"},{"floor":47,"key":"LiquidBronze"}],"is_trial":false,"path_per_floor":["M","?","T","?","$","E","$","E","T","M","E","R","M","M","R","B",null,"M","M","?","?","?","E","R","E","T","M","E","R","M","M","R","B",null,"M","M","$","?","$","R","?","R","T","E","$","R","M","M","R","B","B",null,"R","$","E","B",null],"character_chosen":"HIEROPHANT","items_purchased":["hierophant:Zeal","hierophant:SealAway+1","Molten Egg 2","hierophant:Upheaval+1","HandDrill","Replay:Towering Pillar of Hats","hierophant:ArchangelShield","hierophant:Alms+1"],"campfire_rested":1,"item_purchase_floors":[7,7,37,37,37,37,45,54],"current_hp_per_floor":[68,68,68,57,57,57,57,57,57,56,53,53,56,59,59,62,81,81,87,87,87,90,66,66,55,55,55,55,84,69,69,69,72,93,97,95,98,98,98,98,98,98,103,76,79,79,82,85,85,85,110,115,115,118,120,54],"gold":267,"neow_bonus":"THREE_ENEMY_KILL","is_daily":false,"chose_seed":false,"campfire_upgraded":5,"win_rate":0.0,"timestamp":1610611896,"path_taken":["M","?","?","?","$","E","$","E","T","M","E","R","M","M","R","BOSS","M","M","?","?","?","E","R","E","T","M","E","R","M","M","R","BOSS","M","?","$","?","$","R","?","R","T","E","$","R","M","M","R","BOSS","BOSS","R","$","E","BOSS"],"items_purchased_type":["Card","Card","Relic","Card","Relic","Relic","Card","Card"],"build_version":"2020-12-22","purchased_purges":4,"victory":true,"max_hp_per_floor":[75,75,75,75,75,75,75,75,75,75,78,78,81,84,84,87,87,87,87,87,87,90,90,90,97,97,97,97,97,97,97,97,100,100,100,100,103,103,103,103,103,103,108,108,111,111,114,117,117,117,117,117,117,120,120,120],"card_choices":[{"not_picked":["hierophant:Martyrdom","hierophant:Endure"],"picked":"hierophant:Shelter","floor":1.0},{"not_picked":["hierophant:PristineSoul","hierophant:Empathy"],"picked":"hierophant:HammerAndAnvil","floor":6.0},{"not_picked":["hierophant:FieryStrike","hierophant:Repentance+1"],"picked":"hierophant:Exaltation+1","floor":8.0},{"not_picked":["hierophant:Remorse","hierophant:Prophecy+1"],"picked":"hierophant:Exaltation+1","floor":10.0},{"not_picked":["hierophant:Invocation+1","hierophant:Prophecy+1"],"picked":"hierophant:Chorus+1","floor":11.0},{"not_picked":["hierophant:MorningPrayer+1","hierophant:AuricBeam"],"picked":"hierophant:Smite","floor":13.0},{"not_picked":["hierophant:AuricBeam","hierophant:Patience+1"],"picked":"hierophant:HammerAndAnvil+1","floor":14.0},{"not_picked":["hierophant:Generosity","hierophant:Kindle+1"],"picked":"hierophant:BulkyChest+1","floor":16.0},{"not_picked":["hierophant:SealAway","hierophant:ThreeLashes","hierophant:Repentance+1"],"picked":"SKIP","floor":18.0},{"not_picked":["hierophant:EyeForCoin+1","hierophant:Prophecy+1","hierophant:DisplayOfPower"],"picked":"SKIP","floor":19.0},{"not_picked":["hierophant:Sermon+1","hierophant:WrathOfGod","hierophant:Invocation+1"],"picked":"SKIP","floor":23.0},{"not_picked":["hierophant:FieryStrike","hierophant:Bribe+1","hierophant:HammerAndAnvil+1"],"picked":"SKIP","floor":25.0},{"not_picked":["hierophant:AuricBeam","hierophant:RustyCrate+1","hierophant:PassingBell"],"picked":"SKIP","floor":27.0},{"not_picked":["hierophant:Martyrdom","hierophant:Prophecy+1","hierophant:Purify"],"picked":"SKIP","floor":28},{"not_picked":["hierophant:Shelter+1","hierophant:Charity+1","hierophant:LocustPlague"],"picked":"SKIP","floor":30},{"not_picked":["hierophant:AuricBeam","hierophant:RustyCrate+1","hierophant:MorningPrayer+1"],"picked":"SKIP","floor":31},{"not_picked":["hierophant:Kindle+1","hierophant:LocustPlague"],"picked":"hierophant:Determination","floor":33},{"not_picked":["hierophant:RepressedViolence","hierophant:FieryStrike","hierophant:AuricBeam"],"picked":"SKIP","floor":35},{"not_picked":["hierophant:Remorse","hierophant:HammerAndAnvil+1","hierophant:RustyCrate+1"],"picked":"SKIP","floor":36},{"not_picked":["hierophant:Embezzle+1","hierophant:Dazzle+1","hierophant:RustyCrate+1"],"picked":"SKIP","floor":44},{"not_picked":["hierophant:HammerAndAnvil+1","hierophant:OrnateJavelin+1"],"picked":"hierophant:Racketeering+1","floor":47},{"not_picked":["hierophant:Smite+1","hierophant:Zeal+1"],"picked":"hierophant:Shelter+1","floor":48},{"not_picked":["hierophant:RustyCrate+1","hierophant:Shelter+1","hierophant:Blessing+1"],"picked":"SKIP","floor":55}],"player_experience":1357443,"relics_obtained":[{"floor":3.0,"key":"ReplayTheSpireMod:TigerMarble"},{"floor":6.0,"key":"Meat on the Bone"},{"floor":8.0,"key":"Toxic Egg 2"},{"floor":9.0,"key":"ReplayTheSpireMod:Shallot"},{"floor":11.0,"key":"Replay:Ringing Soul"},{"floor":21.0,"key":"Lizard Tail"},{"floor":23.0,"key":"Girya"},{"floor":25.0,"key":"Strawberry"},{"floor":28,"key":"Oddly Smooth Stone"},{"floor":30,"key":"wanderingMiniBosses:ThiefScarf"},{"floor":43,"key":"Durian"},{"floor":44,"key":"Akabeko"},{"floor":55,"key":"Art of War"}],"event_choices":[{"damage_healed":0.0,"max_hp_gain":0.0,"max_hp_loss":0.0,"gold_gain":0.0,"event_name":"Liars Game","player_choice":"Ignored","floor":2.0,"gold_loss":0.0,"damage_taken":0.0},{"damage_healed":0.0,"max_hp_gain":0.0,"max_hp_loss":0.0,"gold_gain":75.0,"event_name":"World of Goop","player_choice":"Gather Gold","floor":4.0,"gold_loss":0.0,"damage_taken":11.0},{"damage_healed":0.0,"max_hp_gain":0.0,"max_hp_loss":0.0,"gold_gain":0.0,"event_name":"Addict","player_choice":"Obtained Relic","floor":20.0,"gold_loss":85.0,"damage_taken":0.0,"relics_obtained":["Omamori"]},{"damage_healed":0.0,"max_hp_gain":0.0,"max_hp_loss":0.0,"gold_gain":0.0,"event_name":"Duplicator","player_choice":"Copied","floor":22.0,"gold_loss":0.0,"damage_taken":0.0,"cards_obtained":["hierophant:ChurchCoffers"]},{"damage_healed":0,"gold_gain":0,"player_choice":"Ignored","damage_taken":0,"max_hp_gain":0,"max_hp_loss":0,"event_name":"Tomb of Lord Red Mask","floor":38,"gold_loss":0},{"cards_removed":["hierophant:Defend_Hierophant"],"damage_healed":0,"gold_gain":0,"player_choice":"Removed Skill","damage_taken":0,"max_hp_gain":0,"max_hp_loss":0,"event_name":"Falling","floor":41,"gold_loss":0}],"is_beta":false,"boss_relics":[{"not_picked":["SacredBark","Sozu"],"picked":"Philosopher\u0027s Stone"},{"not_picked":["Fusion Hammer","Snecko Eye"],"picked":"Ring of Chaos"}],"items_purged_floors":[5,37,39,45],"is_endless":false,"potions_floor_spawned":[1,10,11,18,23,28,33,35,36,47],"ascension_level":20}}