{"host":"dftyqn972q7tuon4","time":1610588722,"event":{"mods":["AchievementEnabler","BaseMod","Better Altar","Better Match","Better Note","Better Sensory Stone","Better Skull","Better Third Choice","Colored Powertips","Highlight Path","Minty Spire (QoL Compilation)","Permanent Neow","Quick Restart","StSLib"],"gold_per_floor":[109,109,109,124,139,172,172,183,183,183,208,12,12,30,30,30,30],"floor_reached":16,"language":"ENG","playtime":708,"items_purged":["Eruption"],"score":140,"play_id":"01e92a7e-653e-4b44-9824-e1a5d7cc628f","local_time":"20210114024522","is_ascension_mode":true,"campfire_choices":[{"data":"ThirdEye","floor":7,"key":"SMITH"},{"data":"SashWhip","floor":10,"key":"SMITH"},{"data":"ThirdEye","floor":13,"key":"SMITH"},{"data":"MentalFortress","floor":15,"key":"SMITH"}],"circlet_count":0,"master_deck":["Strike_P","Strike_P","Strike_P","Defend_P","Defend_P","Defend_P","Defend_P","Vigilance","Conclude","FearNoEvil","EmptyBody","ThirdEye+1","SashWhip+1","ThirdEye+1","MentalFortress+1"],"relics":["PureWater","Turnip","The Courier","Sundial","Damaru","Lee\u0027s Waffle"],"acts_visited":["Exordium"],"potions_floor_usage":[],"damage_taken":[{"damage":0,"enemies":"2 Louse","floor":1,"turns":2},{"damage":0,"enemies":"Cultist","floor":4,"turns":2},{"damage":7,"enemies":"Jaw Worm","floor":5,"turns":3},{"damage":13,"enemies":"Gremlin Nob","floor":6,"turns":4},{"damage":0,"enemies":"Red Slaver","floor":8,"turns":4},{"damage":5,"enemies":"Lots of Slimes","floor":14,"turns":4},{"damage":65,"enemies":"Hexaghost","floor":16,"turns":15}],"seed_played":"-861604371692165729","potions_obtained":[{"floor":1,"key":"CultistPotion"},{"floor":5,"key":"Weak Potion"},{"floor":8,"key":"SmokeBomb"},{"floor":14,"key":"Ambrosia"}],"is_trial":false,"path_per_floor":["M","?","?","M","M","E","R","M","T","R","T","$","R","M","R","B"],"character_chosen":"WATCHER","items_purchased":["Lee\u0027s Waffle","ThirdEye"],"campfire_rested":0,"item_purchase_floors":[12,12],"current_hp_per_floor":[65,58,58,58,51,38,38,38,38,38,38,79,79,74,74,9,9],"gold":30,"neow_bonus":"THREE_CARDS","is_daily":false,"chose_seed":false,"campfire_upgraded":4,"win_rate":0.0,"timestamp":1610588722,"path_taken":["M","?","?","M","?","E","R","M","T","R","?","$","R","?","R","BOSS"],"items_purchased_type":["Relic","Card"],"build_version":"2020-12-22","purchased_purges":1,"victory":false,"max_hp_per_floor":[72,72,72,72,72,72,72,72,72,72,72,79,79,79,79,79,79],"card_choices":[{"not_picked":["EmptyBody","JustLucky"],"picked":"Conclude","floor":0},{"not_picked":["EmptyBody","BowlingBash"],"picked":"Prostrate","floor":1},{"not_picked":["Fasting2","ThirdEye"],"picked":"FearNoEvil","floor":4},{"not_picked":["ThirdEye","Crescendo"],"picked":"EmptyBody","floor":5},{"not_picked":["LikeWater","WreathOfFlame"],"picked":"ThirdEye","floor":6},{"not_picked":["BowlingBash","Prostrate"],"picked":"SashWhip","floor":8},{"not_picked":["Halt","Protect"],"picked":"MentalFortress","floor":14}],"player_experience":645250,"relics_obtained":[{"floor":6,"key":"The Courier"},{"floor":9,"key":"Sundial"},{"floor":11,"key":"Damaru"}],"event_choices":[{"cards_removed":["Strike_P"],"damage_healed":0,"gold_gain":0,"player_choice":"Card Removal","damage_taken":7,"max_hp_gain":0,"max_hp_loss":0,"event_name":"Golden Wing","floor":2,"gold_loss":0},{"cards_removed":["Prostrate"],"damage_healed":0,"gold_gain":0,"player_choice":"Gave Card","damage_taken":0,"relics_obtained":["Turnip"],"max_hp_gain":0,"max_hp_loss":0,"event_name":"WeMeetAgain","floor":3,"gold_loss":0}],"is_beta":false,"boss_relics":[],"items_purged_floors":[12],"is_endless":false,"potions_floor_spawned":[1,5,8,14],"killed_by":"Hexaghost","ascension_level":8}}