{"host":"21h5e52imz35vo8g","time":1610611341,"event":{"mods":["AchievementEnabler","BaseMod","Colored Map","Colored Powertips","Googly Eyes","Minty Spire (QoL Compilation)","Quick Restart","Rare Cards Sparkle","StSLib"],"gold_per_floor":[116,38,38,53,53,88,88,88,88,88,104,104,104],"floor_reached":12,"language":"ZHS","playtime":212,"items_purged":[],"score":131,"play_id":"1c181339-9432-475c-894a-7073d0705f14","local_time":"20210114160221","is_ascension_mode":true,"campfire_choices":[{"data":"Acrobatics","floor":8,"key":"SMITH"},{"data":"Noxious Fumes","floor":10,"key":"SMITH"}],"circlet_count":0,"master_deck":["Strike_G","Strike_G","Strike_G","Strike_G","Strike_G","Defend_G","Defend_G","Defend_G","Defend_G","Survivor","Neutralize","Noxious Fumes+1","Acrobatics+1","Deadly Poison"],"relics":["Ring of the Snake","NeowsBlessing","Unceasing Top","HornCleat","Bottled Lightning"],"acts_visited":["Exordium"],"potions_floor_usage":[],"damage_taken":[{"damage":0,"enemies":"2 Louse","floor":1,"turns":1},{"damage":0,"enemies":"Cultist","floor":4,"turns":1},{"damage":0,"enemies":"Lagavulin","floor":6,"turns":1},{"damage":0,"enemies":"Small Slimes","floor":11,"turns":4},{"damage":28,"enemies":"Gremlin Nob","floor":12,"turns":4}],"seed_played":"2393774401586466128","potions_obtained":[{"floor":6,"key":"Explosive Potion"}],"is_trial":false,"path_per_floor":["M","$","?","M","$","E","?","R","T","R","M","E"],"character_chosen":"THE_SILENT","items_purchased":["Reflex"],"campfire_rested":0,"item_purchase_floors":[2],"current_hp_per_floor":[63,63,63,63,63,63,63,63,63,63,63,35,35],"gold":104,"neow_bonus":"THREE_ENEMY_KILL","is_daily":false,"chose_seed":false,"campfire_upgraded":2,"win_rate":0.0,"timestamp":1610611341,"path_taken":["M","$","?","?","$","E","?","R","T","R","M","E"],"items_purchased_type":["Card"],"build_version":"2020-12-22","purchased_purges":0,"victory":false,"max_hp_per_floor":[70,70,70,70,70,70,70,70,70,70,70,70,70],"card_choices":[{"not_picked":["Deflect","Underhanded Strike"],"picked":"Noxious Fumes","floor":1},{"not_picked":["Skewer","Noxious Fumes","Outmaneuver"],"picked":"SKIP","floor":4},{"not_picked":["Prepared","Quick Slash"],"picked":"Acrobatics","floor":6},{"not_picked":["Dagger Spray","Underhanded Strike"],"picked":"Deadly Poison","floor":11}],"player_experience":328225,"relics_obtained":[{"floor":6,"key":"HornCleat"},{"floor":9,"key":"Bottled Lightning"}],"event_choices":[{"cards_removed":["Reflex"],"damage_healed":0,"gold_gain":0,"player_choice":"Gave Card","damage_taken":0,"relics_obtained":["Unceasing Top"],"max_hp_gain":0,"max_hp_loss":0,"event_name":"WeMeetAgain","floor":3,"gold_loss":0},{"cards_removed":["Defend_G"],"damage_healed":0,"gold_gain":0,"player_choice":"Purged","damage_taken":0,"max_hp_gain":0,"max_hp_loss":0,"event_name":"Purifier","floor":7,"gold_loss":0}],"is_beta":false,"boss_relics":[],"items_purged_floors":[],"is_endless":false,"potions_floor_spawned":[6],"killed_by":"Gremlin Nob","ascension_level":6}}