{"host":"0cm5wy4nhuju7tij","time":1610592389,"event":{"mods":["100% Spire Juice","2.2 Compatiblity","AchievementEnabler","Aspiration","BaseMod","Better Third Choice","BetterRewards","CCEM","CapriCore","Chen","Colored Powertips","Curses Come First","Custom Start","Displayed Cursed Tome","Downfall","Energized Spire","Evolution","Filter the Spire","Fireblade Mod","Highlight Path","Jess\u0027s Bottle","Minty Spire (QoL Compilation)","Onozuka Komachi Mod","Permanent Neow","Relic Stats","Shop Mod","Spicy Shops","StSLib","The Caster","The Cursed","The Fake Hero","The Juggle","The Sage","TheFirefly","thorton"],"gold_per_floor":[112,112,126,136,136,168,186,186,186,216,232,232,232,250,250,347,347,363,363,69,69,88,88,98,98,122,122,21,21,21,36,36,36,36],"floor_reached":33,"language":"ENG","playtime":3099,"items_purged":["jugglermod: Strike"],"score":280,"play_id":"e359523e-7b3a-46af-9e42-aea243be0a52","local_time":"20210113214629","is_ascension_mode":false,"campfire_choices":[{"floor":8,"key":"REST"},{"floor":13,"key":"REST"},{"floor":15,"key":"REST"},{"data":"jugglermod: GravityWell","floor":23,"key":"SMITH"},{"floor":25,"key":"REST"},{"data":"jugglermod: SolarForm","floor":27,"key":"SMITH"},{"data":"jugglermod: PumpIron","floor":29,"key":"SMITH"},{"floor":32,"key":"REST"}],"circlet_count":0,"master_deck":["jugglermod: Defend+1","jugglermod: Defend","jugglermod: Defend","jugglermod: Defend","jugglermod: HighThrow+1","jugglermod: RightHook","jugglermod: Faceball","jugglermod: Flash+1","jugglermod: ZoneOut","jugglermod: BouncingBall+1","jugglermod: SolarForm+1","jugglermod: PalmLift+1","jugglermod: ZoneOut","jugglermod: BobAndWeave","jugglermod: GravityWell+1","jugglermod: TrainingWeights","jugglermod: PumpIron+1","jugglermod: TheCrush","jugglermod: PalmLift+1","jugglermod: Parry","jugglermod: SandBlast+1","jugglermod: Backcross+1","jugglermod: GummyHands","jugglermod: SandBlast+1"],"relics":["jugglermod: WetwareUpgrade","EVO:Axolotl","aspiration:Nostalgia","Moonworks:BrokenBomb","Molten Egg 2","CCEMRelics:GrindingGear","Dead Branch","SlaversCollar","CCEMRelics:BiPhaseBiplane","Blood Vial","Lizard Tail"],"acts_visited":["Exordium","TheCity"],"potions_floor_usage":[33,33],"damage_taken":[{"damage":0,"enemies":"Cultist","floor":1,"turns":4},{"damage":9,"enemies":"Small Slimes","floor":3,"turns":3},{"damage":6,"enemies":"2 Louse","floor":4,"turns":3},{"damage":27,"enemies":"3 Sentries","floor":6,"turns":7},{"damage":10,"enemies":"Exordium Wildlife","floor":7,"turns":4},{"damage":6,"enemies":"Lagavulin","floor":10,"turns":8},{"damage":25,"enemies":"Large Slime","floor":11,"turns":6},{"damage":5,"enemies":"2 Fungi Beasts","floor":14,"turns":3},{"damage":44,"enemies":"The Guardian","floor":16,"turns":11},{"damage":3,"enemies":"Chosen","floor":18,"turns":6},{"damage":31,"enemies":"Spheric Guardian","floor":22,"turns":6},{"damage":26,"enemies":"Snecko","floor":24,"turns":6},{"damage":44,"enemies":"Sentry and Sphere","floor":31,"turns":6},{"damage":61,"enemies":"Collector","floor":33,"turns":7}],"seed_played":"7008518131247970563","potions_obtained":[{"floor":7,"key":"Weak Potion"},{"floor":14,"key":"sneckomod:MuddlingPotion"},{"floor":16,"key":"Weak Potion"},{"floor":31,"key":"Energy Potion"}],"is_trial":false,"path_per_floor":["M","?","M","M","?","E","M","R","T","E","M","?","R","M","R","B",null,"M","?","$","?","M","R","M","R","T","R","$","R","?","M","R","B"],"character_chosen":"THE_JUGGLER","items_purchased":["CCEMRelics:BiPhaseBiplane","jugglermod: PalmLift+1","jugglermod: Parry","jugglermod: GummyHands","Lizard Tail"],"campfire_rested":5,"item_purchase_floors":[20,20,20,28,28],"current_hp_per_floor":[75,80,71,65,65,38,28,52,52,46,21,5,29,24,48,4,80,77,77,77,77,46,46,20,44,44,44,44,44,29,32,57,0,0],"gold":36,"neow_bonus":"NOSTALGIA","is_daily":false,"chose_seed":false,"campfire_upgraded":3,"win_rate":0.0,"timestamp":1610592389,"path_taken":["M","?","M","M","?","E","M","R","T","E","M","?","R","M","R","BOSS","M","?","$","?","M","R","M","R","T","R","$","R","?","M","R","BOSS"],"items_purchased_type":["Relic","Card","Card","Card","Relic"],"build_version":"2020-12-22","purchased_purges":1,"victory":false,"max_hp_per_floor":[75,80,80,80,80,80,80,80,80,80,80,80,80,80,80,80,80,80,80,80,80,80,80,80,80,80,80,80,80,85,85,85,85,85],"relic_stats":{"Blood Vial":4,"Lizard Tail":42,"counters":[14,80],"Dead Branch":[127],"obtain_stats":[{"Blood Vial":26,"SlaversCollar":17,"Lizard Tail":28,"aspiration:Nostalgia":0,"CCEMRelics:BiPhaseBiplane":20,"Dead Branch":10,"Molten Egg 2":6,"CCEMRelics:GrindingGear":9,"EVO:Axolotl":0,"jugglermod: WetwareUpgrade":0,"Moonworks:BrokenBomb":0},{"Blood Vial":12,"SlaversCollar":9,"Lizard Tail":12,"aspiration:Nostalgia":0,"CCEMRelics:BiPhaseBiplane":10,"Dead Branch":6,"Molten Egg 2":4,"CCEMRelics:GrindingGear":5,"EVO:Axolotl":0,"jugglermod: WetwareUpgrade":0,"Moonworks:BrokenBomb":0},{"Blood Vial":67,"SlaversCollar":49,"Lizard Tail":67,"aspiration:Nostalgia":0,"CCEMRelics:BiPhaseBiplane":55,"Dead Branch":29,"Molten Egg 2":17,"CCEMRelics:GrindingGear":21,"EVO:Axolotl":0,"jugglermod: WetwareUpgrade":0,"Moonworks:BrokenBomb":0}]},"card_choices":[{"not_picked":["jugglermod: ShieldPattern","jugglermod: Quieten"],"picked":"jugglermod: Faceball","floor":1},{"not_picked":["jugglermod: Box","jugglermod: HandFlip"],"picked":"jugglermod: Flash","floor":3},{"not_picked":["jugglermod: HandFlip","jugglermod: PractisedThrows"],"picked":"jugglermod: ZoneOut","floor":4},{"not_picked":["jugglermod: InsideOut","jugglermod: Box+1"],"picked":"jugglermod: BouncingBall+1","floor":6},{"not_picked":["jugglermod: FloorBounce+1","jugglermod: TheCrush"],"picked":"jugglermod: SolarForm","floor":7},{"not_picked":["jugglermod: Backcross+1","jugglermod: ShuffleRhythm"],"picked":"jugglermod: PalmLift+1","floor":10},{"not_picked":["jugglermod: Butterfly","jugglermod: RushJob+1"],"picked":"jugglermod: ZoneOut","floor":11},{"not_picked":["jugglermod: VanishingAct","jugglermod: GadgetArm"],"picked":"jugglermod: BobAndWeave","floor":14},{"not_picked":["jugglermod: LosePatience","jugglermod: SlowMotion"],"picked":"jugglermod: GravityWell","floor":16},{"not_picked":["jugglermod: Flash+1","jugglermod: Butterfly"],"picked":"jugglermod: TrainingWeights","floor":18},{"not_picked":["jugglermod: BouncingBall+1","jugglermod: InsideOut"],"picked":"jugglermod: SandBlast+1","floor":22},{"not_picked":["jugglermod: Faceball+1","jugglermod: ZoneOut"],"picked":"jugglermod: Backcross+1","floor":24},{"not_picked":["jugglermod: FindBalance","jugglermod: Box+1"],"picked":"jugglermod: SandBlast+1","floor":31}],"player_experience":240504,"relics_obtained":[{"floor":6,"key":"Molten Egg 2"},{"floor":9,"key":"CCEMRelics:GrindingGear"},{"floor":10,"key":"Dead Branch"},{"floor":26,"key":"Blood Vial"}],"event_choices":[{"damage_healed":0,"gold_gain":0,"player_choice":"Donut","damage_taken":0,"max_hp_gain":5,"max_hp_loss":0,"event_name":"Big Fish","floor":2,"gold_loss":0},{"damage_healed":0,"gold_gain":0,"player_choice":"Grow","damage_taken":0,"max_hp_gain":0,"max_hp_loss":0,"event_name":"Living Wall","floor":5,"gold_loss":0,"cards_upgraded":["jugglermod: Flash"]},{"damage_healed":21,"gold_gain":0,"player_choice":"Upgrade","damage_taken":16,"max_hp_gain":0,"max_hp_loss":80,"event_name":"betterThird:BetterShining","floor":12,"gold_loss":0,"cards_upgraded":["jugglermod: Defend","jugglermod: HighThrow"]},{"damage_healed":0,"gold_gain":0,"cards_transformed":["jugglermod: Strike","jugglermod: Strike"],"player_choice":"Became Test Subject","damage_taken":0,"max_hp_gain":0,"max_hp_loss":0,"event_name":"Drug Dealer","floor":19,"gold_loss":0,"cards_obtained":["jugglermod: PumpIron","jugglermod: TheCrush"]},{"cards_removed":["jugglermod: Strike"],"damage_healed":0,"gold_gain":0,"player_choice":"Elegance","damage_taken":0,"max_hp_gain":0,"max_hp_loss":0,"event_name":"betterThird:BetterWriting","floor":21,"gold_loss":0},{"damage_healed":0,"gold_gain":0,"player_choice":"Shed Blood","damage_taken":20,"max_hp_gain":5,"max_hp_loss":0,"event_name":"Forgotten Altar","floor":30,"gold_loss":0}],"is_beta":false,"boss_relics":[{"not_picked":["Tiny House","energizedSpire:OgreHead"],"picked":"SlaversCollar"}],"items_purged_floors":[20],"is_endless":false,"potions_floor_spawned":[7,14,16,31],"killed_by":"Collector","ascension_level":0}}