{"host":"ad1lywlk73qplbjq","time":1610623503,"event":{"mods":["AchievementEnabler","BaseMod","Curses Come First","Downfall","Minty Spire (QoL Compilation)","StSLib"],"gold_per_floor":[99,112,127,141,156,156,156,168,188,29,29,40,65,65,81,183,183,108,119,4,4,17,51,51,51,70,70,83,110,129,31,41,143,143,143,158,208,120,171,188,237,237,255,266,191,210,135,135,150,150,150,182,32,32,32],"floor_reached":56,"language":"ENG","playtime":4978,"items_purged":["champ:Strike","champ:Strike","champ:Strike","champ:Strike"],"score":2747,"play_id":"089f7404-31e2-4305-b838-d760753680b6","local_time":"20210114122503","is_ascension_mode":false,"campfire_choices":[{"data":"champ:Taunt","floor":1.0,"key":"SMITH"},{"data":"champ:FocusedDefense","floor":6.0,"key":"SMITH"},{"data":"champ:EnGarde","floor":11.0,"key":"SMITH"},{"data":"champ:FalseCounter","floor":18.0,"key":"SMITH"},{"data":"expansioncontent:YouAreMine","floor":25.0,"key":"SMITH"},{"data":"champ:ShieldThrow","floor":27.0,"key":"SMITH"},{"data":"champ:Lariat","floor":35.0,"key":"SMITH"},{"floor":45,"key":"RECALL"},{"data":"champ:DefensiveStyle","floor":47,"key":"SMITH"},{"data":"expansioncontent:SuperHexaguard","floor":54,"key":"SMITH"}],"circlet_count":0,"master_deck":["champ:Defend+1","champ:Defend","champ:Defend+1","champ:Defend","champ:Execute","champ:Taunt+1","expansioncontent:YouAreMine+1","champ:FalseCounter+1","champ:FocusedDefense+1","champ:EnGarde+1","champ:ShieldThrow+1","champ:TornadoPunch+1","champ:Lariat+1","champ:Lariat+1","champ:DefensiveStyle+1","expansioncontent:SuperHexaguard+1","champ:ShieldSlam","champ:FocusedDefense+1"],"relics":["champ:ChampionCrown","Singing Bowl","Girya","Sozu","downfall:HeartBlessingGreen","Calipers","War Paint","Coffee Dripper","Thread and Needle","OrangePellets","Bronze Scales","FossilizedHelix","Vajra","downfall:HeartBlessingBlue","downfall:HeartBlessingRed","Lantern"],"acts_visited":["TheCity","TheBeyond","TheEnding"],"potions_floor_usage":[],"damage_taken":[{"damage":5.0,"enemies":"Cultist","floor":2.0,"turns":3.0},{"damage":8.0,"enemies":"Jaw Worm","floor":3.0,"turns":5.0},{"damage":5.0,"enemies":"2 Louse","floor":4.0,"turns":3.0},{"damage":9.0,"enemies":"Red Slaver","floor":5.0,"turns":4.0},{"damage":12.0,"enemies":"3 Louse","floor":8.0,"turns":6.0},{"damage":9.0,"enemies":"Blue Slaver","floor":9.0,"turns":4.0},{"damage":10.0,"enemies":"downfall:FleeingMerchant","floor":10.0,"turns":4.0},{"damage":11.0,"enemies":"Red Slaver","floor":12.0,"turns":3.0},{"damage":18.0,"enemies":"Gremlin Nob","floor":13.0,"turns":4.0},{"damage":0.0,"enemies":"Exordium Thugs","floor":14.0,"turns":1.0},{"damage":5.0,"enemies":"3 Louse","floor":15.0,"turns":3.0},{"damage":23.0,"enemies":"downfall:Silent","floor":16.0,"turns":8.0},{"damage":10.0,"enemies":"3 Byrds","floor":19.0,"turns":4.0},{"damage":0.0,"enemies":"downfall:FleeingMerchant","floor":20.0,"turns":4.0},{"damage":13.0,"enemies":"Shell Parasite","floor":22.0,"turns":2.0},{"damage":15.0,"enemies":"Slavers","floor":23.0,"turns":5.0},{"damage":11.0,"enemies":"Chosen and Byrds","floor":26.0,"turns":3.0},{"damage":0.0,"enemies":"Sentry and Sphere","floor":28.0,"turns":2.0},{"damage":9.0,"enemies":"Book of Stabbing","floor":29.0,"turns":3.0},{"damage":5.0,"enemies":"Centurion and Healer","floor":30.0,"turns":6.0},{"damage":14.0,"enemies":"downfall:FleeingMerchant","floor":31.0,"turns":4.0},{"damage":5.0,"enemies":"3 Cultists","floor":32.0,"turns":4.0},{"damage":13.0,"enemies":"downfall:Ironclad","floor":33.0,"turns":5.0},{"damage":5.0,"enemies":"3 Darklings","floor":36.0,"turns":4.0},{"damage":0.0,"enemies":"Mind Bloom Boss Battle","floor":37.0,"turns":6.0},{"damage":0.0,"enemies":"downfall:FleeingMerchant","floor":38.0,"turns":2.0},{"damage":28.0,"enemies":"2 Orb Walkers","floor":39.0,"turns":6.0},{"damage":0,"enemies":"3 Shapes","floor":40,"turns":3},{"damage":0,"enemies":"Spire Growth","floor":43,"turns":3},{"damage":0,"enemies":"Writhing Mass","floor":44,"turns":3},{"damage":0,"enemies":"4 Shapes","floor":46,"turns":7},{"damage":0,"enemies":"Maw","floor":49,"turns":4},{"damage":0,"enemies":"downfall:Watcher","floor":50,"turns":5},{"damage":0,"enemies":"downfall:CharBossMerchant","floor":52,"turns":5},{"damage":0,"enemies":"downfall:NeowBoss","floor":55,"turns":21}],"seed_played":"-8803005046330055222","potions_obtained":[{"floor":2.0,"key":"PowerPotion"},{"floor":3.0,"key":"Weak Potion"},{"floor":12.0,"key":"SmokeBomb"},{"floor":13.0,"key":"BlessingOfTheForge"},{"floor":15.0,"key":"Block Potion"}],"is_trial":false,"path_per_floor":["R","M","M","M","M","R","T","M","M","$","R","M","E","M","M","B",null,"R","M","$","?","M","E","T","R","M","R","M","E","M","$","M","B",null,"R","M","?","$","?","M","T","?","M","M","R","M","R","$","M","B",null,"E","$","R","B",null],"character_chosen":"THE_CHAMP","items_purchased":["champ:EnGarde","expansioncontent:SuperHexaguard","OrangePellets","Bronze Scales"],"campfire_rested":0,"item_purchase_floors":[10,31,38,38],"current_hp_per_floor":[90,90,87,87,78,78,78,78,76,78,78,74,61,61,63,52,102,102,97,99,99,93,80,80,80,74,74,74,67,69,60,62,49,114,114,116,118,120,94,96,96,21,23,25,35,37,37,37,42,42,140,142,142,142,142],"gold":32,"neow_bonus":"RANDOM_COLORLESS","is_daily":false,"chose_seed":false,"campfire_upgraded":9,"win_rate":0.0,"timestamp":1610623503,"path_taken":["R","M","M","M","M","R","T","?","M","$","R","M","E","M","M","BOSS","R","M","$","?","M","E","T","R","M","R","M","E","M","$","M","BOSS","R","M","?","$","?","M","T","?","M","M","R","?","R","$","M","BOSS","E","$","R","BOSS"],"items_purchased_type":["Card","Card","Relic","Relic"],"build_version":"2020-12-22","purchased_purges":4,"victory":true,"max_hp_per_floor":[90,90,90,90,90,90,90,92,94,96,96,98,98,98,100,102,102,102,102,104,104,106,108,108,108,108,108,108,110,112,112,114,114,114,114,116,118,120,122,124,124,124,126,128,138,140,140,140,140,140,140,142,142,142,142],"card_choices":[{"not_picked":["expansioncontent:Sear","expansioncontent:Chronoboost"],"picked":"expansioncontent:YouAreMine","floor":0.0},{"not_picked":["champ:RisingSlash","champ:DefensiveShout"],"picked":"champ:FalseCounter","floor":2.0},{"not_picked":["champ:AdrenalArmor","champ:StanceDance","champ:HeartStrike"],"picked":"SKIP","floor":3.0},{"not_picked":["champ:TornadoPunch","champ:GladiatorsShout"],"picked":"champ:FocusedDefense","floor":4.0},{"not_picked":["champ:CrookedStrike","champ:Control","champ:EnragedBash"],"picked":"SKIP","floor":5.0},{"not_picked":["champ:FocusedGladiator","champ:AdrenalArmor","champ:Encircle"],"picked":"Singing Bowl","floor":8.0},{"not_picked":["champ:Backstep","champ:DeathBlow","champ:DefensiveShout"],"picked":"Singing Bowl","floor":9.0},{"not_picked":["champ:EnragedBash","champ:Haymaker","champ:FocusedGladiator"],"picked":"Singing Bowl","floor":10.0},{"not_picked":["champ:RapidStrikes","champ:RisingSlash","champ:Riposte"],"picked":"Singing Bowl","floor":12.0},{"not_picked":["champ:AdrenalArmor","champ:BladeFlurry"],"picked":"champ:ShieldThrow","floor":13.0},{"not_picked":["champ:PreciseThrust","champ:BladeFlurry","champ:IronFortress"],"picked":"Singing Bowl","floor":15.0},{"not_picked":["champ:IgnorePain","champ:CheapShot","champ:DancingMaster"],"picked":"Singing Bowl","floor":16.0},{"not_picked":["champ:GutPunch","champ:Circumvent"],"picked":"champ:TornadoPunch+1","floor":19.0},{"not_picked":["champ:BerserkerStyle","champ:PerfectedStrike","champ:Haymaker"],"picked":"Singing Bowl","floor":20.0},{"not_picked":["champ:Circumvent","champ:StanceDance","champ:DefensiveShout"],"picked":"Singing Bowl","floor":22.0},{"not_picked":["champ:DeathBlow","champ:IronFortress","champ:FlashCut"],"picked":"Singing Bowl","floor":23.0},{"not_picked":["champ:BerserkersShout","champ:ShieldWall+1"],"picked":"champ:Lariat+1","floor":26.0},{"not_picked":["champ:Circumvent","champ:ShieldSlam"],"picked":"champ:Lariat","floor":28.0},{"not_picked":["champ:EnragedBash","champ:Control","champ:BerserkersShout+1"],"picked":"Singing Bowl","floor":29.0},{"not_picked":["champ:FightOn","champ:FlashCut","champ:StanceDance"],"picked":"Singing Bowl","floor":30.0},{"not_picked":["champ:CrookedStrike","champ:FlashCut"],"picked":"champ:DefensiveStyle","floor":31.0},{"not_picked":["champ:Circumvent","champ:CrookedStrike","champ:Backstep"],"picked":"Singing Bowl","floor":32.0},{"not_picked":["champ:LastStand","champ:MurderStrike"],"picked":"champ:ShieldSlam","floor":33.0},{"not_picked":["champ:AdrenalArmor+1","champ:BerserkersShout","champ:PerfectedStrike+1"],"picked":"Singing Bowl","floor":36.0},{"not_picked":["champ:Circumvent","champ:GladiatorsShout","champ:StanceDance"],"picked":"Singing Bowl","floor":37.0},{"not_picked":["champ:BladeFlurry","champ:BerserkersShout+1","champ:RecklessLeap"],"picked":"Singing Bowl","floor":38.0},{"not_picked":["champ:Encircle+1","champ:RapidStrikes","champ:GutPunch"],"picked":"Singing Bowl","floor":39.0},{"not_picked":["champ:PerfectedStrike+1","champ:FanOfKnives+1","champ:CrookedStrike"],"picked":"Singing Bowl","floor":40},{"not_picked":["champ:FocusedBerserking","champ:ArenaPreparation","champ:Backstep"],"picked":"Singing Bowl","floor":43},{"not_picked":["champ:FaceSlap+1","champ:PerfectedStrike+1","champ:PerfectForm"],"picked":"Singing Bowl","floor":44},{"not_picked":["champ:BerserkersShout","champ:Haymaker","champ:GladiatorsShout"],"picked":"Singing Bowl","floor":46},{"not_picked":["champ:CrookedStrike+1","champ:AdrenalArmor"],"picked":"champ:FocusedDefense+1","floor":49},{"not_picked":["champ:DefensiveShout","champ:Haymaker","champ:ShieldWall"],"picked":"Singing Bowl","floor":52}],"player_experience":189883,"relics_obtained":[{"floor":7.0,"key":"Singing Bowl"},{"floor":13.0,"key":"Girya"},{"floor":23.0,"key":"Calipers"},{"floor":29.0,"key":"War Paint"},{"floor":37.0,"key":"Thread and Needle"},{"floor":39.0,"key":"FossilizedHelix"},{"floor":41,"key":"Vajra"},{"floor":52,"key":"Lantern"}],"event_choices":[{"damage_healed":0.0,"max_hp_gain":0.0,"max_hp_loss":0.0,"gold_gain":0.0,"event_name":"Mysterious Sphere","player_choice":"Fight","floor":39.0,"gold_loss":0.0,"damage_taken":0.0}],"is_beta":false,"boss_relics":[{"not_picked":["Busted Crown","SacredBark"],"picked":"Sozu"},{"not_picked":["Runic Pyramid","Philosopher\u0027s Stone"],"picked":"Coffee Dripper"}],"items_purged_floors":[10,20,38,53],"is_endless":false,"potions_floor_spawned":[2,3,12,13,15,22,26,28,29,30,36,40,43],"ascension_level":0}}