{"host":"gkmfgzxy0jvnl2zt","time":1610603841,"event":{"mods":["AchievementEnabler","Act Like it!","Aspiration","BaseMod","Better Note","BetterRewards","Card Forge","Colored Map","Colored Powertips","Conspire","Elementarium","Energized Spire","Infinite Spire","Ironclad Rager","Mimic Mod","Minty Spire (QoL Compilation)","Permanent Neow","Replay The Spire","Shop Mod","StSLib","The Factory","The Jungle","Trackpad","vexMod"],"gold_per_floor":[11,99999,100009,100021,99726,99757,99757,99779,99810,99810,99096,99058,99079,99118,99118,99230,99230,99261,99261,99285,99275,98644,98692,98723,98747,98747,98747,98789,98789,98820,98820,98820,98951,98951,98985,98985,98985,99010,98523,98523,98574,98574,98574,98599,98574,98615,98615,98649,98649,98766,98766,98775,97831,97849,97809,97809,97850,97863,97898,97923,97940,97962,97985,97985,97985,97985,98082,98082,98087,98102,98152,98166,98179,98182,98197,98243,98243,97501,97501,97512,97541,97553,97553,97651,97651,97654,97654,97664,97654,97681,97711,97742,97742,97742,97742,97750,97762,97762,97762,97762,97870,97870,97870],"floor_reached":102,"language":"ENG","playtime":8092,"items_purged":[],"score":2673,"play_id":"66484a95-8c0b-4fd1-9b18-8fd7e9269808","local_time":"20210114005721","is_ascension_mode":true,"campfire_choices":[{"floor":7.0,"key":"REST"},{"floor":10.0,"key":"REST"},{"floor":15.0,"key":"REST"},{"floor":27.0,"key":"REST"},{"floor":32.0,"key":"REST"},{"floor":40.0,"key":"RECALL"},{"floor":42.0,"key":"REST"},{"floor":47.0,"key":"REST"},{"floor":49.0,"key":"REST"},{"data":"FollowUp","floor":64,"key":"SMITH"},{"floor":66,"key":"REST"},{"floor":79,"key":"REST"},{"floor":83,"key":"REST"},{"floor":93,"key":"REST"},{"data":"1","floor":95,"key":"LIFT"},{"data":"2","floor":98,"key":"LIFT"},{"data":"3","floor":100,"key":"LIFT"}],"circlet_count":0,"master_deck":["Eruption+1","Vigilance+1","FollowUp","FollowUp","FollowUp","FollowUp","ThirdEye","ThirdEye","ThirdEye","ThirdEye","Replay:ManipulateFuture+1","PathToVictory+1","Nirvana+1","TalkToTheHand+1","Creative AI+1","White Noise+1","DevaForm+1","PathToVictory+1","Demon Form+1","Rainbow+1","SashWhip+1","PathToVictory+1","ForeignInfluence+1","MasterReality+1","TalkToTheHand+1","Devotion+1","FlurryOfBlows+1","Collect+1","PathToVictory+1","Metamorphosis+1","FollowUp+1","Replay:BluntJabs+1","DevaForm+1","Consecrate+1","Pray+1","Devotion+1","JustLucky+1","Replay:BluntJabs+1","Elementarium:GildedEssence+1","FearNoEvil+1","Conclude+1","Consecrate+1","SandsOfTime+1","FlurryOfBlows+1","infinitespire:Menacing+1","InnerPeace+1","Judgement+1","Vengeance+1","infinitespire:Oblivion+1","infinitespire:Starlight+1","ReplayTheSpireMod:??????????????????????+1","Sanctity+1","PathToVictory+1","PathToVictory+1","Crescendo+1","Replay:ManipulateFuture+1","Swivel+1","CutThroughFate+1","Nirvana+1","infinitespire:DeathsTouch+1","Replay:Fractal Strike+1","FollowUp+1","Consecrate+1","Vault+1","WindmillStrike+1","Replay:BluntJabs+1","Wallop+1","ReplayUltimateDefense+1","Vengeance+1","Prostrate+1","infinitespire:FutureSight+1","ReplayTheSpireMod:Chaos Vortex+1","infinitespire:Starlight+1","ICR:HungryGhost+1","Replay:Anticipation+1","FollowUp+1","Replay:BluntJabs+1","Ragnarok+1","Ragnarok+1","SashWhip+1","Vengeance+1","Scrawl+1","Replay:BluntJabs+1","WreathOfFlame+1","Eruption+1","Judgement+1","Consecrate+1","infinitespire:DeathsTouch+1","infinitespire:NeuralNetwork+1","infinitespire:Fortify+1","Replay:BluntJabs+1","Replay:BluntJabs+1","CutThroughFate+1","infinitespire:UltimateForm+1","ReplayTheSpireMod:Echoes of Time+1","Prostrate+1","Replay:Anticipation+1","FollowUp+1","Replay:AllIn+1","Perseverance+1","WindmillStrike+1","Nirvana+1","SpiritShield+1","Brilliance+1","PathToVictory+1","FlurryOfBlows+1","PathToVictory+1","LikeWater+1","ConjureBlade+1","EmptyFist+1","FollowUp+1","Consecrate+1","infinitespire:FutureSight+1","infinitespire:UltimateForm+1","Replay:Fractal Strike+1","infinitespire:Punishment+1","infinitespire:Menacing+1","PathToVictory+1","Consecrate+1","FlyingSleeves+1","Replay:Battleflow+1","CrushJoints+1","Brilliance+1","Perseverance+1","SandsOfTime+1","Replay:Battleflow+1","ThirdEye+1","Wallop+1","Replay:Battleflow+1","Madness+1","Madness+1","LessonLearned"],"relics":["PureWater","Hammer of Thor","Seething Fire","Anvil of the Gods","War Paint","Replay:Bandana","Prayer Wheel","ReplayTheSpireMod:TigerMarble","Ancient Tea Set","trackpad:WritersBlock","Shuriken","infinitespire:Beetle Shell","Busted Crown","Replay:Ringing Soul","Replay:Rubber Ducky","Toolbox","Happy Flower","Replay:Bottled Snecko","Toy Ornithopter","aspiration:FrozenJewel","aspiration:FutureDiary","trackpad:ByrdBGone","Elementarium:ElementariumTrophy","Replay:Grab Bag","energizedSpire:BlackCloud","energizedSpire:StickyHand","SacredBark","ClockworkSouvenir","ReplayTheSpireMod:Ring of Challenge","Omamori","Pet Ghost","Orrery","infinitespire:BottledMercury","aspiration:TomeofQuesting","infinitespire:Satchel","MealTicket","Simple Rune","VioletLotus","conspire:Flyswatter","Turnip","Melange","vexMod:HeadHunter","Painkiller Herb","Oddly Smooth Stone","trackpad:GuardianSpirit","Orichalcum","Pen Nib","Centennial Puzzle","Calling Bell","Gremlin Food","infinitespire:EmpoweringShard","aspiration:HatOfInfinitePower","InkBottle","Tiny House","conspire:GlowingRock","infinitespire:Bottled Soul","White Beast Statue","aspiration:ChemicalBlood","Replay:Lucky Slots","aspiration:StickyExplosives_weak","Letter Opener","conspire:SpecialSausage","vexMod:ImprovementManual","Cauldron","Regal Pillow","Girya","Ring of Chaos"],"acts_visited":["Exordium","Exordium","TheBeyond","Exordium","Exordium","TheBeyond","Exordium"],"potions_floor_usage":[67,74,84,84,86,89,89,92,92,101,101],"damage_taken":[{"damage":0.0,"enemies":"infinitespire:Voidling","floor":1.0,"turns":1.0},{"damage":4.0,"enemies":"conspire:RoseBush","floor":2.0,"turns":2.0},{"damage":0.0,"enemies":"Cultist","floor":3.0,"turns":2.0},{"damage":0.0,"enemies":"Looter","floor":4.0,"turns":2.0},{"damage":24.0,"enemies":"Lagavulin","floor":6.0,"turns":3.0},{"damage":0.0,"enemies":"Large Slime","floor":8.0,"turns":2.0},{"damage":1.0,"enemies":"Red Slaver","floor":9.0,"turns":5.0},{"damage":2.0,"enemies":"Red Slaver","floor":13.0,"turns":3.0},{"damage":11.0,"enemies":"Gremlin Nob","floor":14.0,"turns":4.0},{"damage":4.0,"enemies":"Fading Forest","floor":16.0,"turns":9.0},{"damage":2.0,"enemies":"Elementarium:MUD_AND_TAR_GOLEMS","floor":18.0,"turns":2.0},{"damage":2.0,"enemies":"Elementarium:2_ELEMENTALS","floor":20.0,"turns":4.0},{"damage":31.0,"enemies":"Nightmare","floor":23.0,"turns":6.0},{"damage":3.0,"enemies":"Elementarium:STONE_GOLEMS","floor":24.0,"turns":3.0},{"damage":1.0,"enemies":"Elementarium:CYCLONE_AND_LIVING_STORMCLOUD","floor":25.0,"turns":4.0},{"damage":29.0,"enemies":"Elementarium:FIRE_NOBILITY","floor":28.0,"turns":7.0},{"damage":7.0,"enemies":"Elementarium:VoidBeast","floor":30.0,"turns":4.0},{"damage":27.0,"enemies":"Elementarium:PHOENIXES","floor":33.0,"turns":7.0},{"damage":24.0,"enemies":"3 Darklings","floor":35.0,"turns":6.0},{"damage":0.0,"enemies":"Orb Walker","floor":38.0,"turns":2.0},{"damage":7.0,"enemies":"R_Hoarder","floor":41.0,"turns":5.0},{"damage":92.0,"enemies":"Nightmare","floor":46.0,"turns":6.0},{"damage":0.0,"enemies":"R_Hoarder","floor":48.0,"turns":1.0},{"damage":33.0,"enemies":"Awakened One","floor":50.0,"turns":8.0},{"damage":6.0,"enemies":"Jaw Worm","floor":52.0,"turns":2.0},{"damage":0.0,"enemies":"Small Slimes","floor":54.0,"turns":2.0},{"damage":22,"enemies":"3 Sentries","floor":57,"turns":3},{"damage":0,"enemies":"Cultist","floor":58,"turns":1},{"damage":0,"enemies":"Gremlin Nob","floor":59,"turns":2},{"damage":0,"enemies":"Red Slaver","floor":60,"turns":4},{"damage":11,"enemies":"Red Slaver","floor":61,"turns":2},{"damage":0,"enemies":"Lagavulin","floor":62,"turns":4},{"damage":0,"enemies":"conspire:MimicChest","floor":63,"turns":3},{"damage":0,"enemies":"The Guardian","floor":67,"turns":4},{"damage":0,"enemies":"Elementarium:VoidCorruption","floor":69,"turns":3},{"damage":0,"enemies":"Elementarium:Cyclone","floor":70,"turns":2},{"damage":2,"enemies":"Elementarium:VoidBeast","floor":72,"turns":1},{"damage":0,"enemies":"Elementarium:CYCLONE_AND_ORB_OF_FIRE","floor":73,"turns":3},{"damage":260,"enemies":"Nightmare_Alpha","floor":74,"turns":6},{"damage":7,"enemies":"Elementarium:VOID_CORRUPTION_AND_TAR_GOLEM","floor":75,"turns":2},{"damage":4,"enemies":"Elementarium:ElementalPortal","floor":76,"turns":3},{"damage":0,"enemies":"Elementarium:RubyGolem","floor":80,"turns":1},{"damage":13,"enemies":"Elementarium:WarGolem","floor":81,"turns":2},{"damage":2,"enemies":"Elementarium:STONE_GOLEMS","floor":82,"turns":2},{"damage":0,"enemies":"Elementarium:GolemEmperor","floor":84,"turns":2},{"damage":15,"enemies":"3 Darklings","floor":86,"turns":4},{"damage":19,"enemies":"Orb Walker","floor":88,"turns":3},{"damage":0,"enemies":"Transient","floor":89,"turns":6},{"damage":6,"enemies":"Sphere and 2 Shapes","floor":90,"turns":2},{"damage":0,"enemies":"R_Hoarder","floor":91,"turns":1},{"damage":0,"enemies":"3 Darklings","floor":92,"turns":2},{"damage":0,"enemies":"Maw","floor":96,"turns":4},{"damage":0,"enemies":"Spire Growth","floor":97,"turns":2},{"damage":0,"enemies":"Time Eater","floor":101,"turns":2}],"seed_played":"-2745554702733345604","potions_obtained":[{"floor":2.0,"key":"infinitespire:BlackPotion"},{"floor":3.0,"key":"Block Potion"},{"floor":13.0,"key":"ColorlessPotion"},{"floor":16.0,"key":"DistilledChaos"},{"floor":18.0,"key":"Venom Potion"},{"floor":23.0,"key":"DuplicationPotion"},{"floor":25.0,"key":"FearPotion"},{"floor":30.0,"key":"Explosive Potion"},{"floor":38.0,"key":"StancePotion"},{"floor":48.0,"key":"Languid Potion"},{"floor":54.0,"key":"AttackPotion"},{"floor":55.0,"key":"infinitespire:BlackPotion"},{"floor":55.0,"key":"PowerPotion"},{"floor":67,"key":"SkillPotion"},{"floor":71,"key":"PowerPotion"},{"floor":76,"key":"Milkshake"},{"floor":84,"key":"SpeedPotion"},{"floor":86,"key":"AttackPotion"},{"floor":87,"key":"AttackPotion"},{"floor":89,"key":"Strength Potion"},{"floor":90,"key":"Strength Potion"},{"floor":92,"key":"Adrenaline Potion"},{"floor":97,"key":"LiquidBronze"},{"floor":101,"key":"StancePotion"}],"is_trial":false,"path_per_floor":["M","M","M","M","$","E","R","M","MIM","R","$","?","M","E","R","B",null,"M","?","M","?","$","NM","M","M","T","R","E","AVR","M","?","R","B",null,"M","AVR","?","M","$","R","E","R","T","T","?","NM","R","E","R","B",null,"M","$","M","?","AVR","E","?","E","MIM","?","E","?","T","?","T","B",null,"?","?","AVR","?","?","NM","?","E","T","T","T","?","E","?","T","B",null,"?","AVR","?","?","?","E","?","T","T","T","?","?","T","?","T","B",null],"character_chosen":"WATCHER","items_purchased":["War Paint","Replay:Bandana","trackpad:WritersBlock","Shuriken","Metamorphosis","LiquidMemories","Milkshake","Replay:Ringing Soul","Replay:Rubber Ducky","Toolbox","PowerPotion","FearNoEvil","PathToVictory","Omamori","Pet Ghost","Orrery","conspire:Flyswatter","Turnip","Melange","Replay:BluntJabs","Wallop","ReplayUltimateDefense","aspiration:ChemicalBlood","Replay:Lucky Slots","aspiration:StickyExplosives_weak","SkillPotion","PathToVictory","FlurryOfBlows"],"campfire_rested":12,"item_purchase_floors":[5,5,11,11,11,11,11,22,22,22,22,22,39,39,39,39,53,53,53,53,53,53,78,78,78,78,78,78],"current_hp_per_floor":[47,43,43,43,43,19,38,38,37,56,56,56,54,43,62,58,65,63,63,61,61,64,36,36,38,38,61,35,38,34,37,63,54,92,71,74,77,80,83,83,84,110,110,110,110,21,54,57,91,66,119,116,125,128,128,131,127,130,133,143,135,149,152,152,155,155,158,158,161,164,172,173,176,43,39,47,47,65,122,129,119,120,179,189,199,192,195,179,192,189,192,205,220,220,220,223,226,226,201,201,214,232,232],"gold":97870,"neow_bonus":"WATCHER_SHAOLIN","is_daily":false,"chose_seed":false,"campfire_upgraded":1,"win_rate":0.0,"timestamp":1610603841,"path_taken":["M","M","?","M","$","E","R","M","MIM","R","$","?","M","E","R","BOSS","M","?","M","?","$","NM","M","?","T","R","E","AVR","M","?","R","BOSS","M","AVR","?","M","$","R","E","R","T","?","?","NM","R","E","R","BOSS","M","$","M","?","AVR","E","?","E","MIM","?","E","?","T","?","T","BOSS","?","?","AVR","?","?","NM","?","E","T","T","T","?","E","?","T","BOSS","?","AVR","?","?","?","E","?","T","T","T","?","?","T","?","T","BOSS"],"items_purchased_type":["Relic","Relic","Relic","Relic","Card","Potion","Potion","Relic","Relic","Relic","Potion","Card","Card","Relic","Relic","Relic","Relic","Relic","Relic","Card","Card","Card","Relic","Relic","Relic","Potion","Card","Card"],"build_version":"2020-12-22","purchased_purges":0,"victory":false,"max_hp_per_floor":[65,65,65,65,65,65,65,65,65,65,65,65,65,65,65,65,65,65,65,65,65,68,71,74,77,77,77,80,83,86,89,89,92,92,95,98,101,104,107,107,110,110,110,110,110,113,113,116,116,119,119,122,125,128,128,131,134,137,140,143,146,149,152,152,155,155,158,158,161,164,172,175,178,181,184,187,187,190,190,193,196,199,199,199,199,202,205,208,211,214,217,220,220,220,220,223,226,226,229,229,232,232,232],"card_choices":[{"not_picked":["ThirdEye","Indignation"],"picked":"Replay:ManipulateFuture","floor":1.0},{"not_picked":["Study","WaveOfTheHand"],"picked":"PathToVictory","floor":2.0},{"not_picked":["Protect","ClearTheMind"],"picked":"Nirvana","floor":3.0},{"not_picked":["FlyingSleeves","Collect"],"picked":"TalkToTheHand","floor":4.0},{"not_picked":["Tantrum","Replay:ManipulateFuture"],"picked":"SashWhip","floor":6.0},{"not_picked":["Protect","LessonLearned"],"picked":"FlurryOfBlows","floor":8.0},{"not_picked":["Protect","ThirdEye"],"picked":"Collect","floor":8.0},{"not_picked":["Prostrate","Replay:ManipulateFuture"],"picked":"PathToVictory","floor":9.0},{"not_picked":["Replay:AtTheReady","FlyingSleeves"],"picked":"FollowUp","floor":13.0},{"not_picked":["FollowUp","CrushJoints","Replay:ManipulateFuture"],"picked":"SKIP","floor":13.0},{"not_picked":["Tantrum","SashWhip"],"picked":"Replay:BluntJabs","floor":14.0},{"not_picked":["Ragnarok","DeusExMachina"],"picked":"DevaForm","floor":16.0},{"not_picked":[],"picked":"Consecrate+1","floor":18.0},{"not_picked":[],"picked":"Pray","floor":18.0},{"not_picked":[],"picked":"JustLucky","floor":20.0},{"not_picked":[],"picked":"Replay:BluntJabs","floor":20.0},{"not_picked":[],"picked":"Conclude+1","floor":23.0},{"not_picked":[],"picked":"EmptyFist","floor":24.0},{"not_picked":[],"picked":"FlyingSleeves","floor":24.0},{"not_picked":[],"picked":"Consecrate+1","floor":25.0},{"not_picked":[],"picked":"SandsOfTime","floor":25.0},{"not_picked":[],"picked":"FlurryOfBlows","floor":28.0},{"not_picked":[],"picked":"InnerPeace","floor":30.0},{"not_picked":["Consecrate+1"],"picked":"SKIP","floor":30.0},{"not_picked":[],"picked":"Judgement","floor":33.0},{"not_picked":[],"picked":"Vengeance+1","floor":35.0},{"not_picked":["EmptyFist"],"picked":"SKIP","floor":35.0},{"not_picked":[],"picked":"Sanctity","floor":38.0},{"not_picked":["Protect+1"],"picked":"SKIP","floor":38.0},{"not_picked":[],"picked":"Crescendo","floor":39.0},{"not_picked":[],"picked":"Replay:ManipulateFuture","floor":39.0},{"not_picked":[],"picked":"Swivel","floor":39.0},{"not_picked":[],"picked":"CutThroughFate+1","floor":39.0},{"not_picked":[],"picked":"Nirvana+1","floor":41.0},{"not_picked":["infinitespire:DeathsTouch","infinitespire:SealOfDarkness+"],"picked":"Replay:Fractal Strike","floor":46.0},{"not_picked":[],"picked":"FollowUp+1","floor":46.0},{"not_picked":[],"picked":"Consecrate+1","floor":48.0},{"not_picked":[],"picked":"Vault","floor":50.0},{"not_picked":[],"picked":"WindmillStrike","floor":52.0},{"not_picked":["BowlingBash"],"picked":"SKIP","floor":52.0},{"not_picked":[],"picked":"Vengeance","floor":54.0},{"not_picked":[],"picked":"Prostrate","floor":54.0},{"not_picked":[],"picked":"ICR:HungryGhost","floor":57},{"not_picked":[],"picked":"Replay:Anticipation","floor":57},{"not_picked":[],"picked":"FollowUp","floor":58},{"not_picked":[],"picked":"Replay:BluntJabs","floor":58},{"not_picked":[],"picked":"Ragnarok","floor":59},{"not_picked":[],"picked":"Ragnarok","floor":59},{"not_picked":[],"picked":"SashWhip","floor":60},{"not_picked":[],"picked":"Vengeance","floor":61},{"not_picked":["Replay:ManipulateFuture"],"picked":"SKIP","floor":61},{"not_picked":[],"picked":"Scrawl","floor":62},{"not_picked":[],"picked":"Replay:BluntJabs","floor":62},{"not_picked":[],"picked":"WreathOfFlame","floor":63},{"not_picked":[],"picked":"Judgement","floor":67},{"not_picked":[],"picked":"Consecrate","floor":69},{"not_picked":["ClearTheMind"],"picked":"SKIP","floor":69},{"not_picked":["infinitespire:DeathsTouch","infinitespire:Fortify"],"picked":"infinitespire:NeuralNetwork","floor":69},{"not_picked":[],"picked":"Replay:BluntJabs","floor":70},{"not_picked":[],"picked":"Replay:BluntJabs","floor":70},{"not_picked":["Evaluate"],"picked":"SKIP","floor":70},{"not_picked":[],"picked":"CutThroughFate","floor":71},{"not_picked":[],"picked":"Prostrate","floor":72},{"not_picked":[],"picked":"Replay:Anticipation","floor":72},{"not_picked":[],"picked":"FollowUp","floor":73},{"not_picked":["Meditate"],"picked":"SKIP","floor":73},{"not_picked":[],"picked":"Replay:AllIn","floor":74},{"not_picked":[],"picked":"Perseverance+1","floor":74},{"not_picked":[],"picked":"WindmillStrike","floor":75},{"not_picked":[],"picked":"Nirvana+1","floor":75},{"not_picked":[],"picked":"SpiritShield","floor":76},{"not_picked":[],"picked":"Brilliance","floor":76},{"not_picked":[],"picked":"PathToVictory","floor":80},{"not_picked":[],"picked":"LikeWater","floor":80},{"not_picked":[],"picked":"ConjureBlade","floor":81},{"not_picked":[],"picked":"EmptyFist","floor":81},{"not_picked":[],"picked":"FollowUp","floor":82},{"not_picked":["BowlingBash+1"],"picked":"SKIP","floor":82},{"not_picked":[],"picked":"Consecrate+1","floor":86},{"not_picked":["Halt"],"picked":"SKIP","floor":86},{"not_picked":[],"picked":"PathToVictory","floor":88},{"not_picked":["Meditate+1"],"picked":"SKIP","floor":88},{"not_picked":[],"picked":"Consecrate+1","floor":89},{"not_picked":[],"picked":"FlyingSleeves+1","floor":89},{"not_picked":[],"picked":"Replay:Battleflow","floor":90},{"not_picked":[],"picked":"CrushJoints","floor":90},{"not_picked":[],"picked":"Brilliance","floor":91},{"not_picked":[],"picked":"Perseverance","floor":91},{"not_picked":[],"picked":"SandsOfTime+1","floor":92},{"not_picked":[],"picked":"Replay:Battleflow","floor":92},{"not_picked":[],"picked":"ThirdEye+1","floor":96},{"not_picked":[],"picked":"Wallop+1","floor":96},{"not_picked":[],"picked":"Replay:Battleflow+1","floor":97},{"not_picked":["EmptyFist+1"],"picked":"SKIP","floor":97},{"not_picked":[],"picked":"LessonLearned","floor":101}],"player_experience":51170,"relics_obtained":[{"floor":6.0,"key":"ReplayTheSpireMod:TigerMarble"},{"floor":9.0,"key":"Ancient Tea Set"},{"floor":14.0,"key":"infinitespire:Beetle Shell"},{"floor":23.0,"key":"Happy Flower"},{"floor":26.0,"key":"Replay:Bottled Snecko"},{"floor":28.0,"key":"Toy Ornithopter"},{"floor":37.0,"key":"ReplayTheSpireMod:Ring of Challenge"},{"floor":41.0,"key":"infinitespire:BottledMercury"},{"floor":44.0,"key":"aspiration:TomeofQuesting"},{"floor":46.0,"key":"MealTicket"},{"floor":48.0,"key":"Simple Rune"},{"floor":57,"key":"Oddly Smooth Stone"},{"floor":59,"key":"trackpad:GuardianSpirit"},{"floor":60,"key":"Orichalcum"},{"floor":62,"key":"Pen Nib"},{"floor":63,"key":"Centennial Puzzle"},{"floor":68,"key":"Gremlin Food"},{"floor":68,"key":"infinitespire:EmpoweringShard"},{"floor":68,"key":"aspiration:HatOfInfinitePower"},{"floor":74,"key":"conspire:GlowingRock"},{"floor":76,"key":"infinitespire:Bottled Soul"},{"floor":77,"key":"White Beast Statue"},{"floor":81,"key":"Letter Opener"},{"floor":91,"key":"Regal Pillow"},{"floor":94,"key":"Girya"}],"event_choices":[{"damage_healed":0.0,"max_hp_gain":0.0,"max_hp_loss":0.0,"gold_gain":0.0,"event_name":"World of Goop","player_choice":"Left Gold","floor":12.0,"gold_loss":38.0,"damage_taken":0.0},{"damage_healed":0.0,"max_hp_gain":0.0,"max_hp_loss":0.0,"gold_gain":0.0,"event_name":"Elementarium:VoidShrine","player_choice":"Embrace","floor":19.0,"gold_loss":0.0,"damage_taken":0.0,"cards_obtained":["Doubt","Devotion"]},{"damage_healed":0.0,"max_hp_gain":0.0,"max_hp_loss":0.0,"gold_gain":0.0,"event_name":"Elementarium:OnrushingOffering","player_choice":"Toss","floor":21.0,"gold_loss":10.0,"damage_taken":0.0,"cards_obtained":["Elementarium:GildedEssence"]},{"damage_healed":0.0,"max_hp_gain":0.0,"max_hp_loss":0.0,"gold_gain":0.0,"event_name":"Elementarium:TarCoveredCasket","player_choice":"Open","floor":31.0,"gold_loss":0.0,"damage_taken":0.0,"relics_obtained":["trackpad:ByrdBGone"],"cards_obtained":["Elementarium:StickyTar"]},{"damage_healed":0.0,"max_hp_gain":0.0,"max_hp_loss":0.0,"gold_gain":0.0,"event_name":"The Woman in Blue","player_choice":"Bought 3 Potions","floor":55.0,"gold_loss":0.0,"damage_taken":0.0},{"damage_healed":0,"gold_gain":0,"player_choice":"2 cards matched","damage_taken":0,"max_hp_gain":0,"max_hp_loss":0,"event_name":"Match and Keep!","floor":65,"gold_loss":0,"cards_obtained":["Eruption","conspire:Blindness"]},{"damage_healed":0,"gold_gain":0,"player_choice":"2 cards matched","damage_taken":0,"max_hp_gain":0,"max_hp_loss":0,"event_name":"Match and Keep!","floor":65,"gold_loss":0,"cards_obtained":["Eruption","conspire:Blindness"]},{"damage_healed":0,"gold_gain":0,"player_choice":"Embrace Madness","damage_taken":28,"max_hp_gain":0,"max_hp_loss":0,"event_name":"Winding Halls","floor":99,"gold_loss":0,"cards_obtained":["Madness","Madness"]}],"is_beta":false,"boss_relics":[{"not_picked":["vexMod:EndlessSickness","conspire:SpecialSausage"],"picked":"Busted Crown"},{"not_picked":["Kintsugi","energizedSpire:CrystalSphere"],"picked":"Replay:Grab Bag"},{"not_picked":["Replay:Fungal Core","Runic Dome"],"picked":"energizedSpire:BlackCloud"},{"not_picked":["energizedSpire:NeverEndingSparkler","energizedSpire:OgreHead"],"picked":"energizedSpire:StickyHand"},{"not_picked":["Astrolabe","aspiration:SecretTechniqueScroll"],"picked":"SacredBark"},{"not_picked":["Replay:Bronze Core","Empty Cage"],"picked":"VioletLotus"},{"not_picked":["Velvet Choker","Astrolabe"],"picked":"Calling Bell"},{"not_picked":["conspire:SeveredTorchhead","Cursed Key"],"picked":"conspire:SpecialSausage"},{"not_picked":["trackpad:Trackpad","Runic Dome"],"picked":"Ring of Chaos"}],"items_purged_floors":[],"is_endless":true,"potions_floor_spawned":[2,3,13,16,18,23,25,30,38,48,54,62,63,67,72,73,76,80,81,82,84,86,88,89,90,91,92,96,97,101],"ascension_level":1}}