{"host":"ELF","time":1610639458,"event":{"mods":["BaseMod","Minty Spire (QoL Compilation)"],"gold_per_floor":[115,37,37,54,73,73,73,73,153,166,166,182,182,195,195,273,273,285,210,227,262,262,262,280,313,313,326,326,326],"floor_reached":28,"language":"ENG","playtime":1274,"items_purged":[],"score":449,"play_id":"87e64100-8a8a-4310-910c-3cbb65dbcc37","local_time":"20210114095058","is_ascension_mode":true,"campfire_choices":[{"data":"Sweeping Beam","floor":6,"key":"SMITH"},{"data":"Zap","floor":8,"key":"SMITH"},{"data":"Glacier","floor":11,"key":"SMITH"},{"data":"Capacitor","floor":13,"key":"SMITH"},{"data":"Dualcast","floor":15,"key":"SMITH"},{"floor":23,"key":"REST"}],"circlet_count":0,"master_deck":["AscendersBane","Strike_B","Defend_B","Defend_B","Defend_B","Zap+1","Dualcast+1","Tempest+1","Sweeping Beam+1","Glacier+1","Capacitor+1","Ball Lightning","Electrodynamics","Glacier+1","Steam Power+1","Steam+1","Defragment","Chill","Scrape","Necronomicurse","Tempest+1","Self Repair","Reinforced Body"],"relics":["Cracked Core","NeowsBlessing","Blue Candle","Cables","Astrolabe","Red Mask","Necronomicon","Orichalcum","Bag of Preparation"],"acts_visited":["Exordium","TheCity"],"potions_floor_usage":[18,21],"damage_taken":[{"damage":0,"enemies":"Cultist","floor":1,"turns":1},{"damage":0,"enemies":"Jaw Worm","floor":4,"turns":1},{"damage":0,"enemies":"Small Slimes","floor":5,"turns":1},{"damage":4,"enemies":"2 Fungi Beasts","floor":10,"turns":3},{"damage":0,"enemies":"3 Louse","floor":12,"turns":3},{"damage":10,"enemies":"Exordium Wildlife","floor":14,"turns":5},{"damage":5,"enemies":"The Guardian","floor":16,"turns":12},{"damage":0,"enemies":"3 Byrds","floor":18,"turns":5},{"damage":7,"enemies":"Spheric Guardian","floor":20,"turns":7},{"damage":14,"enemies":"Masked Bandits","floor":21,"turns":3},{"damage":9,"enemies":"Snecko","floor":24,"turns":5},{"damage":10,"enemies":"Slavers","floor":25,"turns":4},{"damage":11,"enemies":"Cultist and Chosen","floor":27,"turns":5},{"damage":27,"enemies":"Shelled Parasite and Fungi","floor":28,"turns":4}],"seed_played":"-247104703715050869","potions_obtained":[{"floor":5,"key":"Strength Potion"},{"floor":12,"key":"Fire Potion"},{"floor":20,"key":"FocusPotion"},{"floor":21,"key":"FearPotion"},{"floor":25,"key":"DuplicationPotion"}],"is_trial":false,"path_per_floor":["M","?","$","M","M","R","?","R","T","M","R","M","R","M","R","B",null,"M","?","M","?","?","R","M","E","T","M","M"],"character_chosen":"DEFECT","items_purchased":[],"campfire_rested":1,"item_purchase_floors":[],"current_hp_per_floor":[64,64,64,64,64,64,64,64,64,60,60,60,60,50,50,45,65,65,65,58,44,23,44,35,25,25,21,0,0],"gold":326,"neow_bonus":"THREE_ENEMY_KILL","is_daily":false,"chose_seed":false,"campfire_upgraded":5,"win_rate":0.0,"timestamp":1610639458,"path_taken":["M","?","?","?","M","R","?","R","T","M","R","M","R","M","R","BOSS","M","?","M","?","?","R","M","E","T","M","M"],"items_purchased_type":[],"build_version":"2020-12-18","purchased_purges":0,"victory":false,"max_hp_per_floor":[71,71,71,71,71,71,71,71,71,71,71,71,71,71,71,71,71,71,71,71,71,71,71,71,71,71,71,71,71],"card_choices":[{"not_picked":["Barrage","Recycle"],"picked":"Tempest","floor":1},{"not_picked":["Darkness","Stack"],"picked":"Sweeping Beam","floor":4},{"not_picked":["Melter","Redo","Leap"],"picked":"SKIP","floor":5},{"not_picked":["Conserve Battery","Rip and Tear"],"picked":"Glacier","floor":10},{"not_picked":["Compile Driver","Stack"],"picked":"Capacitor","floor":12},{"not_picked":["Gash","Double Energy"],"picked":"Ball Lightning","floor":14},{"not_picked":["All For One","Buffer"],"picked":"Electrodynamics","floor":16},{"not_picked":["Reinforced Body","Steam"],"picked":"Defragment","floor":18},{"not_picked":["Turbo","White Noise"],"picked":"Chill","floor":20},{"not_picked":["Beam Cell+1","White Noise"],"picked":"Scrape","floor":21},{"not_picked":["Gash","Heatsinks"],"picked":"Tempest+1","floor":24},{"not_picked":["Reprogram+1","Streamline"],"picked":"Self Repair","floor":25},{"not_picked":["Fusion","Stack"],"picked":"Reinforced Body","floor":27}],"player_experience":3197746,"relics_obtained":[{"floor":9,"key":"Cables"},{"floor":21,"key":"Red Mask"},{"floor":22,"key":"Necronomicon"},{"floor":25,"key":"Orichalcum"},{"floor":26,"key":"Bag of Preparation"}],"event_choices":[{"damage_healed":0,"gold_gain":0,"player_choice":"Paid Gold","damage_taken":0,"relics_obtained":["Blue Candle"],"max_hp_gain":0,"max_hp_loss":0,"event_name":"WeMeetAgain","floor":2,"gold_loss":78},{"damage_healed":0,"gold_gain":0,"player_choice":"Grow","damage_taken":0,"max_hp_gain":0,"max_hp_loss":0,"event_name":"Living Wall","floor":7,"gold_loss":0,"cards_upgraded":["Tempest"]},{"cards_removed":["Strike_B"],"damage_healed":0,"gold_gain":0,"player_choice":"Gave Gold","damage_taken":0,"max_hp_gain":0,"max_hp_loss":0,"event_name":"Beggar","floor":19,"gold_loss":75},{"damage_healed":0,"gold_gain":0,"player_choice":"Fought Bandits","damage_taken":0,"max_hp_gain":0,"max_hp_loss":0,"event_name":"Masked Bandits","floor":21,"gold_loss":0},{"damage_healed":0,"gold_gain":0,"player_choice":"Obtained Book","damage_taken":21,"max_hp_gain":0,"max_hp_loss":0,"event_name":"Cursed Tome","floor":22,"gold_loss":0}],"is_beta":true,"boss_relics":[{"not_picked":["Calling Bell","Velvet Choker"],"picked":"Astrolabe"}],"items_purged_floors":[],"is_endless":false,"potions_floor_spawned":[5,12,14,20,21,25],"killed_by":"Shelled Parasite and Fungi","ascension_level":19}}