{"host":"ywbsnexmk111etbw","time":1610649451,"event":{"mods":["100% Spire Juice","Act Like it!","BaseMod","Beaked The Cultist","Colored Powertips","Curses Come First","Downfall","Hubris","Infinite Spire","Marisa????????","Minty Spire (QoL Compilation)","Pale of the Ancients","Permanent Neow","Replay The Spire","StSLib","The Cursed","The Dragon Tamer","The Mystic","The Necromancer","The Saiyan","Wandering Minibosses"],"gold_per_floor":[92,167,180,180,180,180,209,229,229,239,239,414,447,462,462,558,558,589,634,646,658,442,473,473,473,473,453,453,139,170,187,187,207,207,311,311,324,343,343,357,205,205,236,236,236,236,236,248,348,348,348,453,453,453,453,453],"floor_reached":55,"language":"ENG","playtime":3170,"items_purged":["Doubt"],"score":906,"play_id":"c774e7c7-ec64-4589-94c1-9c6d13b2239e","local_time":"20210114133731","is_ascension_mode":false,"campfire_choices":[{"floor":6,"key":"REST"},{"data":"Saiyan:BigBangAttack","floor":11,"key":"SMITH"},{"floor":15,"key":"REST"},{"floor":26,"key":"REST"},{"floor":32,"key":"REST"},{"floor":34,"key":"REST"},{"floor":42,"key":"REST"},{"floor":47,"key":"REST"},{"floor":51,"key":"REST"}],"circlet_count":0,"master_deck":["Saiyan:SAIYA_Strike","Saiyan:SAIYA_Strike","Saiyan:SAIYA_Strike","Saiyan:SAIYA_Strike","Saiyan:SAIYA_Defend","Saiyan:SAIYA_Defend","Saiyan:SAIYA_Defend","Saiyan:SAIYA_Defend+1","Saiyan:EnergyBlast","Saiyan:KaioKen","Saiyan:RuthlessBlow","Saiyan:MeteorDash","Saiyan:BigBangAttack+1","Saiyan:RemoveWeights","Saiyan:SaiyanHubris","Saiyan:ExpandingShockwave","Saiyan:MonkeyTail","Saiyan:KiExplosion","Saiyan:TransfigurationBeam","CurseOfTheBell","Saiyan:DragonFist","Saiyan:Rekindle","Saiyan:DragonRadar+1","Saiyan:CCCapsule","Saiyan:Afterimage+1","Saiyan:SenzuBean","Saiyan:Teleport","Saiyan:MindBoom","Saiyan:FingerParry+1","Saiyan:PlotArmor+1","Saiyan:KiExplosion","Saiyan:DragonRadar+1","Saiyan:GhostAttack","Saiyan:Endure+1","Shame","Saiyan:Kienzan+1","Saiyan:BurningSoul","Languid","TheCursedMod:Dregs","infinitespire:Collect","Saiyan:MindBoom"],"relics":["SaiyanSoul","SaiyanHeart","hubris:Towel","beaked:ShinyBauble","White Beast Statue","infinitespire:EmpoweringShard","Calling Bell","MawBank","infinitespire:ShieldingShard","Prayer Wheel","Red Mask","hubris:TenFootPole","ReplayTheSpireMod:Lightbulb","Replay:Mystery Machine","Lizard Tail","ReplayTheSpireMod:Shallot","Juzu Bracelet","SlaversCollar","Vajra","Pen Nib","Cursed Key","Cauldron","Shuriken","Chameleon Ring","Happy Flower","Replay:Bronze Core","paleoftheancients:Timepiece","paleoftheancients:KeyRelic","CultistMask"],"acts_visited":["Exordium","TheCity","TheBeyond","paleoftheancients:PaleOfTheAncients"],"potions_floor_usage":[13,13,13,16,16,18,19,19,19,23,30,30,31,31,33,35,37,37,40,40,43,43,43,43,43,43,47,48,52,52,52,54],"damage_taken":[{"damage":0,"enemies":"2 Louse","floor":1,"turns":2},{"damage":1,"enemies":"Small Slimes","floor":3,"turns":2},{"damage":11,"enemies":"Gremlin Nob","floor":7,"turns":4},{"damage":2,"enemies":"Jaw Worm","floor":8,"turns":3},{"damage":0,"enemies":"Large Slime","floor":10,"turns":4},{"damage":13,"enemies":"3 Sentries","floor":13,"turns":4},{"damage":16,"enemies":"3 Louse","floor":14,"turns":4},{"damage":27,"enemies":"Hexaghost","floor":16,"turns":5},{"damage":17,"enemies":"2 Thieves","floor":18,"turns":4},{"damage":17,"enemies":"Masked Bandits","floor":19,"turns":6},{"damage":35,"enemies":"Slavers","floor":23,"turns":6},{"damage":32,"enemies":"Nightmare","floor":30,"turns":6},{"damage":54,"enemies":"Chosen","floor":31,"turns":11},{"damage":8,"enemies":"Centurion and Healer","floor":33,"turns":7},{"damage":30,"enemies":"hubris:MusketHawk","floor":35,"turns":10},{"damage":74,"enemies":"3 Darklings","floor":37,"turns":7},{"damage":0,"enemies":"Orb Walker","floor":38,"turns":2},{"damage":0,"enemies":"Writhing Mass","floor":40,"turns":5},{"damage":38,"enemies":"beaked:SuperParasite","floor":43,"turns":8},{"damage":42,"enemies":"4 Shapes","floor":48,"turns":4},{"damage":16,"enemies":"infinitespire:MassOfShapes","floor":52,"turns":8},{"damage":99,"enemies":"infinitespire:MassOfShapes","floor":54,"turns":5},{"damage":160,"enemies":"infinitespire:MassOfShapes","floor":55,"turns":7}],"seed_played":"-9012243700519009152","potions_obtained":[{"floor":7,"key":"Reflective Coating"},{"floor":8,"key":"BlessingOfTheForge"},{"floor":10,"key":"BlessingOfTheForge"},{"floor":13,"key":"DuplicationPotion"},{"floor":14,"key":"AttackPotion"},{"floor":16,"key":"Flashbang"},{"floor":18,"key":"PowerPotion"},{"floor":19,"key":"sneckomod:MuddlingPotion"},{"floor":23,"key":"DistilledChaos"},{"floor":27,"key":"Reflective Coating"},{"floor":30,"key":"AttackPotion"},{"floor":31,"key":"sneckomod:MuddlingPotion"},{"floor":33,"key":"champ:CounterPotion"},{"floor":35,"key":"Explosive Potion"},{"floor":37,"key":"LifebloodPotion"},{"floor":38,"key":"ColorlessPotion"},{"floor":40,"key":"Guardian:BlockOnCardUsePotion"},{"floor":41,"key":"AttackPotion"},{"floor":41,"key":"EntropicBrew"},{"floor":41,"key":"Flashbang"},{"floor":43,"key":"EntropicBrew"},{"floor":48,"key":"Ancient Potion"},{"floor":52,"key":"Toxic Potion"}],"is_trial":false,"path_per_floor":["M","?","M","$","?","R","E","M","T","M","R","?","E","M","R","B",null,"M","?","?","?","$","E","PTL","PTL","R","?","T","$","NM","M","R","M","R","B",null,"M","M","AVR","M","$","R","E","?","T","?","R","M","?","?","R","B",null,"M","M"],"character_chosen":"SAIYAJIN","items_purchased":["hubris:TenFootPole","Lizard Tail","Cauldron"],"campfire_rested":8,"item_purchase_floors":[22,29,41],"current_hp_per_floor":[60,49,49,49,49,61,52,51,51,53,53,53,42,27,47,22,71,56,40,64,64,64,31,31,31,53,53,53,53,22,28,51,44,67,40,82,8,8,8,11,11,36,18,18,18,18,43,2,2,2,28,13,88,91,0,0],"gold":453,"neow_bonus":"RANDOM_EVENT","is_daily":false,"chose_seed":false,"campfire_upgraded":1,"win_rate":0.0,"timestamp":1610649451,"path_taken":["M","?","M","$","?","R","E","M","T","M","R","?","E","M","R","BOSS","M","?","?","?","$","E","PTL","PTL","R","?","T","$","NM","M","R","M","R","BOSS","M","M","AVR","M","?","R","E","?","T","?","R","M","?","?","R","BOSS","M","M"],"items_purchased_type":["Relic","Relic","Relic"],"build_version":"2020-12-22","purchased_purges":1,"victory":false,"max_hp_per_floor":[60,60,61,61,61,61,63,64,64,66,66,66,68,69,69,71,71,73,74,74,74,74,76,76,76,76,76,76,76,77,78,78,79,79,82,82,82,82,82,85,85,85,86,86,86,86,86,87,87,87,87,88,88,91,97,97],"card_choices":[{"not_picked":["Saiyan:FinalFlash","Saiyan:PowerStance"],"picked":"Saiyan:MeteorDash","floor":1},{"not_picked":["Saiyan:WarmUp","Saiyan:BurningSoul"],"picked":"Saiyan:BigBangAttack","floor":3},{"not_picked":["Saiyan:Quickening","Saiyan:Honing"],"picked":"Saiyan:RemoveWeights","floor":7},{"not_picked":["Saiyan:TheBomb","Saiyan:Scouter"],"picked":"Saiyan:SaiyanHubris","floor":8},{"not_picked":["Saiyan:BurningSoul","Saiyan:KiExplosion"],"picked":"Saiyan:ExpandingShockwave","floor":10},{"not_picked":["Saiyan:LastResort","Saiyan:PowerPole"],"picked":"Saiyan:MonkeyTail","floor":13},{"not_picked":["Saiyan:Fly","Saiyan:SaiyanHubris"],"picked":"Saiyan:KiExplosion","floor":14},{"not_picked":["Saiyan:MindBoom","Saiyan:HyperTimeChamber"],"picked":"Saiyan:TransfigurationBeam","floor":16},{"not_picked":["Saiyan:BigBangAttack","Saiyan:Flurry"],"picked":"Saiyan:DragonFist","floor":18},{"not_picked":["Saiyan:BigBangAttack+1","Saiyan:KameHameHa"],"picked":"Saiyan:Rekindle","floor":18},{"not_picked":["Saiyan:Furor","Saiyan:PowerPole"],"picked":"Saiyan:DragonRadar+1","floor":19},{"not_picked":["Saiyan:DrainingStrike","Saiyan:PowerUp"],"picked":"Saiyan:Afterimage+1","floor":23},{"not_picked":["Saiyan:ThirstForFight","Saiyan:BackAttack"],"picked":"Saiyan:SenzuBean","floor":30},{"not_picked":["Saiyan:Planning","Saiyan:KiExplosion"],"picked":"Saiyan:Teleport","floor":31},{"not_picked":["Saiyan:KiExplosion","Saiyan:Honing+1","Saiyan:Quickening+1"],"picked":"SKIP","floor":31},{"not_picked":["Saiyan:BackAttack+1","Saiyan:Planning"],"picked":"Saiyan:Quickening","floor":33},{"not_picked":["Saiyan:TheBomb","Saiyan:Honing","Saiyan:Quickening"],"picked":"SKIP","floor":33},{"not_picked":["Saiyan:MonkeyTail","Saiyan:TheBomb"],"picked":"Saiyan:MindBoom","floor":35},{"not_picked":["Saiyan:Planning+1","Saiyan:Flurry+1"],"picked":"Saiyan:FingerParry+1","floor":37},{"not_picked":["Saiyan:ConcussiveBlow","Saiyan:Rekindle","Saiyan:Scouter"],"picked":"SKIP","floor":37},{"not_picked":["Saiyan:ConcussiveBlow","Saiyan:Rekindle","Saiyan:Scouter"],"picked":"SKIP","floor":37},{"not_picked":["Saiyan:SaiyanHubris+1","Saiyan:Twize"],"picked":"Saiyan:PlotArmor+1","floor":38},{"not_picked":["Saiyan:DoubleMasenko","Saiyan:FingerParry"],"picked":"Saiyan:KiExplosion","floor":38},{"not_picked":["Saiyan:MeteorDash","Saiyan:BurningSoul+1"],"picked":"Saiyan:DragonRadar+1","floor":40},{"not_picked":["Saiyan:SpiritSword","Saiyan:PowerUp+1"],"picked":"Saiyan:GhostAttack","floor":40},{"not_picked":["Saiyan:PowerPole","Saiyan:TheBomb"],"picked":"Saiyan:Endure+1","floor":43},{"not_picked":["Saiyan:Quickening","Saiyan:PowerUp+1"],"picked":"Saiyan:Kienzan+1","floor":48},{"not_picked":["Saiyan:FingerParry+1","Saiyan:MeteorDash+1"],"picked":"Saiyan:BurningSoul","floor":48},{"not_picked":["infinitespire:Oblivion","infinitespire:Punishment"],"picked":"infinitespire:Collect","floor":50},{"not_picked":["Saiyan:SenzuBean","Saiyan:MajinSeal"],"picked":"Saiyan:MindBoom","floor":52}],"player_experience":150463,"relics_obtained":[{"floor":7,"key":"beaked:ShinyBauble"},{"floor":9,"key":"White Beast Statue"},{"floor":13,"key":"infinitespire:EmpoweringShard"},{"floor":17,"key":"MawBank"},{"floor":17,"key":"infinitespire:ShieldingShard"},{"floor":17,"key":"Prayer Wheel"},{"floor":19,"key":"Red Mask"},{"floor":23,"key":"ReplayTheSpireMod:Lightbulb"},{"floor":28,"key":"Replay:Mystery Machine"},{"floor":30,"key":"ReplayTheSpireMod:Shallot"},{"floor":31,"key":"Juzu Bracelet"},{"floor":37,"key":"Vajra"},{"floor":43,"key":"Shuriken"},{"floor":45,"key":"Chameleon Ring"},{"floor":48,"key":"Happy Flower"}],"event_choices":[{"damage_healed":0,"gold_gain":75,"player_choice":"Gather Gold","damage_taken":11,"max_hp_gain":0,"max_hp_loss":0,"event_name":"World of Goop","floor":2,"gold_loss":0},{"damage_healed":0,"gold_gain":175,"player_choice":"AGREE","damage_taken":0,"max_hp_gain":0,"max_hp_loss":0,"event_name":"Liars Game","floor":12,"gold_loss":0,"cards_obtained":["Doubt"]},{"damage_healed":0,"gold_gain":0,"player_choice":"Fought Bandits","damage_taken":0,"max_hp_gain":0,"max_hp_loss":0,"event_name":"Masked Bandits","floor":19,"gold_loss":0},{"damage_healed":24,"gold_gain":0,"player_choice":"Heal","damage_taken":0,"max_hp_gain":0,"max_hp_loss":0,"event_name":"The Library","floor":20,"gold_loss":0},{"damage_healed":0,"gold_gain":0,"player_choice":"Bought 1 Potion","damage_taken":0,"max_hp_gain":0,"max_hp_loss":0,"event_name":"The Woman in Blue","floor":27,"gold_loss":0},{"damage_healed":0,"gold_gain":0,"player_choice":"Ignored","damage_taken":0,"max_hp_gain":0,"max_hp_loss":0,"event_name":"Mysterious Sphere","floor":44,"gold_loss":0},{"cards_removed":["Saiyan:Quickening"],"damage_healed":0,"gold_gain":0,"player_choice":"Removed Skill","damage_taken":0,"max_hp_gain":0,"max_hp_loss":0,"event_name":"Falling","floor":46,"gold_loss":0},{"damage_healed":0,"gold_gain":100,"player_choice":"Pray","damage_taken":0,"max_hp_gain":0,"max_hp_loss":0,"event_name":"Golden Shrine","floor":49,"gold_loss":0}],"is_beta":false,"boss_relics":[{"not_picked":["hubris:ScarierMask","SacredBark"],"picked":"Calling Bell"},{"not_picked":["hubris:TerracottaHorce","hubris:VirtuousBlindfold"],"picked":"SlaversCollar"},{"not_picked":["hubris:BlackHole","Empty Cage"],"picked":"Replay:Bronze Core"}],"items_purged_floors":[22],"is_endless":true,"potions_floor_spawned":[7,8,10,13,14,16,18,19,23,30,31,33,35,37,38,40,43,48,52,54],"killed_by":"infinitespire:MassOfShapes","ascension_level":0}}