{"host":"lku4gktzilv18rfq","time":1610597628,"event":{"mods":["BaseMod","Downfall","Minty Spire (QoL Compilation)","Permanent Neow","StSLib"],"gold_per_floor":[13,13,27,27,39,39,54,54,77,110,123,1,1,36,36,139,139,158,173,185,185,201,201,218,218,243,255,267,309,141,141,141,238,238,258,258,270,287,302,302,337,337,337,337,337],"floor_reached":44,"language":"ENG","playtime":2358,"items_purged":["Strike_R","Strike_R"],"score":812,"play_id":"42b5625a-75f8-41a4-affb-f33faea47971","local_time":"20210113201348","is_ascension_mode":true,"campfire_choices":[{"data":"Body Slam","floor":6,"key":"SMITH"},{"data":"Bash","floor":8,"key":"SMITH"},{"data":"True Grit","floor":13,"key":"SMITH"},{"data":"Flame Barrier","floor":15,"key":"SMITH"},{"data":"Barricade","floor":23,"key":"SMITH"},{"data":"Shrug It Off","floor":25,"key":"SMITH"},{"floor":27,"key":"RECALL"},{"data":"Metallicize","floor":32,"key":"SMITH"},{"data":"Battle Trance","floor":40,"key":"SMITH"},{"data":"Ghostly Armor","floor":42,"key":"SMITH"}],"circlet_count":0,"master_deck":["Defend_R","Defend_R","Defend_R","Defend_R","Bash+1","Flame Barrier+1","Body Slam+1","Dropkick+1","Clothesline+1","True Grit+1","Body Slam+1","Body Slam+1","Bludgeon+1","Barricade+1","Shrug It Off+1","Warcry+1","Body Slam+1","Metallicize+1","Body Slam+1","Berserk+1","Ghostly Armor+1","Battle Trance+1","Entrench+1","Body Slam+1"],"relics":["Burning Blood","Molten Egg 2","Red Skull","White Beast Statue","Ancient Tea Set","Runic Dome","MawBank","Potion Belt","SacredBark","Darkstone Periapt"],"acts_visited":["Exordium","TheCity","TheBeyond"],"potions_floor_usage":[16,16,19,29,33,33,33,37],"damage_taken":[{"damage":4,"enemies":"Jaw Worm","floor":1,"turns":6},{"damage":11,"enemies":"Cultist","floor":3,"turns":6},{"damage":0,"enemies":"2 Louse","floor":5,"turns":3},{"damage":6,"enemies":"Looter","floor":7,"turns":3},{"damage":31,"enemies":"Lagavulin","floor":10,"turns":6},{"damage":9,"enemies":"Red Slaver","floor":11,"turns":2},{"damage":10,"enemies":"3 Sentries","floor":14,"turns":8},{"damage":28,"enemies":"The Guardian","floor":16,"turns":8},{"damage":0,"enemies":"3 Byrds","floor":18,"turns":4},{"damage":11,"enemies":"Shell Parasite","floor":19,"turns":3},{"damage":14,"enemies":"Snecko","floor":20,"turns":6},{"damage":28,"enemies":"Snake Plant","floor":22,"turns":4},{"damage":0,"enemies":"Centurion and Healer","floor":24,"turns":4},{"damage":3,"enemies":"Slavers","floor":29,"turns":5},{"damage":0,"enemies":"Collector","floor":33,"turns":3},{"damage":22,"enemies":"3 Shapes","floor":35,"turns":5},{"damage":16,"enemies":"3 Darklings","floor":37,"turns":5},{"damage":2,"enemies":"Maw","floor":38,"turns":5},{"damage":15,"enemies":"Transient","floor":39,"turns":5},{"damage":37,"enemies":"Nemesis","floor":41,"turns":5},{"damage":16,"enemies":"3 Darklings","floor":44,"turns":3}],"seed_played":"-7579025282018136387","potions_obtained":[{"floor":10,"key":"Guardian:BlockOnCardUsePotion"},{"floor":11,"key":"DistilledChaos"},{"floor":14,"key":"Fruit Juice"},{"floor":16,"key":"SteroidPotion"},{"floor":18,"key":"GamblersBrew"},{"floor":19,"key":"EssenceOfSteel"},{"floor":29,"key":"SpeedPotion"},{"floor":33,"key":"DuplicationPotion"},{"floor":35,"key":"Swift Potion"},{"floor":37,"key":"Dexterity Potion"},{"floor":38,"key":"Ancient Potion"},{"floor":39,"key":"Dexterity Potion"},{"floor":41,"key":"hexamod:EctoCoolerPotion"}],"is_trial":false,"path_per_floor":["M","?","M","T","M","R","M","R","T","E","M","$","R","E","R","B",null,"M","M","M","?","M","R","M","R","T","R","?","E","$","?","R","B",null,"M","?","M","M","M","R","E","R","T","M"],"character_chosen":"IRONCLAD","items_purchased":["Body Slam+1","Metallicize"],"campfire_rested":0,"item_purchase_floors":[12,30],"current_hp_per_floor":[74,74,69,69,75,75,75,75,75,50,47,47,47,43,43,26,70,76,71,63,63,41,41,47,47,47,47,31,34,34,34,34,40,78,62,62,52,56,47,47,16,16,16,0,0],"gold":337,"neow_bonus":"REMOVE_TWO","is_daily":false,"chose_seed":false,"campfire_upgraded":9,"win_rate":0.0,"timestamp":1610597628,"path_taken":["M","?","M","?","M","R","?","R","T","E","?","$","R","E","R","BOSS","M","M","M","?","M","R","M","R","T","R","?","E","$","?","R","BOSS","M","?","M","M","?","R","E","R","T","M"],"items_purchased_type":["Card","Card"],"build_version":"2020-12-22","purchased_purges":2,"victory":false,"max_hp_per_floor":[80,80,80,80,80,80,80,80,80,80,80,80,80,80,80,85,85,85,85,85,85,85,85,85,85,85,85,90,90,90,90,90,90,90,90,90,90,90,90,90,90,90,90,90,90],"card_choices":[{"not_picked":["Warcry","Heavy Blade"],"picked":"Flame Barrier","floor":1},{"not_picked":["Shrug It Off","Reckless Charge"],"picked":"Body Slam","floor":3},{"not_picked":["Armaments","Reckless Charge+1"],"picked":"Dropkick+1","floor":5},{"not_picked":["Reckless Charge+1","True Grit"],"picked":"Clothesline+1","floor":7},{"not_picked":["Feel No Pain","Clothesline+1"],"picked":"True Grit","floor":10},{"not_picked":["Perfected Strike+1","Anger+1"],"picked":"Body Slam+1","floor":11},{"not_picked":["Cleave+1","True Grit"],"picked":"Bludgeon+1","floor":14},{"not_picked":["Double Tap","Juggernaut"],"picked":"Barricade","floor":16},{"not_picked":["Carnage+1","Cleave+1"],"picked":"Shrug It Off","floor":18},{"not_picked":["Clash+1","Shockwave","Twin Strike+1"],"picked":"SKIP","floor":19},{"not_picked":["Cleave+1","Perfected Strike+1","Dual Wield"],"picked":"SKIP","floor":20},{"not_picked":["Limit Break","Spot Weakness+1","Headbutt+1"],"picked":"SKIP","floor":22},{"not_picked":["Clothesline+1","Thunderclap+1"],"picked":"Warcry+1","floor":24},{"not_picked":["Flame Barrier","Iron Wave+1"],"picked":"Body Slam+1","floor":29},{"not_picked":["Corruption","Barricade"],"picked":"Berserk","floor":33},{"not_picked":["Twin Strike+1","Armaments"],"picked":"Ghostly Armor","floor":35},{"not_picked":["Sword Boomerang+1","Warcry+1"],"picked":"Battle Trance","floor":37},{"not_picked":["Twin Strike+1","Dual Wield","Cleave+1"],"picked":"SKIP","floor":38},{"not_picked":["Power Through+1","Cleave+1"],"picked":"Entrench+1","floor":39},{"not_picked":["Power Through+1","Perfected Strike+1"],"picked":"Body Slam+1","floor":41}],"player_experience":958305,"relics_obtained":[{"floor":4,"key":"Molten Egg 2"},{"floor":9,"key":"Red Skull"},{"floor":10,"key":"White Beast Statue"},{"floor":14,"key":"Ancient Tea Set"},{"floor":26,"key":"MawBank"},{"floor":29,"key":"Potion Belt"},{"floor":41,"key":"Darkstone Periapt"}],"event_choices":[{"cards_removed":["Strike_R"],"damage_healed":0,"gold_gain":0,"player_choice":"Forget","damage_taken":0,"max_hp_gain":0,"max_hp_loss":0,"event_name":"Living Wall","floor":2,"gold_loss":0},{"damage_healed":0,"gold_gain":0,"player_choice":"Shed Blood","damage_taken":21,"max_hp_gain":5,"max_hp_loss":0,"event_name":"Forgotten Altar","floor":28,"gold_loss":0},{"damage_healed":0,"gold_gain":0,"player_choice":"Read","damage_taken":0,"max_hp_gain":0,"max_hp_loss":0,"event_name":"The Library","floor":31,"gold_loss":0,"cards_obtained":["Body Slam"]},{"damage_healed":0,"gold_gain":0,"player_choice":"Upgraded","damage_taken":0,"max_hp_gain":0,"max_hp_loss":0,"event_name":"Upgrade Shrine","floor":36,"gold_loss":0,"cards_upgraded":["Berserk"]}],"is_beta":false,"boss_relics":[{"not_picked":["Astrolabe","Busted Crown"],"picked":"Runic Dome"},{"not_picked":["Tiny House","Runic Cube"],"picked":"SacredBark"}],"items_purged_floors":[12,30],"is_endless":false,"potions_floor_spawned":[10,11,14,16,18,19,20,22,24,29,33,35,37,38,39,41],"killed_by":"3 Darklings","ascension_level":9}}