{"host":"uxq2rly8rxtwffuf","time":1610617409,"event":{"mods":["BaseMod","Koishi","Minty Spire (QoL Compilation)","StSLib","The Servant 0.9.4"],"gold_per_floor":[110,121,46,46,146,146,157,183,183,183,183,212,231,244,244,244,244],"floor_reached":16,"language":"ENG","playtime":393,"items_purged":["Strike_R"],"score":165,"play_id":"f35837be-8458-4204-8d5e-9c2737d9bab2","local_time":"20210114124329","is_ascension_mode":true,"campfire_choices":[{"data":"Bash","floor":6,"key":"SMITH"},{"data":"True Grit","floor":10,"key":"SMITH"},{"floor":15,"key":"REST"}],"circlet_count":0,"master_deck":["AscendersBane","Strike_R","Strike_R","Strike_R","Strike_R","Defend_R","Defend_R","Defend_R","Defend_R","Bash+1","True Grit+1","Sentinel"],"relics":["Burning Blood","Mercury Hourglass","Lantern","Gremlin Horn","Charon\u0027s Ashes"],"acts_visited":["Exordium"],"potions_floor_usage":[7],"damage_taken":[{"damage":11,"enemies":"Cultist","floor":1,"turns":4},{"damage":14,"enemies":"Jaw Worm","floor":2,"turns":4},{"damage":0,"enemies":"2 Louse","floor":7,"turns":1},{"damage":32,"enemies":"Gremlin Nob","floor":8,"turns":4},{"damage":27,"enemies":"3 Sentries","floor":12,"turns":8},{"damage":0,"enemies":"Blue Slaver","floor":13,"turns":3},{"damage":0,"enemies":"3 Louse","floor":14,"turns":2},{"damage":62,"enemies":"The Guardian","floor":16,"turns":9}],"seed_played":"-7409128019284360182","potions_obtained":[{"floor":1,"key":"ElixirPotion"},{"floor":2,"key":"SteroidPotion"},{"floor":12,"key":"SpeedPotion"}],"is_trial":false,"path_per_floor":["M","M","$","?","?","R","M","E","T","R","T","E","M","M","R","B"],"character_chosen":"IRONCLAD","items_purchased":[],"campfire_rested":1,"item_purchase_floors":[],"current_hp_per_floor":[75,67,67,60,60,60,66,40,40,40,40,19,25,31,57,0,0],"gold":244,"neow_bonus":"TEN_PERCENT_HP_BONUS","is_daily":false,"chose_seed":false,"campfire_upgraded":2,"win_rate":0.0,"timestamp":1610617409,"path_taken":["M","M","$","?","?","R","?","E","T","R","?","E","M","M","R","BOSS"],"items_purchased_type":[],"build_version":"2020-12-22","purchased_purges":1,"victory":false,"max_hp_per_floor":[88,88,88,88,88,88,88,88,88,88,88,88,88,88,88,88,88],"card_choices":[{"not_picked":["Spot Weakness","Anger"],"picked":"True Grit","floor":1},{"not_picked":["Iron Wave","Second Wind","Thunderclap"],"picked":"SKIP","floor":2},{"not_picked":["Intimidate","Searing Blow","Whirlwind"],"picked":"SKIP","floor":7},{"not_picked":["Warcry","Spot Weakness","Exhume"],"picked":"SKIP","floor":8},{"not_picked":["Heavy Blade","Corruption","Rage"],"picked":"SKIP","floor":12},{"not_picked":["Cleave","Headbutt","True Grit"],"picked":"SKIP","floor":13},{"not_picked":["Power Through","Iron Wave"],"picked":"Sentinel","floor":14}],"player_experience":1402823,"relics_obtained":[{"floor":8,"key":"Lantern"},{"floor":11,"key":"Gremlin Horn"},{"floor":12,"key":"Charon\u0027s Ashes"}],"event_choices":[{"damage_healed":0,"gold_gain":0,"player_choice":"Success","damage_taken":7,"relics_obtained":["Mercury Hourglass"],"max_hp_gain":0,"max_hp_loss":0,"event_name":"Scrap Ooze","floor":4,"gold_loss":0},{"damage_healed":0,"gold_gain":100,"player_choice":"Pray","damage_taken":0,"max_hp_gain":0,"max_hp_loss":0,"event_name":"Golden Shrine","floor":5,"gold_loss":0}],"is_beta":false,"boss_relics":[],"items_purged_floors":[3],"is_endless":false,"potions_floor_spawned":[1,2,12],"killed_by":"The Guardian","ascension_level":10}}