{"host":"s8k08j4eybfen9r6","time":1610616580,"event":{"mods":["Aspiration","BaseMod","Better Altar","Better Match","Better Note","Better Sensory Stone","Better Skull","Better Third Choice","BetterRewards","Downfall","Duelist Mod","Hubris","Jedi Mod","Minty Spire (QoL Compilation)","MostiFishMod","Rare Cards Sparkle","Shop Mod","Spicy Shops","StSLib","The Animator"],"gold_per_floor":[112,130,130,149,149,149,149,178,178,195,221,221,232,245,245,349,349,362,141,141,152,52,85,85,85,108,108,108,108],"floor_reached":28,"language":"ENG","playtime":1052,"items_purged":["Regret","Strike_G"],"score":311,"play_id":"fb80dcab-7aaa-4ef3-a77c-148d3a96748a","local_time":"20210114192940","is_ascension_mode":true,"campfire_choices":[{"data":"1","floor":6,"key":"LIFT"},{"data":"2","floor":15,"key":"LIFT"}],"circlet_count":0,"master_deck":["Strike_G","Strike_G","Strike_G","Strike_G","Defend_G","Defend_G","Defend_G","Defend_G","Defend_G","Survivor","Neutralize","Deadly Poison","jedi:collectorvenom","Poisoned Stab","Catalyst","jedi:brewingpoison","Shame","Noxious Fumes"],"relics":["Ring of the Serpent","DaveBox","NeowsBlessing","SynthV","SynthV:TestCard","Girya","hubris:Icosahedron","Kunai","aspiration:ArtOfWarUpgrade","Snake Skull","CaptainsWheel","PreservedInsect"],"acts_visited":["Exordium","TheCity"],"potions_floor_usage":[11,11,23,23,28,28],"damage_taken":[{"damage":0,"enemies":"Small Slimes","floor":1,"turns":1},{"damage":0,"enemies":"2 Louse","floor":2,"turns":1},{"damage":0,"enemies":"Cultist","floor":4,"turns":1},{"damage":34,"enemies":"Gremlin Nob","floor":8,"turns":5},{"damage":2,"enemies":"2 Fungi Beasts","floor":10,"turns":3},{"damage":1,"enemies":"3 Sentries","floor":11,"turns":6},{"damage":0,"enemies":"3 Louse","floor":13,"turns":3},{"damage":3,"enemies":"Large Slime","floor":14,"turns":4},{"damage":0,"enemies":"Hexaghost","floor":16,"turns":5},{"damage":32,"enemies":"Spheric Guardian","floor":18,"turns":5},{"damage":0,"enemies":"Chosen","floor":21,"turns":3},{"damage":9,"enemies":"Slavers","floor":23,"turns":5},{"damage":31,"enemies":"Gremlin Leader","floor":28,"turns":2}],"seed_played":"-2995787179436980725","potions_obtained":[{"floor":1,"key":"SpeedPotion"},{"floor":10,"key":"EntropicBrew"},{"floor":23,"key":"FearPotion"}],"is_trial":false,"path_per_floor":["M","M","?","M","?","R","T","E","T","M","E","?","M","M","R","B",null,"M","$","?","M","$","E","?","R","T","R","E"],"character_chosen":"THE_SILENT","items_purchased":["Snake Skull"],"campfire_rested":0,"item_purchase_floors":[19],"current_hp_per_floor":[70,70,70,70,70,70,70,36,36,34,33,33,33,30,30,30,70,38,38,38,38,38,29,29,29,29,29,0,0],"gold":108,"neow_bonus":"THREE_ENEMY_KILL","is_daily":false,"chose_seed":false,"campfire_upgraded":0,"win_rate":0.0,"timestamp":1610616580,"path_taken":["M","M","?","M","?","R","?","E","T","M","E","?","M","M","R","BOSS","M","?","?","M","$","E","?","R","T","R","E"],"items_purchased_type":["Relic"],"build_version":"2020-12-22","purchased_purges":2,"victory":false,"max_hp_per_floor":[70,70,70,70,70,70,70,70,70,70,70,70,70,70,70,70,70,70,70,70,70,70,70,70,70,70,70,70,70],"card_choices":[{"not_picked":["Calculated Gamble","Outmaneuver"],"picked":"Deadly Poison","floor":1},{"not_picked":["Concentrate","Dagger Throw","Crippling Poison","Expertise"],"picked":"jedi:collectorvenom","floor":2},{"not_picked":["jedi:collectorvenom","Choke","Dash","hubris:SlightOfHand"],"picked":"Poisoned Stab","floor":4},{"not_picked":["jedi:collectorvenom","Escape Plan","Outmaneuver","MostiFishMod:FrostNova"],"picked":"jedi:collectorvenom","floor":8},{"not_picked":["Endless Agony","jedi:collectorvenom","Poisoned Stab","Blade Dance"],"picked":"Catalyst","floor":10},{"not_picked":["Sucker Punch","Dagger Throw","Distraction","Prepared","Underhanded Strike"],"picked":"SKIP","floor":11},{"not_picked":["Dagger Spray","Dodge and Roll","Escape Plan","hubris:Sniper"],"picked":"jedi:collectorvenom","floor":13},{"not_picked":["Dagger Spray","Dash","Grand Finale","Well Laid Plans"],"picked":"jedi:collectorvenom","floor":14},{"not_picked":["A Thousand Cuts","Phantasmal Killer","jedi:collectorvenom","Storm of Steel"],"picked":"jedi:brewingpoison","floor":16},{"not_picked":["Quick Slash","Dodge and Roll+1","Poisoned Stab","Heel Hook+1"],"picked":"jedi:collectorvenom","floor":18},{"not_picked":["hubris:TrickCloak","jedi:acidrain+1","Bouncing Flask","Dagger Spray"],"picked":"jedi:collectorvenom","floor":21},{"not_picked":["Infinite Blades","MostiFishMod:PoisonShield","Outmaneuver+1","Accuracy"],"picked":"Noxious Fumes","floor":23}],"player_experience":430007,"relics_obtained":[{"floor":1,"key":"SynthV:TestCard"},{"floor":8,"key":"Kunai"},{"floor":9,"key":"Art of War"},{"floor":23,"key":"CaptainsWheel"},{"floor":26,"key":"PreservedInsect"}],"event_choices":[{"damage_healed":0,"gold_gain":0,"player_choice":"Box","damage_taken":0,"relics_obtained":["Girya"],"max_hp_gain":0,"max_hp_loss":0,"event_name":"Big Fish","floor":3,"gold_loss":0,"cards_obtained":["Regret"]},{"damage_healed":0,"gold_gain":0,"player_choice":"Bought 0 Potions","damage_taken":0,"max_hp_gain":0,"max_hp_loss":0,"event_name":"The Woman in Blue","floor":12,"gold_loss":0},{"damage_healed":0,"gold_gain":0,"player_choice":"Ignored","damage_taken":0,"max_hp_gain":0,"max_hp_loss":0,"event_name":"Vampires","floor":24,"gold_loss":0}],"is_beta":false,"boss_relics":[{"not_picked":["PatriotShield","ShadowXiaoBlade"],"picked":"Ring of the Serpent"}],"items_purged_floors":[19,22],"is_endless":false,"potions_floor_spawned":[1,10,13,23],"killed_by":"Gremlin Leader","ascension_level":1}}