{"host":"tom9euzqew4po1rs","time":1610651146,"event":{"mods":["BaseMod","Curses Come First","Downfall","Minty Spire (QoL Compilation)","Quick Restart","Rare Cards Sparkle","Replay The Spire","StSLib"],"gold_per_floor":[349,362,377,436,449,486,510,510,529,548,563,39,65,91,102,200,200,50,60,77,62,62,72,125,140,33,33,47,81,6,6,25,127,127,127,145,145,164,44,144,144,144,156,170,170,203,214,314,330,330],"floor_reached":51,"language":"ENG","playtime":4783,"items_purged":[],"score":853,"play_id":"913f9eb1-dcdd-4e85-9b8b-8d3e9fc8665f","local_time":"20210114140546","is_ascension_mode":false,"campfire_choices":[{"floor":1,"key":"RECALL"},{"data":"Slimebound:Recycling","floor":18,"key":"SMITH"},{"data":"Slimebound:OozeBath","floor":30,"key":"SMITH"},{"data":"Slimebound:Darklings","floor":35,"key":"SMITH"},{"data":"Slimebound:DuplicatedForm","floor":42,"key":"SMITH"},{"data":"Slimebound:OozeBath","floor":45,"key":"SMITH"}],"circlet_count":0,"master_deck":["Slimebound:Tackle","Slimebound:Split","Slimebound:CorrosiveSpit","Slimebound:Prepare","Slimebound:SplitBruiser","Slimebound:SlimeSpikes","Slimebound:Recycling+1","Slimebound:Schlurp","Slimebound:PressTheAttack","Slimebound:MegaLick","Slimebound:Equalize","Slimebound:SplitMire","Slimebound:Darklings","Slimebound:Darklings+1","Slimebound:OozeBath+1","Slimebound:Nibble","Slimebound:LeadByExample","Slimebound:LeechEnergy","Slimebound:MassRepurpose","Slimebound:SlimeSpikes","Slimebound:Repurpose","Slimebound:Schlurp+1","Slimebound:Overexert","Slimebound:HauntingLick","Slimebound:LivingWall","Slimebound:LeadByExample","Slimebound:GoopSpray","Slimebound:LeechingTouch","Slimebound:Replication+1","Slimebound:Recycling","Slimebound:OozeBath+1","Slimebound:RejuvenatingLick","Slimebound:DuplicatedForm+1","Slimebound:SplitBruiser","Slimebound:LeechEnergy","Slimebound:DouseInSlime","Slimebound:FormOfPuddle","Slimebound:RejuvenatingLick+1","Slimebound:LeechEnergy","Slimebound:SamplingLick","Slimebound:SpikyOuterGoop","Slimebound:SpikyOuterGoop","Slimebound:SplitBruiser","Slimebound:SamplingLick","Slimebound:LeechingTouch+1","Slimebound:SlimeSpikes+1","Parasite","Slimebound:RejuvenatingLick+1","Slimebound:MassFeed","Slimebound:SlimeTap","Slimebound:SlimeSpikes","CommonCold","Slimebound:Split","Survey Options","Slimebound:Schlurp+1","Slimebound:LeechEnergy"],"relics":["Slimebound:AbsorbEndCombat","Boot","Replay:Baseball","Matryoshka","ReplayTheSpireMod:Lightbulb","Odd Mushroom","Replay:Bronze Core","downfall:HeartBlessingRed","downfall:HeartBlessingBlue","Replay:Mystery Machine","Replay:Rubber Ducky","Regal Pillow","downfall:HeartBlessingGreen","Slimebound:AggressiveSlimeRelic","ReplayTheSpireMod:Ninjato","Pandora\u0027s Box","downfall:GremlinWheel","Pocketwatch","Art of War","downfall:GremlinSack"],"acts_visited":["Exordium","TheCity","TheBeyond"],"potions_floor_usage":[9,10,10,15,25,26,29,33,33,36,38,44,44,46],"damage_taken":[{"damage":5,"enemies":"Cultist","floor":2,"turns":3},{"damage":4,"enemies":"Small Slimes","floor":3,"turns":3},{"damage":37,"enemies":"Gremlin Nob","floor":4,"turns":4},{"damage":8,"enemies":"Jaw Worm","floor":5,"turns":3},{"damage":6,"enemies":"2 Fungi Beasts","floor":9,"turns":2},{"damage":15,"enemies":"3 Louse","floor":10,"turns":4},{"damage":7,"enemies":"Exordium Wildlife","floor":11,"turns":4},{"damage":8,"enemies":"downfall:FleeingMerchant","floor":12,"turns":4},{"damage":47,"enemies":"Gremlin Nob","floor":13,"turns":5},{"damage":39,"enemies":"The Mushroom Lair","floor":14,"turns":3},{"damage":20,"enemies":"Large Slime","floor":15,"turns":3},{"damage":49,"enemies":"downfall:Ironclad","floor":16,"turns":6},{"damage":21,"enemies":"Spheric Guardian","floor":19,"turns":4},{"damage":34,"enemies":"3 Cultists","floor":20,"turns":5},{"damage":17,"enemies":"downfall:FleeingMerchant","floor":21,"turns":5},{"damage":45,"enemies":"Shelled Parasite and Fungi","floor":23,"turns":5},{"damage":14,"enemies":"Sentry and Sphere","floor":25,"turns":5},{"damage":18,"enemies":"downfall:FleeingMerchant","floor":26,"turns":5},{"damage":18,"enemies":"Snecko","floor":28,"turns":5},{"damage":60,"enemies":"Gremlin Leader","floor":29,"turns":6},{"damage":27,"enemies":"Shelled Parasite and Fungi","floor":32,"turns":4},{"damage":24,"enemies":"downfall:Defect","floor":33,"turns":6},{"damage":21,"enemies":"Orb Walker","floor":36,"turns":3},{"damage":39,"enemies":"3 Darklings","floor":38,"turns":5},{"damage":42,"enemies":"downfall:FleeingMerchant","floor":39,"turns":5},{"damage":8,"enemies":"downfall:FleeingMerchant","floor":40,"turns":3},{"damage":25,"enemies":"Maw","floor":43,"turns":7},{"damage":26,"enemies":"4 Shapes","floor":44,"turns":4},{"damage":44,"enemies":"Nemesis","floor":46,"turns":5},{"damage":31,"enemies":"Writhing Mass","floor":47,"turns":6},{"damage":35,"enemies":"Writhing Mass","floor":48,"turns":3},{"damage":66,"enemies":"Sphere and 2 Shapes","floor":49,"turns":4},{"damage":109,"enemies":"downfall:Silent","floor":50,"turns":9}],"seed_played":"4944339916686429992","potions_obtained":[{"floor":3,"key":"champ:CounterPotion"},{"floor":4,"key":"Block Potion"},{"floor":6,"key":"FairyPotion"},{"floor":9,"key":"Regen Potion"},{"floor":14,"key":"ColorlessPotion"},{"floor":16,"key":"Doom Potion"},{"floor":23,"key":"Block Potion"},{"floor":25,"key":"FearPotion"},{"floor":28,"key":"Slimebound:SlimedPotion"},{"floor":32,"key":"Strength Potion"},{"floor":33,"key":"Adrenaline Potion"},{"floor":36,"key":"Guardian:BlockOnCardUsePotion"},{"floor":40,"key":"PowerPotion"},{"floor":43,"key":"PowerPotion"},{"floor":44,"key":"ColorlessPotion"}],"is_trial":false,"path_per_floor":["R","M","M","?","M","?","T","?","M","M","M","$","E","?","M","B",null,"R","M","M","$","?","M","T","M","$","?","M","E","R","T","M","B",null,"R","M","?","M","$","?","T","R","M","M","R","E","M","?","M","B",null],"character_chosen":"SLIMEBOUND","items_purchased":["Matryoshka","Slimebound:Darklings","Slimebound:OozeBath","Slimebound:LeadByExample","Slimebound:GoopSpray","Slimebound:SpikyOuterGoop","Slimebound:SplitBruiser"],"campfire_rested":0,"item_purchase_floors":[12,12,12,26,26,39,39],"current_hp_per_floor":[42,49,49,28,32,32,32,32,38,43,60,60,25,28,32,23,60,70,70,68,70,70,70,70,70,70,70,70,53,53,53,70,70,70,70,70,70,66,66,70,70,70,69,70,70,70,70,70,53,68],"gold":330,"neow_bonus":"TWO_FIFTY_GOLD","is_daily":false,"chose_seed":false,"campfire_upgraded":5,"win_rate":0.0,"timestamp":1610651146,"path_taken":["R","M","M","?","M","?","T","?","M","M","M","$","E","?","M","BOSS","R","M","M","$","?","M","T","M","$","?","M","E","R","?","M","BOSS","R","M","?","M","$","?","T","R","?","M","R","E","M","?","M","BOSS"],"items_purchased_type":["Relic","Card","Card","Card","Card","Card","Card"],"build_version":"2020-12-22","purchased_purges":0,"victory":true,"max_hp_per_floor":[60,60,60,60,60,60,60,60,60,60,60,60,60,60,60,60,60,70,70,70,70,70,70,70,70,70,70,70,70,70,70,70,70,70,70,70,70,70,70,70,70,70,70,70,70,70,70,70,73,76],"card_choices":[{"not_picked":["Slimebound:PressTheAttack","Slimebound:LeechingTouch"],"picked":"Slimebound:Prepare","floor":2},{"not_picked":["Slimebound:ComboTackle","Slimebound:Prepare"],"picked":"Slimebound:SplitBruiser","floor":3},{"not_picked":["Slimebound:SplitMire","Slimebound:SplitBruiser"],"picked":"Slimebound:SlimeSpikes","floor":4},{"not_picked":["Slimebound:PressTheAttack","Slimebound:RollThrough"],"picked":"Slimebound:Recycling","floor":5},{"not_picked":["Slimebound:FinishingTackle","Slimebound:PressTheAttack"],"picked":"Slimebound:Schlurp","floor":6},{"not_picked":["Slimebound:FlameTackle","Slimebound:RollThrough"],"picked":"Slimebound:Equalize","floor":6},{"not_picked":["Slimebound:RollThrough","Slimebound:GoopTackle"],"picked":"Slimebound:PressTheAttack","floor":9},{"not_picked":["Slimebound:GrowthPunch","Slimebound:HungryTackle"],"picked":"Slimebound:MegaLick","floor":10},{"not_picked":["Slimebound:PressTheAttack","Slimebound:Schlurp"],"picked":"Slimebound:Equalize","floor":11},{"not_picked":["Slimebound:FinishingTackle","Slimebound:DisruptingSlam"],"picked":"Slimebound:SplitMire","floor":12},{"not_picked":["Slimebound:Dissolve","Slimebound:GoopTackle"],"picked":"Slimebound:Nibble","floor":13},{"not_picked":["Slimebound:SlimeBrawl","Slimebound:GoopSpray"],"picked":"Slimebound:LeadByExample","floor":14},{"not_picked":["Slimebound:SplitSpecialist","Slimebound:SplitAcid"],"picked":"Slimebound:LeechEnergy","floor":15},{"not_picked":["Slimebound:Overexert","Slimebound:RallyTheTroops"],"picked":"Slimebound:MassRepurpose","floor":16},{"not_picked":["Slimebound:GoopSpray+1","Slimebound:ForwardTackle+1"],"picked":"Slimebound:SlimeSpikes","floor":19},{"not_picked":["Slimebound:FinishingTackle","Slimebound:ViciousTackle"],"picked":"Slimebound:Repurpose","floor":20},{"not_picked":["Slimebound:DisruptingSlam","Slimebound:ComboTackle"],"picked":"Slimebound:Schlurp+1","floor":21},{"not_picked":["Slimebound:AcidTongue","Slimebound:SlimeSpikes+1"],"picked":"Slimebound:Overexert","floor":23},{"not_picked":["Slimebound:PressTheAttack","Slimebound:Nibble+1"],"picked":"Slimebound:HauntingLick","floor":25},{"not_picked":["Slimebound:Teamwork","Slimebound:SlimeSpikes+1"],"picked":"Slimebound:LivingWall","floor":26},{"not_picked":["Slimebound:LeechEnergy","Slimebound:FinishingTackle+1"],"picked":"Slimebound:LeechingTouch","floor":28},{"not_picked":["Slimebound:Equalize","Slimebound:GrowthPunch"],"picked":"Slimebound:Replication+1","floor":29},{"not_picked":["Slimebound:HungryTackle","Slimebound:PressTheAttack","Slimebound:FlameTackle"],"picked":"SKIP","floor":32},{"not_picked":["Slimebound:SlimeSlap","Slimebound:OozeBath"],"picked":"Slimebound:Recycling","floor":33},{"not_picked":["Slimebound:GrowthPunch+1","Slimebound:PressTheAttack"],"picked":"Slimebound:RejuvenatingLick+1","floor":36},{"not_picked":["Slimebound:ComboTackle+1","Slimebound:FirmFortitude"],"picked":"Slimebound:LeechEnergy","floor":38},{"not_picked":["Slimebound:Schlurp+1","Slimebound:FinishingTackle"],"picked":"Slimebound:SamplingLick","floor":39},{"not_picked":["Slimebound:FinishingTackle","Slimebound:GrowthPunch"],"picked":"Slimebound:SamplingLick","floor":43},{"not_picked":["Slimebound:GoopSpray+1","Slimebound:GoopTackle"],"picked":"Slimebound:LeechingTouch+1","floor":44},{"not_picked":["Slimebound:ItLooksTasty+1","Slimebound:GoopSpray+1"],"picked":"Slimebound:SlimeSpikes+1","floor":46},{"not_picked":["Slimebound:SplitAcid+1","Slimebound:LivingWall"],"picked":"Slimebound:RejuvenatingLick+1","floor":47},{"not_picked":["Slimebound:GoopSpray","Slimebound:Chomp+1"],"picked":"Slimebound:Schlurp+1","floor":48},{"not_picked":["Slimebound:GoopSpray","Slimebound:LeechingTouch+1"],"picked":"Slimebound:LeechEnergy","floor":49}],"player_experience":123138,"relics_obtained":[{"floor":4,"key":"Boot"},{"floor":6,"key":"Replay:Baseball"},{"floor":13,"key":"ReplayTheSpireMod:Lightbulb"},{"floor":14,"key":"Odd Mushroom"},{"floor":24,"key":"Replay:Mystery Machine"},{"floor":24,"key":"Replay:Rubber Ducky"},{"floor":29,"key":"Regal Pillow"},{"floor":31,"key":"Slimebound:AggressiveSlimeRelic"},{"floor":31,"key":"ReplayTheSpireMod:Ninjato"},{"floor":40,"key":"downfall:GremlinWheel"},{"floor":41,"key":"Pocketwatch"},{"floor":46,"key":"Art of War"},{"floor":48,"key":"downfall:GremlinSack"}],"event_choices":[{"damage_healed":0,"gold_gain":0,"player_choice":"Fought Mushrooms","damage_taken":0,"max_hp_gain":0,"max_hp_loss":0,"event_name":"Mushrooms","floor":14,"gold_loss":0},{"damage_healed":0,"gold_gain":0,"player_choice":"Ignored","damage_taken":0,"max_hp_gain":0,"max_hp_loss":0,"event_name":"Ghosts","floor":22,"gold_loss":0},{"cards_removed":["Slimebound:Equalize"],"damage_healed":0,"gold_gain":0,"player_choice":"Removed Attack","damage_taken":0,"max_hp_gain":0,"max_hp_loss":0,"event_name":"Falling","floor":37,"gold_loss":0}],"is_beta":false,"boss_relics":[{"not_picked":["Empty Cage","Snecko Eye"],"picked":"Replay:Bronze Core"},{"not_picked":["ReplayTheSpireMod:DimensionalGlitch","Velvet Choker"],"picked":"Pandora\u0027s Box"}],"items_purged_floors":[],"is_endless":false,"potions_floor_spawned":[3,4,9,14,16,23,25,28,32,33,36,40,43,44],"ascension_level":0}}