{"host":"dftyqn972q7tuon4","time":1610584539,"event":{"mods":["AchievementEnabler","BaseMod","Better Altar","Better Match","Better Note","Better Sensory Stone","Better Skull","Better Third Choice","Colored Powertips","Highlight Path","Minty Spire (QoL Compilation)","Permanent Neow","Quick Restart","StSLib"],"gold_per_floor":[113,38,51,1,15,42,42,16,16,16,52,72,72,172,172,295,295,313,339,38,38,62,62,101,124,151,151,178,103,124,145,145,274,274,295,295,314,314,46,80,94,94,120,132,175,187,219,52,52,52],"floor_reached":51,"language":"ENG","playtime":2263,"items_purged":["Strike_R","Defend_R","Defend_R","Defend_R"],"score":1213,"play_id":"8b284468-6fec-4408-834d-b859c72ea7fd","local_time":"20210114013539","is_ascension_mode":true,"campfire_choices":[{"data":"Barricade","floor":7,"key":"SMITH"},{"floor":15,"key":"REST"},{"data":"Entrench","floor":23,"key":"SMITH"},{"data":"Fire Breathing","floor":27,"key":"SMITH"},{"data":"Power Through","floor":32,"key":"SMITH"},{"floor":44,"key":"REST"},{"floor":46,"key":"REST"},{"floor":49,"key":"REST"}],"circlet_count":0,"master_deck":["Bash","Flash of Steel","Cleave","Reckless Charge","Barricade+1","Power Through+1","Fire Breathing+1","Juggernaut","Body Slam+1","Body Slam+1","Havoc+1","Feel No Pain+1","Shrug It Off","Entrench+1","Shockwave","Evolve+1","Demon Form","Pommel Strike+1","True Grit","AscendersBane","Rage+1","Seeing Red","Writhe","Pommel Strike+1","Havoc+1","Wild Strike","Battle Trance"],"relics":["Burning Blood","Pen Nib","betterThird:SlimedRelic","InkBottle","Golden Idol","Bag of Preparation","Astrolabe","Centennial Puzzle","Anchor","Paper Frog","Art of War","Ancient Tea Set","Fusion Hammer","OrangePellets","Smiling Mask","MawBank","Regal Pillow"],"acts_visited":["Exordium","TheCity","TheBeyond"],"potions_floor_usage":[11,11,30,33,50],"damage_taken":[{"damage":6,"enemies":"2 Louse","floor":1,"turns":3},{"damage":12,"enemies":"Jaw Worm","floor":3,"turns":3},{"damage":0,"enemies":"Small Slimes","floor":5,"turns":2},{"damage":42,"enemies":"Lagavulin","floor":6,"turns":7},{"damage":23,"enemies":"3 Sentries","floor":11,"turns":6},{"damage":6,"enemies":"3 Louse","floor":12,"turns":4},{"damage":9,"enemies":"Hexaghost","floor":16,"turns":11},{"damage":9,"enemies":"Shell Parasite","floor":18,"turns":6},{"damage":2,"enemies":"Chosen","floor":22,"turns":4},{"damage":15,"enemies":"Gremlin Leader","floor":24,"turns":6},{"damage":0,"enemies":"Centurion and Healer","floor":25,"turns":4},{"damage":2,"enemies":"Snecko","floor":30,"turns":5},{"damage":2,"enemies":"Shelled Parasite and Fungi","floor":31,"turns":4},{"damage":0,"enemies":"Champ","floor":33,"turns":5},{"damage":7,"enemies":"3 Shapes","floor":35,"turns":3},{"damage":0,"enemies":"Orb Walker","floor":37,"turns":4},{"damage":36,"enemies":"Nemesis","floor":40,"turns":7},{"damage":18,"enemies":"Maw","floor":41,"turns":5},{"damage":0,"enemies":"Reptomancer","floor":45,"turns":5},{"damage":3,"enemies":"Sphere and 2 Shapes","floor":47,"turns":3},{"damage":0,"enemies":"Donu and Deca","floor":50,"turns":5}],"seed_played":"-7256737344235931634","potions_obtained":[{"floor":3,"key":"Swift Potion"},{"floor":6,"key":"Fire Potion"},{"floor":18,"key":"BlessingOfTheForge"},{"floor":25,"key":"PowerPotion"},{"floor":31,"key":"Block Potion"},{"floor":37,"key":"SteroidPotion"},{"floor":45,"key":"SmokeBomb"}],"is_trial":false,"path_per_floor":["M","$","M","?","M","E","R","?","T","?","E","M","?","?","R","B",null,"M","T","$","?","M","R","E","M","T","R","T","?","M","M","R","B",null,"M","?","M","?","$","E","M","?","T","R","E","R","M","$","R","B",null],"character_chosen":"IRONCLAD","items_purchased":["Anchor","Shrug It Off","OrangePellets","Wild Strike","Battle Trance"],"campfire_rested":4,"item_purchase_floors":[20,20,39,48,48],"current_hp_per_floor":[72,72,66,66,72,36,36,25,25,25,8,8,1,1,25,22,66,63,63,63,63,67,67,58,64,64,64,64,64,68,72,72,78,80,79,79,80,80,80,50,38,58,58,80,80,80,80,80,80,80],"gold":52,"neow_bonus":"RANDOM_COLORLESS","is_daily":false,"chose_seed":false,"campfire_upgraded":4,"win_rate":0.0,"timestamp":1610584539,"path_taken":["M","$","M","?","M","E","R","?","T","?","E","M","?","?","R","BOSS","M","?","?","?","M","R","E","M","T","R","?","?","M","M","R","BOSS","M","?","?","?","$","E","M","?","T","R","E","R","M","$","R","BOSS"],"items_purchased_type":["Relic","Card","Relic","Card","Card"],"build_version":"2020-12-22","purchased_purges":4,"victory":true,"max_hp_per_floor":[80,80,80,80,80,80,80,80,80,80,80,80,80,80,80,80,80,80,80,80,80,80,80,80,80,80,80,80,80,80,80,80,80,80,80,80,80,80,80,80,80,80,80,80,80,80,80,80,80,80],"card_choices":[{"not_picked":["Forethought","Trip"],"picked":"Flash of Steel","floor":0},{"not_picked":["Twin Strike","Clothesline","Anger"],"picked":"SKIP","floor":1},{"not_picked":["Dark Embrace","Warcry"],"picked":"Cleave","floor":3},{"not_picked":["Sword Boomerang","Havoc"],"picked":"Reckless Charge","floor":5},{"not_picked":["Double Tap","Searing Blow"],"picked":"Barricade","floor":6},{"not_picked":["Flex","Sword Boomerang"],"picked":"Power Through","floor":11},{"not_picked":["Flex","Cleave"],"picked":"Fire Breathing","floor":12},{"not_picked":["Offering","Berserk"],"picked":"Juggernaut","floor":16},{"not_picked":["Armaments","Twin Strike"],"picked":"Feel No Pain+1","floor":18},{"not_picked":["Headbutt","Havoc"],"picked":"Entrench","floor":22},{"not_picked":["Intimidate","Spot Weakness"],"picked":"Shockwave","floor":24},{"not_picked":["Perfected Strike","Thunderclap","Anger+1"],"picked":"SKIP","floor":25},{"not_picked":["Rampage","Iron Wave","Hemokinesis"],"picked":"SKIP","floor":30},{"not_picked":["Warcry","Clothesline"],"picked":"Evolve+1","floor":31},{"not_picked":["Bludgeon","Barricade"],"picked":"Demon Form","floor":33},{"not_picked":["Iron Wave+1","Thunderclap+1"],"picked":"Pommel Strike+1","floor":35},{"not_picked":["Dual Wield","Spot Weakness"],"picked":"True Grit","floor":37},{"not_picked":["Cleave","Thunderclap+1","Exhume"],"picked":"SKIP","floor":40},{"not_picked":["Uppercut+1","Perfected Strike"],"picked":"Seeing Red","floor":41},{"not_picked":["Sword Boomerang+1","Evolve"],"picked":"Pommel Strike+1","floor":45},{"not_picked":["Shockwave","Clash+1"],"picked":"Havoc+1","floor":47}],"player_experience":636258,"relics_obtained":[{"floor":6,"key":"Pen Nib"},{"floor":9,"key":"InkBottle"},{"floor":11,"key":"Bag of Preparation"},{"floor":19,"key":"Centennial Puzzle"},{"floor":24,"key":"Paper Frog"},{"floor":26,"key":"Art of War"},{"floor":28,"key":"Ancient Tea Set"},{"floor":40,"key":"Smiling Mask"},{"floor":43,"key":"MawBank"},{"floor":45,"key":"Regal Pillow"}],"event_choices":[{"cards_removed":["Strike_R"],"damage_healed":0,"gold_gain":0,"player_choice":"Card Removal","damage_taken":0,"max_hp_gain":0,"max_hp_loss":0,"event_name":"The Cleric","floor":4,"gold_loss":50},{"damage_healed":0,"gold_gain":0,"player_choice":"Slimed","damage_taken":11,"max_hp_gain":0,"max_hp_loss":0,"event_name":"betterThird:BetterGoop","floor":8,"gold_loss":26},{"damage_healed":0,"gold_gain":0,"player_choice":"Take Wound","damage_taken":0,"relics_obtained":["Golden Idol"],"max_hp_gain":0,"max_hp_loss":0,"event_name":"Golden Idol","floor":10,"gold_loss":0,"cards_obtained":["Injury"]},{"damage_healed":0,"gold_gain":1,"player_choice":"LEAVE","damage_taken":7,"max_hp_gain":0,"max_hp_loss":0,"event_name":"betterThird:BetterScrap","floor":13,"gold_loss":0,"cards_obtained":["CarveReality"]},{"damage_healed":0,"gold_gain":100,"player_choice":"Pray","damage_taken":0,"max_hp_gain":0,"max_hp_loss":0,"event_name":"Golden Shrine","floor":14,"gold_loss":0},{"damage_healed":0,"gold_gain":0,"player_choice":"Ignored","damage_taken":0,"max_hp_gain":0,"max_hp_loss":0,"event_name":"Ghosts","floor":21,"gold_loss":0},{"cards_removed":["Defend_R"],"damage_healed":0,"gold_gain":0,"player_choice":"Gave Gold","damage_taken":0,"max_hp_gain":0,"max_hp_loss":0,"event_name":"Beggar","floor":29,"gold_loss":75},{"cards_removed":["Injury"],"damage_healed":0,"gold_gain":0,"player_choice":"Removed Curses","damage_taken":0,"max_hp_gain":0,"max_hp_loss":0,"event_name":"Fountain of Cleansing","floor":36,"gold_loss":0},{"damage_healed":0,"gold_gain":3,"player_choice":"3","damage_taken":0,"max_hp_gain":0,"max_hp_loss":0,"event_name":"betterStone:BetterStone","floor":38,"gold_loss":0,"cards_obtained":["Rage"]},{"damage_healed":20,"gold_gain":0,"player_choice":"Writhe","damage_taken":0,"max_hp_gain":0,"max_hp_loss":0,"event_name":"Winding Halls","floor":42,"gold_loss":0,"cards_obtained":["Writhe"]}],"is_beta":false,"boss_relics":[{"not_picked":["Black Star","Tiny House"],"picked":"Astrolabe"},{"not_picked":["Busted Crown","Velvet Choker"],"picked":"Fusion Hammer"}],"items_purged_floors":[2,20,39,48],"is_endless":false,"potions_floor_spawned":[3,6,18,25,31,37,45],"ascension_level":8}}