{"host":"tnsigirk6wurdark","time":1610614466,"event":{"mods":["BaseMod","Bestiary","Colored Map","Colored Powertips","Curses Come First","DeckTracker","Highlight Path","Minty Spire (QoL Compilation)","Quick Restart","Relic Sorter","StSLib","Synergy Search"],"gold_per_floor":[113,38,51,69,83,112,112,137,163,7,23,56,56,56,56,56,56],"floor_reached":16,"language":"ENG","playtime":931,"items_purged":["Strike_G","Strike_G"],"score":216,"play_id":"d3388fe6-e7d5-4f4d-a4ed-754bbc0b903f","local_time":"20210114085426","is_ascension_mode":true,"campfire_choices":[{"floor":7,"key":"REST"},{"floor":13,"key":"REST"},{"floor":15,"key":"REST"}],"circlet_count":0,"master_deck":["AscendersBane","Strike_G","Strike_G","Strike_G","Defend_G","Defend_G","Defend_G","Defend_G","Defend_G","Survivor","Neutralize","Underhanded Strike","Flying Knee","Endless Agony","Cloak And Dagger","Poisoned Stab","Concentrate","Cloak And Dagger","Dagger Spray"],"relics":["Runic Pyramid","Bag of Preparation","Ancient Tea Set","Juzu Bracelet","Art of War","Sundial"],"acts_visited":["Exordium"],"potions_floor_usage":[6,8,11],"damage_taken":[{"damage":4,"enemies":"Jaw Worm","floor":1,"turns":5},{"damage":0,"enemies":"Cultist","floor":3,"turns":4},{"damage":0,"enemies":"Small Slimes","floor":4,"turns":3},{"damage":1,"enemies":"Looter","floor":5,"turns":3},{"damage":29,"enemies":"Lagavulin","floor":6,"turns":6},{"damage":5,"enemies":"3 Sentries","floor":8,"turns":9},{"damage":7,"enemies":"Exordium Thugs","floor":11,"turns":5},{"damage":25,"enemies":"Lagavulin","floor":12,"turns":7},{"damage":45,"enemies":"Hexaghost","floor":16,"turns":11}],"seed_played":"7968321749082984349","potions_obtained":[{"floor":3,"key":"Energy Potion"},{"floor":6,"key":"Swift Potion"},{"floor":12,"key":"Ancient Potion"}],"is_trial":false,"path_per_floor":["M","$","M","M","M","E","R","E","T","$","M","E","R","?","R","B"],"character_chosen":"THE_SILENT","items_purchased":["SpeedPotion"],"campfire_rested":3,"item_purchase_floors":[10],"current_hp_per_floor":[55,55,55,55,54,25,44,39,39,39,32,7,26,26,45,0,0],"gold":56,"neow_bonus":"BOSS_RELIC","is_daily":false,"chose_seed":false,"campfire_upgraded":0,"win_rate":0.0,"timestamp":1610614466,"path_taken":["M","$","M","M","M","E","R","E","T","$","M","E","R","?","R","BOSS"],"items_purchased_type":["Potion"],"build_version":"2020-12-22","purchased_purges":2,"victory":false,"max_hp_per_floor":[66,66,66,66,66,66,66,66,66,66,66,66,66,66,66,66,66],"card_choices":[{"not_picked":["Quick Slash","Slice"],"picked":"Underhanded Strike","floor":1},{"not_picked":["Blade Dance","Masterful Stab"],"picked":"Flying Knee","floor":3},{"not_picked":["Blade Dance","Outmaneuver"],"picked":"Endless Agony","floor":4},{"not_picked":["Riddle With Holes","Dodge and Roll"],"picked":"Cloak And Dagger","floor":5},{"not_picked":["Skewer","Storm of Steel"],"picked":"Poisoned Stab","floor":6},{"not_picked":["Outmaneuver","All Out Attack","Concentrate"],"picked":"SKIP","floor":8},{"not_picked":["Outmaneuver","All Out Attack"],"picked":"Concentrate","floor":8},{"not_picked":["Well Laid Plans","PiercingWail"],"picked":"Cloak And Dagger","floor":11},{"not_picked":["Expertise","Outmaneuver"],"picked":"Dagger Spray","floor":12}],"player_experience":755833,"relics_obtained":[{"floor":6,"key":"Ancient Tea Set"},{"floor":8,"key":"Bag of Preparation"},{"floor":9,"key":"Juzu Bracelet"},{"floor":12,"key":"Art of War"}],"event_choices":[{"damage_healed":0,"gold_gain":0,"player_choice":"Gave Potion","damage_taken":0,"relics_obtained":["Sundial"],"max_hp_gain":0,"max_hp_loss":0,"event_name":"WeMeetAgain","floor":14,"gold_loss":0}],"is_beta":false,"boss_relics":[],"items_purged_floors":[2,10],"is_endless":false,"potions_floor_spawned":[3,6,12],"killed_by":"Hexaghost","ascension_level":16}}