{"host":"hbmugw1tcdgjy91l","time":1610615093,"event":{"mods":["Act Like it!","Arknights The Spire","BaseMod","Downfall","Gensokyo","Gremlin Mod","GungeonMod","Lobotomy","LobotomyExtend","Mari Mod (Legacy)","Mari\u0027s V1 Patch","Minty Spire (QoL Compilation)","Pale of the Ancients","Prisma Mod","READ ME - Guardian Mod","Replay The Spire","StSLib","TestMod","WarShipGirlsR/战舰少女R mod","vexMod","【功能Mod】混沌之环修复补丁"],"gold_per_floor":[276,11,11,29,46,46,79,79,103,103,128,146,164,180,180,180,180],"floor_reached":16,"language":"ZHS","playtime":1065,"items_purged":["ats:Explosion Area Strengthen","ats:Poison Spread","ats:Spore Proliferation","ats:Hammer On"],"score":112,"play_id":"442c56b4-89ec-46fe-b12d-3332cb8f50a1","local_time":"20210114170453","is_ascension_mode":false,"campfire_choices":[{"data":"ats:Emotion Absorption","floor":6.0,"key":"SMITH"},{"data":"ats:Demon Strength","floor":8.0,"key":"SMITH"},{"data":"ats:Spore Proliferation","floor":10.0,"key":"SMITH"},{"data":"ats:Healing Strengthening","floor":15,"key":"SMITH"}],"circlet_count":0,"master_deck":["ats:Strike C","ats:Strike G","ats:Strike S","ats:Armor Crushing Shot","ats:Defend","ats:Defend","ats:Defend","ats:Defend","ats:Emotion Absorption+1","VoidDream","ats:Spore Proliferation+1","ats:Demon Strength+1","ats:Revitalization+1","ats:Revitalization+1","ats:Shell Defense","WallGazer","ats:Healing Strengthening+1","LittleHelper","ats:Poison Spread"],"relics":["ats:Sanity","testmod-TestBox","CogitoBucket","testmod-BatchProcessingSystem","LetterFromLob","DemoMod:GnawedKey","ats:Originium","Replay:Bottled Eggs","ResearcherNote"],"acts_visited":["Exordium"],"potions_floor_usage":[11],"damage_taken":[{"damage":0.0,"enemies":"Small Slimes","floor":1.0,"turns":4.0},{"damage":0.0,"enemies":"Cultist","floor":4.0,"turns":4.0},{"damage":5.0,"enemies":"2 Louse","floor":5.0,"turns":4.0},{"damage":27.0,"enemies":"3 Sentries","floor":7.0,"turns":13.0},{"damage":2,"enemies":"Gremlin Nob","floor":11,"turns":4},{"damage":23,"enemies":"Looter","floor":12,"turns":7},{"damage":16,"enemies":"Blue Slaver","floor":13,"turns":5},{"damage":21,"enemies":"3 Louse","floor":14,"turns":5},{"damage":59,"enemies":"The Guardian","floor":16,"turns":10}],"seed_played":"-5922840398407846757","potions_obtained":[{"floor":7.0,"key":"FearPotion"},{"floor":11,"key":"Elixir"},{"floor":12,"key":"Dexterity Potion"}],"is_trial":false,"path_per_floor":["M","$","?","M","M","R","E","R","T","R","E","M","M","M","R","B"],"character_chosen":"DOCTOR_CLASS","items_purchased":["DemoMod:GnawedKey","ats:Demon Strength"],"campfire_rested":0,"item_purchase_floors":[2,2],"current_hp_per_floor":[72,72,72,72,71,71,64,64,64,64,71,70,67,59,59,72,72],"gold":180,"neow_bonus":"","is_daily":false,"chose_seed":false,"campfire_upgraded":4,"win_rate":0.0,"timestamp":1610615093,"path_taken":["M","$","?","?","M","R","E","R","T","R","E","M","?","M","R","BOSS"],"items_purchased_type":["Relic","Card"],"build_version":"2020-12-22","purchased_purges":4,"victory":false,"max_hp_per_floor":[72,72,72,72,72,72,72,72,72,72,72,72,72,72,72,72,72],"card_choices":[{"not_picked":["MeatLantern","CrumblingArmor"],"picked":"VoidDream","floor":1.0},{"not_picked":["ats:Ignite","ats:Cat Scratch"],"picked":"ats:Spore Proliferation","floor":1.0},{"not_picked":["ats:Apocalypse","ats:Flame Of Heaven"],"picked":"ats:Revitalization","floor":4.0},{"not_picked":["ats:Counter Healing Mode","ats:Guardian Obelisk"],"picked":"ats:Revitalization","floor":5.0},{"not_picked":["ats:Curse Doll","ats:Collapsing Strike","ats:Childhood Dance"],"picked":"SKIP","floor":7.0},{"not_picked":["ats:Cat Scratch","ats:Sunburst"],"picked":"ats:Shell Defense","floor":11},{"not_picked":["Rudolta","OldLady"],"picked":"WallGazer","floor":11},{"not_picked":["ats:Very Hot Blade","ats:Song Of Battle"],"picked":"ats:Healing Strengthening","floor":12},{"not_picked":["Scorched","GalaxyChild"],"picked":"LittleHelper","floor":13},{"not_picked":["ats:Ignite","ats:Shell Defense"],"picked":"ats:Poison Spread","floor":13},{"not_picked":["ats:Red Shift","ats:Flexible Camouflage","ats:Assault Order"],"picked":"SKIP","floor":14}],"player_experience":418283,"relics_obtained":[{"floor":1.0,"key":"LetterFromLob"},{"floor":7.0,"key":"ats:Originium"},{"floor":7.0,"key":"Replay:Bottled Eggs"},{"floor":11,"key":"ats:Originium"}],"event_choices":[{"cards_removed":["ats:Strike V"],"damage_healed":0.0,"max_hp_gain":0.0,"max_hp_loss":0.0,"gold_gain":0.0,"event_name":"Bonfire Elementals","player_choice":"Offered Basic","floor":3.0,"gold_loss":0.0,"damage_taken":0.0}],"is_beta":false,"boss_relics":[],"items_purged_floors":[2,2,2,2],"is_endless":false,"potions_floor_spawned":[7,11,12],"killed_by":"The Guardian","ascension_level":0}}