{"host":"wonp23fsqqcu31ie","time":1610619526,"event":{"mods":["2.2 Compatiblity","AchievementEnabler","Aspiration","BaseMod","Bestiary","Better Altar","Better Match","Better Sensory Stone","Better Skull","Better Third Choice","BetterRewards","Block Reminder","Colored Map","Colored Powertips","Conspire","Curses Come First","DeckTracker","Displayed Cursed Tome","Downfall","Energized Spire","Evolution","Hermit","Highlight Path","Hubris","Infinite Spire","Marisa????????","Minty Spire (QoL Compilation)","Permanent Neow","Prisma Mod","Quick Restart","Rare Cards Sparkle","Relic Stats","Replay The Spire","Robot Space Explorer","Shade Mod","Shop Mod","StSLib","SuperFastMode","The Animator","The Bug Knight","The Construct","The Cursed","The Disciple","The Dragon Tamer","The Gatherer","The Hierophant","The Marked","The Necromancer","The Poker Player","The Runesmith","The Saiyan","The Servant 0.9.4","TheBandit"],"gold_per_floor":[119,135,135,186,361,315,347,347,425,350,360,386,386,386,6,23,23,119,119,130,130,149,160,75,75,110,110,137,137,153,182,182,195,195,295,295,309,309,309,328,346,346,168,168,168,188,37,55,68,68,68,167,167,179,187,187,196,204,204,204,213,238,244,266,266,266,266,266,350,350,364,472,474,478,485,485,448,448,448],"floor_reached":77,"language":"ENG","playtime":5676,"items_purged":[],"score":1205,"play_id":"3c82e64c-bcec-45b8-975b-b0e056856bf0","local_time":"20210114211846","is_ascension_mode":false,"metric_token":3410,"campfire_choices":[{"floor":8,"key":"REST"},{"floor":17,"key":"RECALL"},{"data":"PokerPlayerMod:ChangeRules","floor":25,"key":"SMITH"},{"data":"ReplayTheSpireMod:Chaos Vortex","floor":29,"key":"SMITH"},{"floor":32,"key":"REST"},{"data":"PokerPlayerMod:Diamond1","floor":34,"key":"SMITH"},{"data":"Replay:Fractal Strike","floor":42,"key":"SMITH"},{"data":"PokerPlayerMod:Sharpen","floor":44,"key":"SMITH"},{"data":"PokerPlayerMod:JackOfSpades","floor":51,"key":"SMITH"},{"data":"infinitespire:Oblivion","floor":59,"key":"SMITH"},{"data":"PokerPlayerMod:RoyalStrike","floor":66,"key":"SMITH"},{"data":"PokerPlayerMod:Club1","floor":68,"key":"SMITH"},{"data":"infinitespire:Menacing","floor":76,"key":"SMITH"}],"circlet_count":0,"master_deck":["PokerPlayerMod:Diamond2","PokerPlayerMod:Diamond2","PokerPlayerMod:Diamond3","PokerPlayerMod:Diamond4","PokerPlayerMod:Diamond6","PokerPlayerMod:Spade1","PokerPlayerMod:Spade2","PokerPlayerMod:Spade3","PokerPlayerMod:Spade4","PokerPlayerMod:Club2","PokerPlayerMod:Club2","PokerPlayerMod:Heart2","PokerPlayerMod:TrumpStrike","PokerPlayerMod:BadJoker","PokerPlayerMod:Mulligan","PokerPlayerMod:DartThrow","expansioncontent:BronzeBeam+1","PokerPlayerMod:Heart7","PokerPlayerMod:SpadeStrike","PokerPlayerMod:SpadeStrike","PokerPlayerMod:DartThrow+1","PokerPlayerMod:Heart4","Doubt","PokerPlayerMod:Spade8","PokerPlayerMod:SecretDealer+1","PokerPlayerMod:SecondChance+1","PokerPlayerMod:FakeSymbols","PokerPlayerMod:Sharpen+1","PokerPlayerMod:ChangeRules+1","PokerPlayerMod:Trickery","PokerPlayerMod:Trickery+1","PokerPlayerMod:Raise","PokerPlayerMod:Overdeal+1","ReplayTheSpireMod:Chaos Vortex+1","PokerPlayerMod:Spade10+","PokerPlayerMod:DamnStraight+1","PokerPlayerMod:Heart2","PokerPlayerMod:GamblerForm","PokerPlayerMod:JackOfSpades+1","Replay:Fractal Strike+1","PokerPlayerMod:Diamond6","PokerPlayerMod:CloakAndDiamond+1","PokerPlayerMod:Heart10+","PokerPlayerMod:Club5","PokerPlayerMod:HotShotCut","Pain","PokerPlayerMod:RoyalStrike+1","infinitespire:Oblivion+1","PokerPlayerMod:Trickery","PokerPlayerMod:Trickery","infinitespire:Menacing+1","PokerPlayerMod:Heart10+","Injury","Parasite","Shame","PokerPlayerMod:Raise+1"],"relics":["PokerPlayerMod:DeckCase","EVO:Axolotl","Ring of the Snake","Turnip","MerchantsRug","hubris:TenFootPole","Gremlin Food","Blue Doll","FossilizedHelix","conspire:SpecialSausage","Onion Ring","hubris:FunFungus","aspiration:ChemicalBlood","Akabeko","Busted Crown","ClockworkSouvenir","Nunchaku","Replay:Bottled Snecko","Membership Card","WarpedTongs","Black Star","SacredBark","Replay:Wax Seal","MealTicket","Whetstone","Bottled Lightning","Replay:Ancient Bell","Potion Belt","infinitespire:FocusingShard","PokerPlayerMod:JackpotMachine","Anchor","ReplayTheSpireMod:TigerMarble","Guardian:PocketSentry"],"acts_visited":["Exordium","TheCity","TheBeyond","Exordium","TheCity"],"potions_floor_usage":[0,20,26,26,35,35,52,52,52,52,52,52,52,69,69,69,71,71,73,77,77,77,77,77,77,77,77,77],"damage_taken":[{"damage":2,"enemies":"Cultist","floor":1,"turns":3},{"damage":0,"enemies":"2 Louse","floor":2,"turns":1},{"damage":11,"enemies":"HollowMod:MossKnight","floor":7,"turns":10},{"damage":4,"enemies":"conspire:RoseBush","floor":11,"turns":2},{"damage":1,"enemies":"Gremlin Nob","floor":12,"turns":3},{"damage":0,"enemies":"3 Louse","floor":16,"turns":1},{"damage":39,"enemies":"The Guardian","floor":18,"turns":10},{"damage":21,"enemies":"2 Thieves","floor":20,"turns":4},{"damage":0,"enemies":"Spheric Guardian","floor":22,"turns":2},{"damage":6,"enemies":"conspire:HollyBat","floor":23,"turns":10},{"damage":8,"enemies":"Nightmare","floor":26,"turns":6},{"damage":0,"enemies":"3 Cultists","floor":30,"turns":5},{"damage":0,"enemies":"Replay:Snechameleon","floor":31,"turns":5},{"damage":0,"enemies":"Sentry and Sphere","floor":33,"turns":3},{"damage":0,"enemies":"Champ","floor":35,"turns":11},{"damage":0,"enemies":"Orb Walker","floor":37,"turns":2},{"damage":12,"enemies":"3 Darklings","floor":40,"turns":7},{"damage":15,"enemies":"Sphere and 2 Shapes","floor":41,"turns":4},{"damage":0,"enemies":"Spire Growth","floor":46,"turns":5},{"damage":0,"enemies":"Maw","floor":48,"turns":7},{"damage":0,"enemies":"3 Darklings","floor":49,"turns":3},{"damage":47,"enemies":"Donu and Deca","floor":52,"turns":9},{"damage":0,"enemies":"2 Louse","floor":54,"turns":1},{"damage":0,"enemies":"Small Slimes","floor":55,"turns":2},{"damage":0,"enemies":"Jaw Worm","floor":57,"turns":1},{"damage":0,"enemies":"Blue Slaver","floor":58,"turns":2},{"damage":1,"enemies":"3 Louse","floor":61,"turns":2},{"damage":0,"enemies":"Exordium Wildlife","floor":63,"turns":2},{"damage":0,"enemies":"3 Sentries","floor":64,"turns":4},{"damage":16,"enemies":"Fading Forest","floor":69,"turns":3},{"damage":1,"enemies":"3 Byrds","floor":71,"turns":2},{"damage":0,"enemies":"Spheric Guardian","floor":73,"turns":1},{"damage":0,"enemies":"Centurion and Healer","floor":74,"turns":1},{"damage":0,"enemies":"Snecko","floor":75,"turns":3},{"damage":187,"enemies":"Nightmare_Alpha","floor":77,"turns":12}],"seed_played":"2145944201575708329","potions_obtained":[{"floor":7,"key":"AttackPotion"},{"floor":12,"key":"LiquidMemories"},{"floor":22,"key":"conspire:TimeTravelPotion"},{"floor":26,"key":"Languid Potion"},{"floor":33,"key":"PowerPotion"},{"floor":41,"key":"Doom Potion"},{"floor":54,"key":"PowerPotion"},{"floor":58,"key":"Weak Potion"},{"floor":64,"key":"Cursed Concoction"},{"floor":69,"key":"BlessingOfTheForge"},{"floor":73,"key":"Fruit Juice"},{"floor":75,"key":"Weak Potion"}],"is_trial":false,"path_per_floor":["M","M","$","?","?","?","E","R","T","?","M","E","PTL","PTL","$","M","R","B",null,"M","T","M","M","?","R","NM","?","T","R","M","E","R","M","R","B",null,"M","?","AVR","M","M","R","$","R","T","M","$","M","M","?","R_BF","B",null,"M","M","AVR","M","M","R","?","M","T","M","E","?","R","?","R","B",null,"M","?","M","M","M","R","NM"],"character_chosen":"THE_POKER_PLAYER","items_purchased":["aspiration:Nostalgia","PokerPlayerMod:DartThrow","MerchantsRug","expansioncontent:BronzeBeam","EntropicBrew","PokerPlayerMod:Heart7","FossilizedHelix","PokerPlayerMod:Sharpen","Nunchaku","PokerPlayerMod:Heart10+","Membership Card"],"campfire_rested":2,"item_purchase_floors":[0,0,0,0,0,0,15,15,43,43,47],"current_hp_per_floor":[30,30,30,10,10,10,16,31,31,31,34,44,44,44,44,52,52,22,52,42,42,49,48,48,48,45,39,39,39,46,52,52,52,52,52,52,52,52,52,51,45,45,45,45,45,52,52,52,52,52,52,39,52,52,52,52,52,52,52,52,52,52,52,52,52,52,57,57,43,57,57,27,37,37,37,37,0,0,0],"gold":448,"neow_bonus":"","is_daily":false,"chose_seed":false,"campfire_upgraded":10,"win_rate":0.0,"timestamp":1610619526,"path_taken":["M","?","$","?","?","?","E","R","T","?","M","E","PTL","PTL","$","M","R","BOSS","M","?","M","M","?","R","NM","?","T","R","M","E","R","M","R","BOSS","M","?","AVR","M","M","R","$","R","T","M","$","?","M","?","R_BF","BOSS","M","?","AVR","?","M","R","?","M","T","M","E","?","R","?","R","BOSS","M","?","?","M","?","R","NM"],"items_purchased_type":["Relic","Card","Relic","Card","Potion","Card","Relic","Card","Relic","Undefined","Relic"],"build_version":"2020-12-22","purchased_purges":0,"victory":false,"max_hp_per_floor":[52,52,52,52,52,52,52,52,52,52,52,52,52,52,52,52,52,52,52,52,52,52,52,52,52,52,52,52,52,52,52,52,52,52,52,52,52,52,52,52,52,52,52,52,52,52,52,52,52,52,52,52,52,52,52,52,52,52,52,52,52,52,52,52,52,52,57,57,57,57,57,57,67,67,67,67,67,67,67],"relic_stats":{"Nunchaku":[12],"Busted Crown":70,"counters":[113,497],"MealTicket":0,"Turnip":[11],"Black Star":1,"Whetstone":["PokerPlayerMod:DartThrow","PokerPlayerMod:Trickery"],"obtain_stats":[{"hubris:BallOfYels":23,"hubris:VirtuousBlindfold":34,"Whetstone":10,"EVO:Axolotl":36,"FrozenCore":17,"Lizard Tail":40,"aspiration:EnhancedActuators":22,"Strawberry":26,"Prayer Wheel":11,"aspiration:ArtOfWarUpgrade":32,"MealTicket":48,"Iron Hammer":26,"Replay:Bottled Flurry":54,"Kunai":39,"HollowMod:PaleOreRelic":27,"Replay:Wax Seal":9,"MerchantsRug":21,"Girya":12,"Ring of Hypnosis":36,"hubris:DuctTape":40,"aspiration:Nostalgia":0,"ReplayTheSpireMod:Ring of Addiction":38,"Oddly Smooth Stone":23,"Pen Nib":36,"Ring of Chaos":38,"conspire:SlowCooker":17,"Replay:Ancient Bell":70,"Guardian:PocketSentry":72,"Letter Opener":21,"Akabeko":7,"aspiration:FrozenJewel":53,"WarpedTongs":50,"SlaversCollar":34,"Bottled Flame":54,"Replay:Baseball":47,"hubris:BottledHeart":20,"infinitespire:Broken Mirror":36,"Bronze Scales":53,"Onion Ring":21,"ReplayTheSpireMod:TigerMarble":9,"hubris:TenFootPole":4,"Black Star":53,"CatCart":48,"Meat on the Bone":0,"infinitespire:Cupcake":34,"Lantern":37,"Replay:PocketPolymizer":0,"SacredBark":56,"aspiration:TomeofQuesting":30,"Blue Doll":12,"conspire:SpecialSausage":19,"hubris:EmptyBottle":38,"Ancient Tea Set":44,"ClockworkSouvenir":39,"Nunchaku":12,"PokerPlayerMod:DeckCase":43,"hubris:Icosahedron":27,"Pantograph":21,"aspiration:AnachronicSnailShell":0,"hubris:Stopwatch":17,"Tiny Chest":9,"hubris:FunFungus":24,"Replay:Bottled Snecko":45,"Cracked Core":0,"aspiration:ChemicalBlood":25,"Ring of the Snake":0,"Gremlin Food":7,"Potion Belt":26,"Guide Book":53,"Circlet":38,"hubris:MedicalManual":0,"infinitespire:FocusingShard":70,"hubris:Towel":45,"MawBank":27,"Mercury Hourglass":10,"Anchor":29,"Busted Crown":47,"Ornamental Fan":6,"Turnip":0,"PokerPlayerMod:JackpotMachine":70,"Art of War":14,"Runesmith:AutoHammer":19,"Membership Card":38,"Bottled Lightning":64,"ReplayTheSpireMod:Ring of Challenge":36,"FossilizedHelix":15,"ReplayTheSpireMod:ShopPack":22},{"hubris:BallOfYels":36,"hubris:VirtuousBlindfold":39,"Whetstone":5,"EVO:Axolotl":67,"FrozenCore":9,"Lizard Tail":70,"aspiration:EnhancedActuators":35,"Strawberry":13,"Prayer Wheel":6,"aspiration:ArtOfWarUpgrade":15,"MealTicket":21,"Iron Hammer":37,"Replay:Bottled Flurry":77,"Kunai":17,"HollowMod:PaleOreRelic":61,"Replay:Wax Seal":50,"MerchantsRug":11,"Girya":30,"Ring of Hypnosis":40,"hubris:DuctTape":43,"aspiration:Nostalgia":78,"ReplayTheSpireMod:Ring of Addiction":17,"Oddly Smooth Stone":12,"Pen Nib":17,"Ring of Chaos":17,"conspire:SlowCooker":55,"Replay:Ancient Bell":108,"Guardian:PocketSentry":109,"Letter Opener":11,"Akabeko":4,"aspiration:FrozenJewel":76,"WarpedTongs":99,"SlaversCollar":16,"Bottled Flame":23,"Replay:Baseball":74,"hubris:BottledHeart":34,"infinitespire:Broken Mirror":67,"Bronze Scales":22,"Onion Ring":86,"ReplayTheSpireMod:TigerMarble":27,"hubris:TenFootPole":80,"Black Star":100,"CatCart":75,"Meat on the Bone":45,"infinitespire:Cupcake":66,"Lantern":17,"Replay:PocketPolymizer":24,"SacredBark":102,"aspiration:TomeofQuesting":64,"Blue Doll":83,"conspire:SpecialSausage":85,"hubris:EmptyBottle":17,"Ancient Tea Set":19,"ClockworkSouvenir":94,"Nunchaku":7,"PokerPlayerMod:DeckCase":96,"hubris:Icosahedron":37,"Pantograph":11,"aspiration:AnachronicSnailShell":24,"hubris:Stopwatch":32,"Tiny Chest":4,"hubris:FunFungus":88,"Replay:Bottled Snecko":96,"Cracked Core":0,"aspiration:ChemicalBlood":60,"Ring of the Snake":78,"Gremlin Food":81,"Potion Belt":89,"Guide Book":76,"Circlet":17,"hubris:MedicalManual":45,"infinitespire:FocusingShard":108,"hubris:Towel":19,"MawBank":14,"Mercury Hourglass":28,"Anchor":14,"Busted Crown":74,"Ornamental Fan":50,"Turnip":78,"PokerPlayerMod:JackpotMachine":108,"Art of War":8,"Runesmith:AutoHammer":34,"Membership Card":41,"Bottled Lightning":107,"ReplayTheSpireMod:Ring of Challenge":40,"FossilizedHelix":83,"ReplayTheSpireMod:ShopPack":35},{"hubris:BallOfYels":177,"hubris:VirtuousBlindfold":194,"Whetstone":18,"EVO:Axolotl":292,"FrozenCore":38,"Lizard Tail":307,"aspiration:EnhancedActuators":173,"Strawberry":61,"Prayer Wheel":20,"aspiration:ArtOfWarUpgrade":74,"MealTicket":114,"Iron Hammer":181,"Replay:Bottled Flurry":340,"Kunai":87,"HollowMod:PaleOreRelic":266,"Replay:Wax Seal":231,"MerchantsRug":49,"Girya":150,"Ring of Hypnosis":197,"hubris:DuctTape":211,"aspiration:Nostalgia":348,"ReplayTheSpireMod:Ring of Addiction":87,"Oddly Smooth Stone":56,"Pen Nib":87,"Ring of Chaos":87,"conspire:SlowCooker":246,"Replay:Ancient Bell":478,"Guardian:PocketSentry":480,"Letter Opener":49,"Akabeko":13,"aspiration:FrozenJewel":336,"WarpedTongs":452,"SlaversCollar":85,"Bottled Flame":129,"Replay:Baseball":321,"hubris:BottledHeart":170,"infinitespire:Broken Mirror":292,"Bronze Scales":123,"Onion Ring":382,"ReplayTheSpireMod:TigerMarble":141,"hubris:TenFootPole":352,"Black Star":461,"CatCart":327,"Meat on the Bone":214,"infinitespire:Cupcake":289,"Lantern":87,"Replay:PocketPolymizer":132,"SacredBark":464,"aspiration:TomeofQuesting":279,"Blue Doll":367,"conspire:SpecialSausage":378,"hubris:EmptyBottle":87,"Ancient Tea Set":101,"ClockworkSouvenir":426,"Nunchaku":26,"PokerPlayerMod:DeckCase":437,"hubris:Icosahedron":181,"Pantograph":49,"aspiration:AnachronicSnailShell":132,"hubris:Stopwatch":160,"Tiny Chest":13,"hubris:FunFungus":394,"Replay:Bottled Snecko":437,"Cracked Core":0,"aspiration:ChemicalBlood":262,"Ring of the Snake":348,"Gremlin Food":362,"Potion Belt":400,"Guide Book":336,"Circlet":87,"hubris:MedicalManual":214,"infinitespire:FocusingShard":478,"hubris:Towel":101,"MawBank":67,"Mercury Hourglass":144,"Anchor":67,"Busted Crown":321,"Ornamental Fan":231,"Turnip":348,"PokerPlayerMod:JackpotMachine":478,"Art of War":28,"Runesmith:AutoHammer":170,"Membership Card":201,"Bottled Lightning":475,"ReplayTheSpireMod:Ring of Challenge":197,"FossilizedHelix":367,"ReplayTheSpireMod:ShopPack":173}],"Ring of the Snake":[70],"WarpedTongs":[45]},"card_choices":[{"not_picked":["PokerPlayerMod:Diamond5","PokerPlayerMod:Diamond3"],"picked":"PokerPlayerMod:SpadeStrike","floor":1},{"not_picked":["PokerPlayerMod:Club3","PokerPlayerMod:Spade4"],"picked":"PokerPlayerMod:SpadeStrike","floor":2},{"not_picked":["PokerPlayerMod:Manipulation","PokerPlayerMod:CardBurn"],"picked":"PokerPlayerMod:DartThrow","floor":4},{"not_picked":["PokerPlayerMod:Spade3","PokerPlayerMod:Diamond8"],"picked":"PokerPlayerMod:Heart3","floor":4},{"not_picked":["PokerPlayerMod:Fold","PokerPlayerMod:CloakAndDiamond"],"picked":"PokerPlayerMod:Spade8","floor":7},{"not_picked":["PokerPlayerMod:WasteCollection+1","PokerPlayerMod:WildCard+1"],"picked":"PokerPlayerMod:SecretDealer+1","floor":10},{"not_picked":["PokerPlayerMod:PoorCopy+1","PokerPlayerMod:Overdeal+1"],"picked":"PokerPlayerMod:SecondChance+1","floor":10},{"not_picked":["PokerPlayerMod:Spade4","PokerPlayerMod:Diamond4","PokerPlayerMod:CloakAndDiamond"],"picked":"SKIP","floor":11},{"not_picked":["PokerPlayerMod:Club2","PokerPlayerMod:Spade7"],"picked":"PokerPlayerMod:FakeSymbols","floor":12},{"not_picked":["PokerPlayerMod:Spade5","PokerPlayerMod:HiddenCard","PokerPlayerMod:Spade2"],"picked":"SKIP","floor":16},{"not_picked":["PokerPlayerMod:Diamond10+","PokerPlayerMod:Promotion"],"picked":"PokerPlayerMod:ChangeRules","floor":18},{"not_picked":["PokerPlayerMod:Heart1","PokerPlayerMod:Heart4"],"picked":"PokerPlayerMod:Trickery","floor":20},{"not_picked":["PokerPlayerMod:Diamond1","PokerPlayerMod:Manipulation"],"picked":"PokerPlayerMod:Trickery","floor":22},{"not_picked":["PokerPlayerMod:Spade2","PokerPlayerMod:Spade4"],"picked":"PokerPlayerMod:Raise","floor":23},{"not_picked":["PokerPlayerMod:Spade3","PokerPlayerMod:Club10+"],"picked":"PokerPlayerMod:Overdeal+1","floor":26},{"not_picked":["ReplayTheSpireMod:Haul","hubris:Rewind"],"picked":"ReplayTheSpireMod:Chaos Vortex","floor":27},{"not_picked":["PokerPlayerMod:MagicTrick+1","PokerPlayerMod:DartThrow+1"],"picked":"PokerPlayerMod:Spade10+","floor":30},{"not_picked":["PokerPlayerMod:Diamond4","PokerPlayerMod:HiddenCard"],"picked":"PokerPlayerMod:DamnStraight+1","floor":31},{"not_picked":["PokerPlayerMod:Manipulation","PokerPlayerMod:Diamond1"],"picked":"PokerPlayerMod:Heart2","floor":33},{"not_picked":["PokerPlayerMod:Club8","PokerPlayerMod:WasteCollection"],"picked":"PokerPlayerMod:GamblerForm","floor":35},{"not_picked":[],"picked":"PokerPlayerMod:JackOfSpades","floor":37},{"not_picked":[],"picked":"PokerPlayerMod:Diamond6","floor":40},{"not_picked":[],"picked":"PokerPlayerMod:CloakAndDiamond+1","floor":41},{"not_picked":[],"picked":"PokerPlayerMod:Club4","floor":46},{"not_picked":[],"picked":"PokerPlayerMod:HotShotCut","floor":48},{"not_picked":["PokerPlayerMod:Sharpen"],"picked":"SKIP","floor":49},{"not_picked":[],"picked":"PokerPlayerMod:RoyalStrike","floor":52},{"not_picked":["PokerPlayerMod:Fold"],"picked":"SKIP","floor":54},{"not_picked":["PokerPlayerMod:Diamond3"],"picked":"SKIP","floor":55},{"not_picked":["PokerPlayerMod:Manipulation"],"picked":"SKIP","floor":57},{"not_picked":["PokerPlayerMod:Diamond2"],"picked":"SKIP","floor":58},{"not_picked":["PokerPlayerMod:SpadeStrike"],"picked":"SKIP","floor":61},{"not_picked":[],"picked":"PokerPlayerMod:Trickery","floor":63},{"not_picked":[],"picked":"PokerPlayerMod:Trickery","floor":64},{"not_picked":["ReplayTheSpireMod:Echoes of Time","ReplayTheSpireMod:Chaos Vortex"],"picked":"infinitespire:Menacing","floor":69},{"not_picked":[],"picked":"PokerPlayerMod:Heart10+","floor":69},{"not_picked":[],"picked":"Injury","floor":70},{"not_picked":[],"picked":"Parasite","floor":70},{"not_picked":[],"picked":"Shame","floor":70},{"not_picked":["PokerPlayerMod:Spade3"],"picked":"SKIP","floor":71},{"not_picked":["PokerPlayerMod:Diamond3"],"picked":"SKIP","floor":73},{"not_picked":["PokerPlayerMod:Diamond2"],"picked":"SKIP","floor":74},{"not_picked":[],"picked":"PokerPlayerMod:Raise+1","floor":75}],"player_experience":516704,"relics_obtained":[{"floor":4,"key":"hubris:TenFootPole"},{"floor":7,"key":"Gremlin Food"},{"floor":12,"key":"Blue Doll"},{"floor":21,"key":"Onion Ring"},{"floor":26,"key":"Potion Belt"},{"floor":28,"key":"aspiration:ChemicalBlood"},{"floor":31,"key":"Akabeko"},{"floor":45,"key":"Replay:Bottled Snecko"},{"floor":62,"key":"MealTicket"},{"floor":64,"key":"Whetstone"},{"floor":64,"key":"Bottled Lightning"}],"event_choices":[{"damage_healed":0,"gold_gain":175,"player_choice":"AGREE","damage_taken":186,"max_hp_gain":0,"max_hp_loss":0,"event_name":"betterThird:BetterSerpent","floor":5,"gold_loss":0},{"damage_healed":0,"gold_gain":0,"player_choice":"Left","damage_taken":0,"max_hp_gain":0,"max_hp_loss":0,"event_name":"betterThird:BetterGoop","floor":6,"gold_loss":46},{"damage_healed":0,"gold_gain":0,"player_choice":"2","damage_taken":0,"max_hp_gain":0,"max_hp_loss":0,"event_name":"betterMatch:BetterMatch","floor":10,"gold_loss":0,"cards_obtained":["betterMatch:RareCard","betterMatch:UncommonCard"]},{"damage_healed":0,"gold_gain":0,"player_choice":"Obtained Relic","damage_taken":0,"relics_obtained":["hubris:FunFungus"],"max_hp_gain":0,"max_hp_loss":0,"event_name":"Addict","floor":24,"gold_loss":85},{"damage_healed":0,"gold_gain":0,"player_choice":"Ignored","damage_taken":0,"max_hp_gain":0,"max_hp_loss":0,"event_name":"NoteForYourself","floor":38,"gold_loss":0},{"damage_healed":0,"gold_gain":0,"player_choice":"Rummage","damage_taken":0,"relics_obtained":["WarpedTongs"],"max_hp_gain":0,"max_hp_loss":0,"event_name":"Accursed Blacksmith","floor":50,"gold_loss":0,"cards_obtained":["Pain"]},{"damage_healed":0,"gold_gain":0,"player_choice":"Ignored","damage_taken":204,"max_hp_gain":0,"max_hp_loss":0,"event_name":"betterThird:BetterSerpent","floor":60,"gold_loss":0},{"damage_healed":0,"gold_gain":0,"player_choice":"Leave","damage_taken":0,"max_hp_gain":0,"max_hp_loss":0,"event_name":"conspire:Investor","floor":65,"gold_loss":0},{"damage_healed":0,"gold_gain":0,"player_choice":"Donut","damage_taken":0,"max_hp_gain":5,"max_hp_loss":0,"event_name":"Big Fish","floor":67,"gold_loss":0},{"damage_healed":0,"gold_gain":108,"player_choice":"RE RE RE GO UP UP ","damage_taken":73,"relics_obtained":["Anchor","ReplayTheSpireMod:TigerMarble","Guardian:PocketSentry"],"max_hp_gain":0,"max_hp_loss":0,"event_name":"betterSkull:BetterSkull","floor":72,"gold_loss":0,"cards_upgraded":["PokerPlayerMod:Club4","PokerPlayerMod:Diamond5"]},{"damage_healed":0,"gold_gain":108,"player_choice":"RE RE RE GO UP UP ","damage_taken":73,"relics_obtained":["Anchor","ReplayTheSpireMod:TigerMarble","Guardian:PocketSentry"],"max_hp_gain":0,"max_hp_loss":0,"event_name":"betterSkull:BetterSkull","floor":72,"gold_loss":0,"cards_upgraded":["PokerPlayerMod:Club4","PokerPlayerMod:Diamond5"]}],"is_beta":false,"boss_relics":[{"not_picked":["SacredBark","energizedSpire:HugeHouse"],"picked":"conspire:SpecialSausage"},{"not_picked":["aspiration:RunicSpoon","SlaversCollar"],"picked":"Busted Crown"},{"not_picked":["energizedSpire:StickyHand","aspiration:WatcherSkillbook"],"picked":"Black Star"},{"not_picked":["Coffee Dripper","Sozu"],"picked":"Replay:Ancient Bell"},{"not_picked":["infinitespire:PuzzleCube","PokerPlayerMod:Splitter"],"picked":"Potion Belt"},{"not_picked":["hubris:DeckOfHolding","Garlic"],"picked":"infinitespire:FocusingShard"},{"not_picked":["infinitespire:Magic Flask","CaptainsWheel"],"picked":"PokerPlayerMod:JackpotMachine"}],"items_purged_floors":[],"is_endless":true,"potions_floor_spawned":[2,7,11,12,22,26,33,41,54,58,64,69,73,75],"killed_by":"Nightmare_Alpha","ascension_level":0}}