{"host":"Connor","time":1610603563,"event":{"mods":["Aspiration","BaseMod","Downfall","Hubris","Marisa????????","Minty Spire (QoL Compilation)","Replay The Spire","StSLib","The Cursed","The Jungle","The Servant 0.9.4"],"gold_per_floor":[111,62,81,81,6,35,55,55,55,55,55],"floor_reached":10,"language":"ENG","playtime":252,"items_purged":["Strike_P"],"score":116,"play_id":"5e806db1-6185-4703-a9d6-969f9629fae9","local_time":"20210113215243","is_ascension_mode":true,"campfire_choices":[{"floor":8,"key":"REST"}],"circlet_count":0,"master_deck":["Strike_P","Strike_P","Strike_P","Defend_P","Defend_P","Defend_P","Defend_P","Eruption","Vigilance","Halt","Prostrate","Replay:AtTheReady","CutThroughFate","Devotion"],"relics":["PureWater","NeowsBlessing","Sundial","Odd Mushroom","TungstenRod"],"acts_visited":["Exordium"],"potions_floor_usage":[10],"damage_taken":[{"damage":0,"enemies":"Cultist","floor":1,"turns":1},{"damage":0,"enemies":"2 Louse","floor":3,"turns":1},{"damage":0,"enemies":"Replay:BlueRogue","floor":6,"turns":1},{"damage":53,"enemies":"The Mushroom Lair","floor":7,"turns":7},{"damage":60,"enemies":"Gremlin Nob","floor":10,"turns":6}],"seed_played":"6307240395566009883","potions_obtained":[{"floor":6,"key":"Energy Potion"},{"floor":7,"key":"Guardian:BlockOnCardUsePotion"}],"is_trial":false,"path_per_floor":["M","$","M","?","$","E","?","R","T","E"],"character_chosen":"WATCHER","items_purchased":["Prostrate"],"campfire_rested":1,"item_purchase_floors":[2],"current_hp_per_floor":[65,65,65,65,65,65,12,33,33,0,0],"gold":55,"neow_bonus":"THREE_ENEMY_KILL","is_daily":false,"chose_seed":false,"campfire_upgraded":0,"win_rate":0.0,"timestamp":1610603563,"path_taken":["M","?","M","?","$","E","?","R","T","E"],"items_purchased_type":["Card"],"build_version":"2020-12-18","purchased_purges":1,"victory":false,"max_hp_per_floor":[72,72,72,72,72,72,72,72,72,72,72],"card_choices":[{"not_picked":["CrushJoints","CutThroughFate"],"picked":"Halt","floor":1},{"not_picked":["Protect","ThirdEye"],"picked":"Replay:AtTheReady","floor":3},{"not_picked":["CrushJoints","ClearTheMind"],"picked":"CutThroughFate","floor":6},{"not_picked":["WreathOfFlame","EmptyBody"],"picked":"Devotion","floor":7}],"player_experience":629158,"relics_obtained":[{"floor":6,"key":"Sundial"},{"floor":7,"key":"Odd Mushroom"},{"floor":9,"key":"TungstenRod"}],"event_choices":[{"damage_healed":0,"gold_gain":0,"player_choice":"Fought Mushrooms","damage_taken":0,"max_hp_gain":0,"max_hp_loss":0,"event_name":"Mushrooms","floor":7,"gold_loss":0}],"is_beta":true,"boss_relics":[],"items_purged_floors":[5],"is_endless":false,"potions_floor_spawned":[6,7],"killed_by":"Gremlin Nob","ascension_level":6}}