{"host":"0cd7aghhsbbg3cz2","time":1610667122,"event":{"mods":["100% Spire Juice","Act Like it!","Arknights The Spire","Bard","BaseMod","Better Match","Better Third Choice","Block Reminder","ChefMod","Colored Map","Colored Powertips","Conspire","Energized Spire","Hubris","Infinite Spire","Minty Spire (QoL Compilation)","Replay The Spire","Robot Space Explorer","Shop Mod","Spicy Shops","StSLib","The Caster","The Dragon Tamer","The Marked","vexMod"],"gold_per_floor":[113,188,207,221,221,254,254,254,300,300,27,27,38,50,50,151,151,162,181,197,211,211,211,211],"floor_reached":23,"language":"ENG","playtime":4329,"items_purged":[],"score":193,"play_id":"6b6261e8-bfc5-4136-bc77-9ae2e5e8da62","local_time":"20210114173202","is_ascension_mode":false,"campfire_choices":[{"floor":7,"key":"REST"},{"data":"ats:Wolf Pack","floor":12,"key":"SMITH"},{"data":"ats:Thorns","floor":15,"key":"SMITH"}],"circlet_count":0,"master_deck":["ats:Strike C+1","ats:Strike G+1","ats:Strike S+1","ats:Strike V+1","ats:Armor Crushing Shot","ats:Defend+1","ats:Defend+1","ats:Defend+1","ats:Defend+1","ats:Emotion Absorption+1","ats:Closed Bolt Burst Fire+1","ats:Apocalypse","ats:Very Hot Blade+1","ats:Shell Defense","ReplayTheSpireMod:IOU","ReplayTheSpireMod:IOU","ats:Wolf Pack+1","ats:Thorns+1","ats:Hammer On","ats:Healing Drone","ats:Calcification","ats:Explosion Area Strengthen","ats:Hammer On+1","ats:Part Time Job+1","ats:Dogmatic Field"],"relics":["ats:Sanity","NeowsBlessing","Nunchaku","ats:Originium","Bag of Marbles","Replay:Wax Seal","vexMod:PaidLearning","hubris:Backtick","Membership Card"],"acts_visited":["Exordium","TheCity"],"potions_floor_usage":[16,19,19],"damage_taken":[{"damage":0.0,"enemies":"Small Slimes","floor":1.0,"turns":1.0},{"damage":0.0,"enemies":"Cultist","floor":3.0,"turns":1.0},{"damage":0.0,"enemies":"conspire:RoseBush","floor":4.0,"turns":1.0},{"damage":35,"enemies":"Gremlin Nob","floor":6,"turns":5},{"damage":2,"enemies":"Blue Slaver","floor":13,"turns":3},{"damage":0,"enemies":"2 Fungi Beasts","floor":14,"turns":2},{"damage":63,"enemies":"Hexaghost","floor":16,"turns":14},{"damage":27,"enemies":"Spheric Guardian","floor":18,"turns":7},{"damage":3,"enemies":"2 Thieves","floor":19,"turns":4},{"damage":43,"enemies":"Centurion and Healer","floor":20,"turns":6},{"damage":43,"enemies":"Snake Plant","floor":21,"turns":5},{"damage":24,"enemies":"Slavers","floor":23,"turns":1}],"seed_played":"-1892925670904164455","potions_obtained":[{"floor":14,"key":"Weak Potion"},{"floor":16,"key":"Explosive Potion"},{"floor":18,"key":"Fire Potion"},{"floor":21,"key":"FearPotion"}],"is_trial":false,"path_per_floor":["M","?","M","M","?","E","R","?","T","?","$","R","M","M","R","B",null,"M","M","M","M","?","E"],"character_chosen":"DOCTOR_CLASS","items_purchased":["Replay:Wax Seal","vexMod:PaidLearning","ats:Wolf Pack","ats:Thorns"],"campfire_rested":1,"item_purchase_floors":[11,11,11,11],"current_hp_per_floor":[72,65,65,69,74,39,62,62,62,62,62,62,60,60,60,36,77,70,77,47,21,21,0,0],"gold":211,"neow_bonus":"THREE_ENEMY_KILL","is_daily":false,"chose_seed":false,"campfire_upgraded":2,"win_rate":0.0,"timestamp":1610667122,"path_taken":["M","?","?","M","?","E","R","?","T","?","$","R","?","M","R","BOSS","M","?","M","M","?","E"],"items_purchased_type":["Relic","Relic","Card","Card"],"build_version":"2020-12-22","purchased_purges":0,"victory":false,"max_hp_per_floor":[72,72,72,72,77,77,77,77,77,77,77,77,77,77,77,77,77,77,77,77,77,77,77,77],"card_choices":[{"not_picked":["ats:Childhood Dance","ats:Flexible Camouflage"],"picked":"ats:Closed Bolt Burst Fire","floor":1.0},{"not_picked":["ats:Composite Medical Shells","ats:Childhood Dance"],"picked":"ats:Apocalypse","floor":3.0},{"not_picked":["ats:Curse Doll","ats:Childhood Dance"],"picked":"ats:Very Hot Blade","floor":4.0},{"not_picked":["ats:Childhood Dance","ats:Overload"],"picked":"ats:Shell Defense","floor":6},{"not_picked":["ats:Ignite","ats:Charging Defense"],"picked":"ats:Hammer On","floor":13},{"not_picked":["ats:LN2 Cannon","ats:Curse Doll"],"picked":"ats:Healing Drone","floor":14},{"not_picked":["ats:Fractured Body","ats:Soul Rend"],"picked":"ats:Calcification","floor":16},{"not_picked":["ats:Powerful Strike","ats:Childhood Dance"],"picked":"ats:Explosion Area Strengthen","floor":18},{"not_picked":["ats:Sword Rain","ats:LN2 Cannon+1"],"picked":"ats:Hammer On+1","floor":19},{"not_picked":["ats:Overload","ats:Neurotoxin"],"picked":"ats:Part Time Job+1","floor":20},{"not_picked":["ats:Consecutive Shot Auto","ats:Ignite"],"picked":"ats:Dogmatic Field","floor":21}],"player_experience":135809,"relics_obtained":[{"floor":6,"key":"Nunchaku"},{"floor":6,"key":"ats:Originium"},{"floor":9,"key":"Bag of Marbles"}],"event_choices":[{"damage_healed":0.0,"max_hp_gain":0.0,"max_hp_loss":0.0,"gold_gain":75.0,"event_name":"FaceTrader","player_choice":"Touch","floor":2.0,"gold_loss":0.0,"damage_taken":7.0},{"damage_healed":0.0,"max_hp_gain":5.0,"max_hp_loss":0.0,"gold_gain":0.0,"event_name":"Big Fish","player_choice":"Donut","floor":5.0,"gold_loss":0.0,"damage_taken":0.0},{"damage_healed":0,"gold_gain":0,"player_choice":"Grow","damage_taken":0,"max_hp_gain":0,"max_hp_loss":0,"event_name":"Living Wall","floor":8,"gold_loss":0,"cards_upgraded":["ats:Closed Bolt Burst Fire"]},{"damage_healed":0,"gold_gain":0,"player_choice":"Ignored","damage_taken":0,"max_hp_gain":0,"max_hp_loss":0,"event_name":"Purifier","floor":10,"gold_loss":0},{"damage_healed":0,"gold_gain":0,"player_choice":"Simplicity","damage_taken":0,"max_hp_gain":0,"max_hp_loss":8,"event_name":"betterThird:BetterWriting","floor":22,"gold_loss":0}],"is_beta":false,"boss_relics":[{"not_picked":["Astrolabe","energizedSpire:RedRose"],"picked":"hubris:Backtick"}],"items_purged_floors":[],"is_endless":false,"potions_floor_spawned":[14,16,18,21],"killed_by":"Slavers","ascension_level":0}}