{"host":"9jj9tzo2iym4bpat","time":1610668655,"event":{"mods":["Act Like it!","BaseMod","CapriCore","Dark Map","Luminous","Marisa????????","Minty Spire (QoL Compilation)","Permanent Neow","StSLib","Td1madao Mod","The Animator","The Immortal","The Marked","The Servant 0.9.4","Yakumo Yukari mod"],"gold_per_floor":[13,30,50,64,64,64,79,79,79,95,127,127,26,126,126,229,229,239,266,266,266,266,266,217,217,288,288,307,180,180,195,195,195,195],"floor_reached":33,"language":"ENG","playtime":1650,"items_purged":["Strike_G"],"score":267,"play_id":"20ce6354-90f3-4a9e-8fbd-5ca99dfbfc67","local_time":"20210114175735","is_ascension_mode":true,"campfire_choices":[{"floor":6,"key":"REST"},{"floor":8,"key":"REST"},{"floor":15,"key":"REST"},{"floor":23,"key":"REST"},{"floor":25,"key":"REST"},{"data":"Footwork","floor":30,"key":"SMITH"},{"floor":32,"key":"REST"}],"circlet_count":0,"master_deck":["Strike_G","Strike_G","Strike_G","Strike_G","Defend_G","Defend_G","Defend_G","Defend_G+1","Defend_G","Survivor","Neutralize","Blade Dance","Terror","Noxious Fumes","PiercingWail","Caltrops","Footwork+1","Slice","Outmaneuver","Burst+1","CurseOfTheBell","Blade Dance","Cloak And Dagger","RitualDagger","Writhe","Slice","Deflect+1","Infinite Blades","Finisher"],"relics":["Ring of the Snake","WingedGreaves","Mercury Hourglass","Tingsha","Calling Bell","PreservedInsect","Matryoshka","Thread and Needle","Red Mask","Ornamental Fan","War Paint","Gremlin Horn","Anchor","Question Card"],"acts_visited":["Exordium","TheCity"],"potions_floor_usage":[12,16,16,33,33],"damage_taken":[{"damage":11,"enemies":"Small Slimes","floor":1,"turns":4},{"damage":6,"enemies":"Cultist","floor":2,"turns":4},{"damage":1,"enemies":"2 Louse","floor":3,"turns":3},{"damage":12,"enemies":"Large Slime","floor":4,"turns":8},{"damage":8,"enemies":"Looter","floor":7,"turns":3},{"damage":14,"enemies":"Exordium Thugs","floor":10,"turns":5},{"damage":28,"enemies":"Gremlin Nob","floor":11,"turns":5},{"damage":34,"enemies":"Slime Boss","floor":16,"turns":9},{"damage":14,"enemies":"Chosen","floor":18,"turns":7},{"damage":48,"enemies":"Masked Bandits","floor":19,"turns":6},{"damage":1,"enemies":"Shell Parasite","floor":28,"turns":5},{"damage":34,"enemies":"Snecko","floor":31,"turns":6},{"damage":43,"enemies":"Champ","floor":33,"turns":12}],"seed_played":"3618402581401959634","potions_obtained":[{"floor":3,"key":"PowerPotion"},{"floor":7,"key":"LiquidMemories"},{"floor":10,"key":"SpeedPotion"},{"floor":12,"key":"Fruit Juice"},{"floor":12,"key":"DistilledChaos"}],"is_trial":false,"path_per_floor":["M","M","M","M","$","R","M","R","T","M","E","?","$","?","R","B",null,"M","?","?","?","?","R","$","R","T","T","M","$","R","M","R","B"],"character_chosen":"THE_SILENT","items_purchased":["Outmaneuver","Slice","Infinite Blades","Strength Potion"],"campfire_rested":6,"item_purchase_floors":[13,24,29,29],"current_hp_per_floor":[59,53,52,40,40,61,53,70,70,56,28,33,33,33,55,21,75,61,13,13,7,7,29,29,51,51,51,50,50,50,16,38,0,0],"gold":195,"neow_bonus":"ONE_RARE_RELIC","is_daily":false,"chose_seed":false,"campfire_upgraded":1,"win_rate":0.0,"timestamp":1610668655,"path_taken":["M","M","M","M","$","R","M","R","T","M","E","?","?","?","R","BOSS","M","?","?","?","?","R","?","R","T","?","M","$","R","M","R","BOSS"],"items_purchased_type":["Card","Card","Card","Potion"],"build_version":"2020-12-22","purchased_purges":1,"victory":false,"max_hp_per_floor":[70,70,70,70,70,70,70,70,70,70,70,75,75,75,75,75,75,75,75,75,75,75,75,75,75,75,75,75,75,75,75,75,75,75],"card_choices":[{"not_picked":["Quick Slash","Calculated Gamble"],"picked":"Blade Dance","floor":1},{"not_picked":["Noxious Fumes","Escape Plan"],"picked":"Terror","floor":2},{"not_picked":["Deadly Poison","Poisoned Stab"],"picked":"Noxious Fumes","floor":3},{"not_picked":["Underhanded Strike","Escape Plan"],"picked":"PiercingWail","floor":4},{"not_picked":["Prepared","Escape Plan"],"picked":"Caltrops","floor":7},{"not_picked":["Sucker Punch","Slice"],"picked":"Footwork","floor":10},{"not_picked":["Dagger Throw","PiercingWail"],"picked":"Slice","floor":11},{"not_picked":["Storm of Steel","Phantasmal Killer"],"picked":"Burst","floor":16},{"not_picked":["Expertise","Outmaneuver"],"picked":"Blade Dance","floor":18},{"not_picked":["Acrobatics","Deadly Poison"],"picked":"Cloak And Dagger","floor":19},{"not_picked":["Dash","Cloak And Dagger","Dagger Spray"],"picked":"Deflect+1","floor":28},{"not_picked":["Leg Sweep","Cloak And Dagger","Poisoned Stab"],"picked":"Finisher","floor":31}],"player_experience":244156,"relics_obtained":[{"floor":9,"key":"Mercury Hourglass"},{"floor":11,"key":"Tingsha"},{"floor":17,"key":"PreservedInsect"},{"floor":17,"key":"Matryoshka"},{"floor":17,"key":"Thread and Needle"},{"floor":19,"key":"Red Mask"},{"floor":26,"key":"War Paint"},{"floor":26,"key":"Gremlin Horn"},{"floor":27,"key":"Anchor"},{"floor":27,"key":"Question Card"}],"event_choices":[{"damage_healed":0,"gold_gain":0,"player_choice":"Got Potions","damage_taken":0,"max_hp_gain":0,"max_hp_loss":0,"event_name":"Lab","floor":12,"gold_loss":0},{"damage_healed":0,"gold_gain":100,"player_choice":"Pray","damage_taken":0,"max_hp_gain":0,"max_hp_loss":0,"event_name":"Golden Shrine","floor":14,"gold_loss":0},{"damage_healed":0,"gold_gain":0,"player_choice":"Fought Bandits","damage_taken":0,"max_hp_gain":0,"max_hp_loss":0,"event_name":"Masked Bandits","floor":19,"gold_loss":0},{"damage_healed":0,"gold_gain":0,"player_choice":"Ignored","damage_taken":0,"max_hp_gain":0,"max_hp_loss":0,"event_name":"Ghosts","floor":20,"gold_loss":0},{"damage_healed":0,"gold_gain":0,"player_choice":"Joined the Cult","damage_taken":6,"max_hp_gain":0,"max_hp_loss":0,"event_name":"Nest","floor":21,"gold_loss":0,"cards_obtained":["RitualDagger"]},{"damage_healed":0,"gold_gain":0,"player_choice":"Opened","damage_taken":0,"relics_obtained":["Ornamental Fan"],"max_hp_gain":0,"max_hp_loss":0,"event_name":"The Mausoleum","floor":22,"gold_loss":0,"cards_obtained":["Writhe"]}],"is_beta":false,"boss_relics":[{"not_picked":["Velvet Choker","Busted Crown"],"picked":"Calling Bell"}],"items_purged_floors":[13],"is_endless":false,"potions_floor_spawned":[3,7,10,11],"killed_by":"Champ","ascension_level":2}}