{"host":"c3lc60y5x60jlt1y","time":1610606140,"event":{"mods":["AchievementEnabler","BaseMod","Bestiary","Colored Map","Minty Spire (QoL Compilation)","Quick Restart","StSLib","ojb\u0027s Info Mod"],"gold_per_floor":[119,133,153,153,153,40,66,66,114,114,114,148,158,185,185,282,282,297,212,53,53,53,78,78,110,110,127,162,182,208,208,208,307,307,320,339,339,163,182,182,182,195,195,195,195,213,245,258,258,258,258,258,13,38,38,38],"floor_reached":55,"playtime":33454,"items_purged":["Strike_B","All For One"],"score":1070,"play_id":"9db9b854-b4b7-432a-b21c-9673e9fe90c9","local_time":"20210114083540","is_ascension_mode":true,"campfire_choices":[{"floor":8,"key":"REST"},{"data":"Seek","floor":10,"key":"SMITH"},{"data":"Storm","floor":15,"key":"SMITH"},{"data":"Fission","floor":24,"key":"SMITH"},{"data":"Ghostly","floor":32,"key":"SMITH"},{"data":"Ghostly","floor":40,"key":"SMITH"},{"data":"Ghostly","floor":45,"key":"SMITH"},{"floor":49,"key":"RECALL"},{"data":"Ghostly","floor":52,"key":"SMITH"}],"circlet_count":0,"master_deck":["Zap","Dualcast","Conserve Battery","Fusion","Streamline+1","Seek+1","Glacier","Capacitor","Storm+1","Coolheaded","Doom and Gloom+1","Fusion","BootSequence","Storm","Fission+1","Cold Snap","Tempest","Stack","Thunder Strike","Defragment","Force Field","Electrodynamics","Ghostly+1","Ghostly+1","Ghostly+1","Ghostly+1","Ghostly","Hologram+1","Machine Learning","Genetic Algorithm+1","Reboot","FTL+1","Defragment","Core Surge","Defragment+1","Meteor Strike"],"relics":["Cracked Core","Prayer Wheel","Bronze Scales","Ancient Tea Set","Nunchaku","Whetstone","Pandora\u0027s Box","Gambling Chip","StrikeDummy","Ice Cream","Dead Branch","Art of War","Centennial Puzzle","Nuclear Battery","Shovel","CaptainsWheel"],"acts_visited":["Exordium","TheCity","TheBeyond","TheEnding"],"potions_floor_usage":[7,16,16,28,33,47,50,54,55],"damage_taken":[{"damage":1,"enemies":"2 Louse","floor":1,"turns":3},{"damage":4,"enemies":"Small Slimes","floor":2,"turns":3},{"damage":1,"enemies":"Cultist","floor":3,"turns":3},{"damage":15,"enemies":"3 Sentries","floor":7,"turns":9},{"damage":0,"enemies":"Lagavulin","floor":12,"turns":6},{"damage":0,"enemies":"Large Slime","floor":13,"turns":4},{"damage":11,"enemies":"3 Sentries","floor":14,"turns":9},{"damage":3,"enemies":"Slime Boss","floor":16,"turns":5},{"damage":15,"enemies":"Spheric Guardian","floor":18,"turns":4},{"damage":0,"enemies":"Gremlin Leader","floor":23,"turns":6},{"damage":3,"enemies":"Book of Stabbing","floor":25,"turns":5},{"damage":2,"enemies":"Chosen","floor":27,"turns":3},{"damage":3,"enemies":"Gremlin Leader","floor":28,"turns":5},{"damage":0,"enemies":"Snecko","floor":29,"turns":3},{"damage":5,"enemies":"Book of Stabbing","floor":30,"turns":5},{"damage":4,"enemies":"Automaton","floor":33,"turns":7},{"damage":3,"enemies":"3 Darklings","floor":35,"turns":3},{"damage":9,"enemies":"3 Shapes","floor":36,"turns":3},{"damage":0,"enemies":"Transient","floor":39,"turns":5},{"damage":0,"enemies":"Maw","floor":42,"turns":5},{"damage":0,"enemies":"Spire Growth","floor":46,"turns":5},{"damage":0,"enemies":"Reptomancer","floor":47,"turns":5},{"damage":2,"enemies":"Transient","floor":48,"turns":5},{"damage":4,"enemies":"Donu and Deca","floor":50,"turns":5},{"damage":28,"enemies":"Shield and Spear","floor":54,"turns":7},{"damage":35,"enemies":"The Heart","floor":55,"turns":6}],"seed_played":"5129358524836008135","potions_obtained":[{"floor":2,"key":"PotionOfCapacity"},{"floor":7,"key":"Swift Potion"},{"floor":12,"key":"DistilledChaos"},{"floor":16,"key":"EssenceOfSteel"},{"floor":18,"key":"SmokeBomb"},{"floor":28,"key":"Fruit Juice"},{"floor":29,"key":"EssenceOfSteel"},{"floor":30,"key":"SkillPotion"},{"floor":36,"key":"EssenceOfDarkness"},{"floor":47,"key":"Swift Potion"}],"is_trial":false,"path_per_floor":["M","M","M","?","?","$","E","R","T","R","?","E","M","E","R","B",null,"M","?","$","?","$","E","R","E","T","M","E","M","E","?","R","B",null,"M","M","?","$","M","R","?","M","T","?","R","M","E","M","R","B",null,"R","$","E","B"],"character_chosen":"DEFECT","items_purchased":["Storm","Electrodynamics","DuplicationPotion","FairyPotion","Meteor Strike"],"campfire_rested":1,"item_purchase_floors":[6,20,38,53,53],"current_hp_per_floor":[53,49,48,48,33,33,18,40,40,40,40,40,40,29,29,26,63,48,48,48,37,37,37,37,34,34,32,34,34,29,23,23,19,40,37,28,28,28,28,28,28,28,28,47,47,47,47,45,45,41,46,46,46,18,0,0],"gold":38,"neow_bonus":"ONE_RARE_RELIC","is_daily":false,"chose_seed":false,"campfire_upgraded":7,"win_rate":0.0,"timestamp":1610606140,"path_taken":["M","M","M","?","?","$","E","R","T","R","?","E","?","E","R","BOSS","M","?","$","?","?","E","R","E","T","M","E","?","E","?","R","BOSS","M","M","?","$","M","R","?","M","T","?","R","M","E","?","R","BOSS","R","$","E","BOSS"],"items_purchased_type":["Card","Card","Potion","Potion","Card"],"build_version":"2020-12-22","purchased_purges":2,"victory":false,"max_hp_per_floor":[75,75,75,75,75,75,75,75,75,75,75,75,75,75,75,75,75,75,75,75,37,37,37,37,37,37,37,42,42,42,47,47,47,47,47,47,47,47,47,47,47,47,47,47,47,47,47,47,47,47,47,47,47,47,47,47],"card_choices":[{"not_picked":["Compile Driver","Rebound"],"picked":"Conserve Battery","floor":1},{"not_picked":["Cold Snap","Conserve Battery"],"picked":"Fusion","floor":1},{"not_picked":["Blizzard","Rebound"],"picked":"Streamline","floor":2},{"not_picked":["Redo","Steam Power","Stack"],"picked":"SKIP","floor":2},{"not_picked":["Doom and Gloom","Steam Power"],"picked":"Seek","floor":3},{"not_picked":["Hologram","BootSequence"],"picked":"Glacier","floor":3},{"not_picked":["Rip and Tear","Hyperbeam"],"picked":"Coolheaded","floor":7},{"not_picked":["Sweeping Beam","Coolheaded"],"picked":"Fusion","floor":12},{"not_picked":["Ball Lightning","Rebound"],"picked":"BootSequence","floor":13},{"not_picked":["Scrape","Stack","Rip and Tear"],"picked":"SKIP","floor":13},{"not_picked":["Steam","Hello World"],"picked":"Storm","floor":14},{"not_picked":["Core Surge","Multi-Cast"],"picked":"Fission","floor":16},{"not_picked":["Loop","Compile Driver"],"picked":"Defragment","floor":18},{"not_picked":["Turbo+1","Lockon+1"],"picked":"Force Field","floor":18},{"not_picked":["Fusion","Coolheaded"],"picked":"Hologram+1","floor":23},{"not_picked":["Ball Lightning","Compile Driver+1","Sweeping Beam+1"],"picked":"SKIP","floor":25},{"not_picked":["Streamline","Hologram","Rebound+1"],"picked":"SKIP","floor":27},{"not_picked":["Sweeping Beam","Electrodynamics","Rebound"],"picked":"SKIP","floor":27},{"not_picked":["Hello World","Stack"],"picked":"Machine Learning","floor":28},{"not_picked":["Reprogram","Compile Driver+1"],"picked":"Genetic Algorithm+1","floor":29},{"not_picked":["Ball Lightning","Turbo+1","Undo"],"picked":"SKIP","floor":29},{"not_picked":["Hologram","Cold Snap+1","FTL"],"picked":"SKIP","floor":30},{"not_picked":["Electrodynamics","Biased Cognition"],"picked":"Reboot","floor":33},{"not_picked":["Barrage","Stack+1"],"picked":"FTL+1","floor":35},{"not_picked":["Turbo+1","Ball Lightning","Coolheaded+1"],"picked":"SKIP","floor":35},{"not_picked":["Streamline","Reprogram+1","Rebound"],"picked":"SKIP","floor":36},{"not_picked":["Rebound+1","Coolheaded","Double Energy"],"picked":"SKIP","floor":36},{"not_picked":["Glacier","Reinforced Body+1"],"picked":"Defragment","floor":39},{"not_picked":["Streamline+1","Steam","Recycle+1"],"picked":"SKIP","floor":39},{"not_picked":["Flash of Steel","Good Instincts"],"picked":"Dramatic Entrance","floor":41},{"not_picked":["Lockon","Aggregate","Beam Cell"],"picked":"SKIP","floor":42},{"not_picked":["Darkness","Steam Power","Hologram"],"picked":"SKIP","floor":42},{"not_picked":["Ball Lightning+1","Steam"],"picked":"Core Surge","floor":46},{"not_picked":["Glacier+1","Hello World+1","Gash"],"picked":"SKIP","floor":46},{"not_picked":["Compile Driver+1","Sweeping Beam","Coolheaded"],"picked":"SKIP","floor":47},{"not_picked":["Compile Driver+1","Steam"],"picked":"Defragment+1","floor":48},{"not_picked":["Streamline+1","Hologram","Steam Power+1"],"picked":"SKIP","floor":48},{"not_picked":["FTL+1","Steam","Electrodynamics"],"picked":"SKIP","floor":54}],"player_experience":8022171,"relics_obtained":[{"floor":7,"key":"Bronze Scales"},{"floor":9,"key":"Ancient Tea Set"},{"floor":12,"key":"Nunchaku"},{"floor":14,"key":"Whetstone"},{"floor":23,"key":"StrikeDummy"},{"floor":25,"key":"Ice Cream"},{"floor":26,"key":"Dead Branch"},{"floor":28,"key":"Art of War"},{"floor":30,"key":"Centennial Puzzle"},{"floor":47,"key":"Shovel"},{"floor":54,"key":"CaptainsWheel"}],"event_choices":[{"damage_healed":0,"gold_gain":0,"cards_transformed":["Strike_B"],"player_choice":"Change","damage_taken":0,"max_hp_gain":0,"max_hp_loss":0,"event_name":"Living Wall","floor":4,"gold_loss":0,"cards_obtained":["Capacitor"]},{"damage_healed":0,"gold_gain":0,"player_choice":"Entered Light","damage_taken":15,"max_hp_gain":0,"max_hp_loss":0,"event_name":"Shining Light","floor":5,"gold_loss":0,"cards_upgraded":["Strike_B","Streamline"]},{"damage_healed":0,"gold_gain":0,"cards_transformed":["Defend_B"],"player_choice":"Transformed","damage_taken":0,"max_hp_gain":0,"max_hp_loss":0,"event_name":"Transmorgrifier","floor":11,"gold_loss":0,"cards_obtained":["Doom and Gloom"]},{"damage_healed":0,"gold_gain":0,"player_choice":"Obtained Relic","damage_taken":0,"relics_obtained":["Gambling Chip"],"max_hp_gain":0,"max_hp_loss":0,"event_name":"Addict","floor":19,"gold_loss":85},{"damage_healed":0,"gold_gain":0,"player_choice":"Became a Ghost","damage_taken":0,"max_hp_gain":0,"max_hp_loss":38,"event_name":"Ghosts","floor":21,"gold_loss":0,"cards_obtained":["Ghostly","Ghostly","Ghostly","Ghostly","Ghostly"]},{"damage_healed":0,"gold_gain":0,"player_choice":"Shed Blood","damage_taken":11,"max_hp_gain":5,"max_hp_loss":0,"event_name":"Forgotten Altar","floor":31,"gold_loss":0},{"damage_healed":0,"gold_gain":0,"player_choice":"Ignored","damage_taken":0,"max_hp_gain":0,"max_hp_loss":0,"event_name":"Tomb of Lord Red Mask","floor":37,"gold_loss":0},{"damage_healed":0,"gold_gain":0,"player_choice":"Memory 1","damage_taken":0,"max_hp_gain":0,"max_hp_loss":0,"event_name":"SensoryStone","floor":41,"gold_loss":0},{"cards_removed":["Dramatic Entrance"],"damage_healed":19,"gold_gain":0,"player_choice":"Offered Uncommon","damage_taken":0,"max_hp_gain":0,"max_hp_loss":0,"event_name":"Bonfire Elementals","floor":44,"gold_loss":0}],"is_beta":false,"boss_relics":[{"not_picked":["Runic Dome","Tiny House"],"picked":"Pandora\u0027s Box"},{"not_picked":["Cursed Key","Coffee Dripper"],"picked":"Nuclear Battery"}],"items_purged_floors":[6,38],"is_endless":false,"potions_floor_spawned":[2,7,12,16,18,28,29,30,36,47,48],"killed_by":"The Heart","ascension_level":5}}