{"host":"veymnbzwgp1k9ont","time":1610644893,"event":{"mods":["BaseMod","Defuse TimeMaze Blight","Minty Spire (QoL Compilation)","Rare Cards Sparkle","Shop Mod","StSLib","The Servant 0.9.4"],"gold_per_floor":[112,187,207,207,227,227,252,252,252,252,265,341,341,367,367,471,471,484,409,341,357,372,372,372,387,412,412,426,444,444,468,468,565,565,575,589,289,289,302,302,316,12,12,29,47,47,64,79,79,174,174,193,368,368,293,293,324,324,335,359,10,30,46,46,56,56,158,158,171,171,171,190,289,319,319,319,352,51,51,51,51,76,76,181,181,197,215,215,232,18,53,53,85,116,116,133,21,31,49,49,146,146,162,176,176,98,112,112,177,177,177],"floor_reached":110,"language":"ENG","playtime":4562,"items_purged":["Doubt","FanOfKnives","Writhe","KillingDoll+1"],"score":2298,"play_id":"d05bca34-11ba-441f-a857-6ee3e7a5c605","local_time":"20210114112133","daily_mods":["SealedDeck","Heirloom"],"is_ascension_mode":false,"campfire_choices":[{"data":"Starlight","floor":6.0,"key":"SMITH"},{"data":"InstantArmor","floor":8.0,"key":"SMITH"},{"data":"MurderousAura","floor":15.0,"key":"SMITH"},{"data":"SurpressingFire","floor":23.0,"key":"SMITH"},{"data":"SilverBlades","floor":27.0,"key":"SMITH"},{"data":"GearUp","floor":30.0,"key":"SMITH"},{"data":"FloweringNight","floor":32.0,"key":"SMITH"},{"data":"SilverMatrix","floor":40.0,"key":"SMITH"},{"data":"Orbit","floor":46.0,"key":"SMITH"},{"data":"Spin","floor":49.0,"key":"SMITH"},{"floor":58.0,"key":"REST"},{"floor":64.0,"key":"REST"},{"floor":66.0,"key":"REST"},{"data":"KillingDoll","floor":75.0,"key":"SMITH"},{"data":"Defy","floor":79.0,"key":"SMITH"},{"data":"Defy","floor":81.0,"key":"SMITH"},{"floor":83.0,"key":"REST"},{"floor":95.0,"key":"REST"},{"data":"Orbit","floor":100.0,"key":"SMITH"},{"floor":108,"key":"REST"}],"circlet_count":0,"master_deck":["Rearm+1","Orbit+1","Defy+1","Starlight+1","Starlight+1","Reset+1","Defy+1","GearUp+1","InstantArmor+1","MurderousAura+1","SurpressingFire+1","SilverBlades+1","SilverMatrix+1","Starlight+1","Adrenaline+1","InstantArmor+1","TheWorld+1","SilverBlades+1","Luminosity+1","Orbit+1"],"relics":["SplendidAttire","Calipers","Unceasing Top","Potion Belt","Toxic Egg 2","Blue Candle","Ornamental Fan","Centennial Puzzle","Vajra","Black Star","Bottled Lightning","Anchor","Nunchaku","Mummified Hand","Busted Crown","Strawberry","Dream Catcher","Bottled Tornado","Sozu","Tiny Chest","MutagenicStrength","Membership Card","FossilizedHelix","Philosopher\u0027s Stone","Akabeko","Bag of Marbles","SlaversCollar","Omamori","The Courier"],"acts_visited":["Exordium","TheCity","TheBeyond","Exordium","TheCity","TheBeyond"],"potions_floor_usage":[],"damage_taken":[{"damage":0.0,"enemies":"2 Louse","floor":1.0,"turns":1.0},{"damage":0.0,"enemies":"Jaw Worm","floor":3.0,"turns":3.0},{"damage":0.0,"enemies":"Cultist","floor":5.0,"turns":3.0},{"damage":22.0,"enemies":"Gremlin Nob","floor":7.0,"turns":4.0},{"damage":0.0,"enemies":"Exordium Thugs","floor":11.0,"turns":2.0},{"damage":18.0,"enemies":"3 Sentries","floor":14.0,"turns":4.0},{"damage":2.0,"enemies":"The Guardian","floor":16.0,"turns":9.0},{"damage":0.0,"enemies":"Spheric Guardian","floor":18.0,"turns":3.0},{"damage":0.0,"enemies":"Shell Parasite","floor":21.0,"turns":4.0},{"damage":0.0,"enemies":"Cultist and Chosen","floor":22.0,"turns":4.0},{"damage":4.0,"enemies":"Centurion and Healer","floor":25.0,"turns":4.0},{"damage":4.0,"enemies":"Shelled Parasite and Fungi","floor":28.0,"turns":3.0},{"damage":0.0,"enemies":"Cultist and Chosen","floor":29.0,"turns":3.0},{"damage":0.0,"enemies":"Automaton","floor":33.0,"turns":6.0},{"damage":13.0,"enemies":"3 Shapes","floor":35.0,"turns":3.0},{"damage":5.0,"enemies":"3 Darklings","floor":36.0,"turns":3.0},{"damage":0.0,"enemies":"Transient","floor":39.0,"turns":5.0},{"damage":21.0,"enemies":"4 Shapes","floor":41.0,"turns":4.0},{"damage":0.0,"enemies":"Writhing Mass","floor":44.0,"turns":4.0},{"damage":0.0,"enemies":"Sphere and 2 Shapes","floor":45.0,"turns":2.0},{"damage":0.0,"enemies":"Maw","floor":47.0,"turns":3.0},{"damage":0.0,"enemies":"4 Shapes","floor":48.0,"turns":2.0},{"damage":1.0,"enemies":"Time Eater","floor":50.0,"turns":9.0},{"damage":0.0,"enemies":"Small Slimes","floor":52.0,"turns":2.0},{"damage":0.0,"enemies":"3 Sentries","floor":57.0,"turns":2.0},{"damage":0.0,"enemies":"Cultist","floor":59.0,"turns":2.0},{"damage":0.0,"enemies":"2 Louse","floor":62.0,"turns":1.0},{"damage":0.0,"enemies":"Exordium Wildlife","floor":63.0,"turns":1.0},{"damage":0.0,"enemies":"Exordium Thugs","floor":65.0,"turns":2.0},{"damage":0.0,"enemies":"Slime Boss","floor":67.0,"turns":2.0},{"damage":0.0,"enemies":"2 Thieves","floor":69.0,"turns":2.0},{"damage":1.0,"enemies":"3 Byrds","floor":72.0,"turns":2.0},{"damage":0.0,"enemies":"Book of Stabbing","floor":74.0,"turns":2.0},{"damage":2.0,"enemies":"Slavers","floor":77.0,"turns":2.0},{"damage":0.0,"enemies":"Book of Stabbing","floor":82.0,"turns":2.0},{"damage":0.0,"enemies":"Collector","floor":84.0,"turns":2.0},{"damage":0.0,"enemies":"3 Shapes","floor":86.0,"turns":2.0},{"damage":0.0,"enemies":"Orb Walker","floor":87.0,"turns":2.0},{"damage":0.0,"enemies":"Jaw Worm Horde","floor":89.0,"turns":1.0},{"damage":0.0,"enemies":"Reptomancer","floor":91.0,"turns":1.0},{"damage":0.0,"enemies":"Giant Head","floor":93.0,"turns":2.0},{"damage":0.0,"enemies":"Reptomancer","floor":94.0,"turns":2.0},{"damage":0.0,"enemies":"Spire Growth","floor":96.0,"turns":1.0},{"damage":0.0,"enemies":"3 Darklings","floor":98.0,"turns":1.0},{"damage":0.0,"enemies":"4 Shapes","floor":99.0,"turns":1.0},{"damage":0.0,"enemies":"Donu and Deca","floor":101.0,"turns":2.0},{"damage":0,"enemies":"2 Louse","floor":103,"turns":1},{"damage":0,"enemies":"Jaw Worm","floor":104,"turns":1},{"damage":0,"enemies":"Cultist","floor":107,"turns":1},{"damage":0,"enemies":"Gremlin Nob","floor":109,"turns":1},{"damage":0,"enemies":"Blue Slaver","floor":110,"turns":1}],"seed_played":"-955638396572576991","potions_obtained":[{"floor":5.0,"key":"LiquidMemories"},{"floor":11.0,"key":"FearPotion"},{"floor":18.0,"key":"FairyPotion"},{"floor":29.0,"key":"SkillPotion"},{"floor":33.0,"key":"Dexterity Potion"},{"floor":44.0,"key":"SpeedPotion"},{"floor":50.0,"key":"Regen Potion"},{"floor":57.0,"key":"SteroidPotion"}],"is_trial":true,"path_per_floor":["M","?","M","T","M","R","E","R","T","$","M","?","T","E","R","B",null,"M","?","$","M","M","R","?","M","T","R","M","M","R","T","R","B",null,"M","M","$","?","M","R","M","$","T","M","M","R","M","M","R","B",null,"M","?","?","$","?","E","R","M","T","$","M","M","R","M","R","B",null,"M","?","?","M","?","E","R","$","E","$","R","$","R","E","R","B",null,"M","M","?","M","$","E","?","E","E","R","M","$","M","M","R","B",null,"M","M","?","$","M","R","?","M"],"character_chosen":"THE_SERVANT","items_purchased":["SurpressingFire","Bottled Lightning","FanOfKnives","Anchor","Nunchaku","Bottled Tornado","Membership Card","FossilizedHelix","Akabeko","Bag of Marbles","Orbit","Omamori"],"campfire_rested":6,"item_purchase_floors":[20,37,37,42,42,61,78,78,90,90,97,106],"current_hp_per_floor":[65,54,54,54,54,54,32,32,32,32,32,32,32,14,14,12,65,65,65,65,65,65,65,65,61,61,61,57,57,57,57,57,57,65,52,47,47,47,47,47,26,26,26,26,26,26,26,26,26,25,65,65,65,69,69,55,55,72,72,72,72,72,72,72,72,72,72,72,72,72,72,71,71,71,71,71,69,69,69,69,69,69,72,72,72,72,72,72,72,72,72,72,72,72,72,72,72,72,72,72,72,72,72,72,72,72,72,72,72,72,72],"gold":177,"neow_bonus":"","is_daily":false,"chose_seed":false,"campfire_upgraded":14,"win_rate":0.0,"timestamp":1610644893,"path_taken":["M","?","M","?","M","R","E","R","T","$","M","?","?","E","R","BOSS","M","?","$","M","M","R","?","?","T","R","M","M","R","?","R","BOSS","M","M","$","?","?","R","M","$","T","M","M","R","M","?","R","BOSS","M","?","?","$","?","E","R","?","T","$","?","M","R","M","R","BOSS","M","?","?","M","?","E","R","$","E","?","R","$","R","?","R","BOSS","M","M","?","?","$","E","?","?","E","R","M","$","M","M","R","BOSS","M","M","?","$","?","R","?","M"],"items_purchased_type":["Card","Relic","Card","Relic","Relic","Relic","Relic","Relic","Relic","Relic","Card","Relic"],"build_version":"2020-12-22","purchased_purges":4,"victory":false,"max_hp_per_floor":[65,65,65,65,65,65,65,65,65,65,65,65,65,65,65,65,65,65,65,65,65,65,65,65,65,65,65,65,65,65,65,65,65,65,65,65,65,65,65,65,65,65,65,65,65,65,65,65,65,65,65,65,65,72,72,72,72,72,72,72,72,72,72,72,72,72,72,72,72,72,72,72,72,72,72,72,72,72,72,72,72,72,72,72,72,72,72,72,72,72,72,72,72,72,72,72,72,72,72,72,72,72,72,72,72,72,72,72,72,72,72],"card_choices":[{"not_picked":["Rearm","Orbit","TimeTheft"],"picked":"SKIP","floor":1.0},{"not_picked":["Hightail","Manipulate","Desolation"],"picked":"SKIP","floor":3.0},{"not_picked":["StarChef","BestPractice","Revamp"],"picked":"SKIP","floor":5.0},{"not_picked":["ShatteredReality","Ricochet"],"picked":"InstantArmor","floor":7.0},{"not_picked":["ShatteredReality","Rewind+1","Rearm+1"],"picked":"SKIP","floor":11.0},{"not_picked":["FastForward+1","Shuttle+1"],"picked":"MurderousAura","floor":14.0},{"not_picked":["Deny+1","Sunlight"],"picked":"FloweringNight","floor":16.0},{"not_picked":["BottledTime+1","Alleviate+1","Foresight"],"picked":"SKIP","floor":18.0},{"not_picked":["Potential","Deny+1","SurpressingFire+1"],"picked":"SKIP","floor":21.0},{"not_picked":["Unruled","ShatteredReality","FastForward+1"],"picked":"SKIP","floor":22.0},{"not_picked":["ShatteredReality+1","MoonPhase"],"picked":"SilverBlades","floor":25.0},{"not_picked":["TimeWarp+1","Rewind+1","Comet"],"picked":"SKIP","floor":28.0},{"not_picked":["Ricochet","BottledTime+1","ReturningBlade"],"picked":"SKIP","floor":29.0},{"not_picked":["Duplication+1","LightFlow"],"picked":"SilverMatrix","floor":33.0},{"not_picked":["Reset+1","Unruled"],"picked":"Starlight+1","floor":35.0},{"not_picked":["Potential","FastForward+1","Defy+1"],"picked":"SKIP","floor":36.0},{"not_picked":["Alleviate+1","Unruled"],"picked":"InstantArmor+1","floor":39.0},{"not_picked":["DancingSilver+1","Rewind+1","SurpressingFire"],"picked":"SKIP","floor":41.0},{"not_picked":["Barrier+1","TimeWarp+1","FanOfKnives"],"picked":"SKIP","floor":44.0},{"not_picked":["Starlight","Manipulate+1","Moondial+1"],"picked":"SKIP","floor":45.0},{"not_picked":["Ricochet+1","Barrier+1","Revamp+1"],"picked":"SKIP","floor":47.0},{"not_picked":["TimeWarp","Replace+1","ShatteredReality"],"picked":"SKIP","floor":48.0},{"not_picked":["Deny+1","SoulSculpture"],"picked":"TheWorld+1","floor":50.0},{"not_picked":["Alleviate+1"],"picked":"SKIP","floor":52.0},{"not_picked":["Alleviate+1"],"picked":"SKIP","floor":57.0},{"not_picked":["Alleviate+1"],"picked":"SKIP","floor":59.0},{"not_picked":["Revamp+1"],"picked":"SKIP","floor":62.0},{"not_picked":["Unruled"],"picked":"SKIP","floor":63.0},{"not_picked":["Reset+1"],"picked":"SKIP","floor":65.0},{"not_picked":[],"picked":"KillingDoll","floor":67.0},{"not_picked":["Rewind+1"],"picked":"SKIP","floor":69.0},{"not_picked":["Rearm+1"],"picked":"SKIP","floor":72.0},{"not_picked":["ShatteredReality+1"],"picked":"SKIP","floor":74.0},{"not_picked":["Revamp+1"],"picked":"SKIP","floor":77.0},{"not_picked":["Potential"],"picked":"SKIP","floor":82.0},{"not_picked":[],"picked":"SilverBlades+1","floor":83.0},{"not_picked":["Spin+1"],"picked":"SKIP","floor":86.0},{"not_picked":["BottledTime+1"],"picked":"SKIP","floor":87.0},{"not_picked":["Snipe+1"],"picked":"SKIP","floor":89.0},{"not_picked":["Starlight+1"],"picked":"SKIP","floor":91.0},{"not_picked":["TimeWarp+1"],"picked":"SKIP","floor":93.0},{"not_picked":["Gouge"],"picked":"SKIP","floor":94.0},{"not_picked":[],"picked":"Luminosity+1","floor":96.0},{"not_picked":["Rearm+1"],"picked":"SKIP","floor":98.0},{"not_picked":["Gouge+1"],"picked":"SKIP","floor":99.0},{"not_picked":["Starlight"],"picked":"SKIP","floor":103},{"not_picked":["TimeWarp"],"picked":"SKIP","floor":104},{"not_picked":["StarChef"],"picked":"SKIP","floor":107}],"player_experience":422946,"relics_obtained":[{"floor":4.0,"key":"Unceasing Top"},{"floor":7.0,"key":"Potion Belt"},{"floor":9.0,"key":"Toxic Egg 2"},{"floor":13.0,"key":"Blue Candle"},{"floor":14.0,"key":"Ornamental Fan"},{"floor":26.0,"key":"Centennial Puzzle"},{"floor":31.0,"key":"Vajra"},{"floor":43.0,"key":"Mummified Hand"},{"floor":60.0,"key":"Dream Catcher"}],"event_choices":[{"damage_healed":0.0,"max_hp_gain":0.0,"max_hp_loss":0.0,"gold_gain":75.0,"event_name":"World of Goop","player_choice":"Gather Gold","floor":2.0,"gold_loss":0.0,"damage_taken":11.0},{"damage_healed":0.0,"max_hp_gain":0.0,"max_hp_loss":0.0,"gold_gain":76.0,"event_name":"Golden Wing","player_choice":"Gained Gold","floor":12.0,"gold_loss":0.0,"damage_taken":0.0},{"cards_removed":["Ricochet"],"damage_healed":0.0,"max_hp_gain":0.0,"max_hp_loss":0.0,"gold_gain":0.0,"event_name":"Beggar","player_choice":"Gave Gold","floor":19.0,"gold_loss":75.0,"damage_taken":0.0},{"damage_healed":0.0,"max_hp_gain":0.0,"max_hp_loss":0.0,"gold_gain":0.0,"event_name":"Upgrade Shrine","player_choice":"Upgraded","floor":24.0,"gold_loss":0.0,"damage_taken":0.0,"cards_upgraded":["Starlight"]},{"cards_removed":["FloweringNight"],"damage_healed":0.0,"max_hp_gain":0.0,"max_hp_loss":0.0,"gold_gain":0.0,"event_name":"NoteForYourself","player_choice":"Took Card","floor":38.0,"gold_loss":0.0,"damage_taken":0.0,"cards_obtained":["Adrenaline"]},{"damage_healed":0.0,"max_hp_gain":0.0,"max_hp_loss":0.0,"gold_gain":175.0,"event_name":"Liars Game","player_choice":"AGREE","floor":53.0,"gold_loss":0.0,"damage_taken":0.0,"cards_obtained":["Doubt"]},{"damage_healed":0.0,"max_hp_gain":0.0,"max_hp_loss":0.0,"gold_gain":0.0,"event_name":"Scrap Ooze","player_choice":"Success","floor":54.0,"gold_loss":0.0,"damage_taken":3.0,"relics_obtained":["Strawberry"]},{"damage_healed":0.0,"max_hp_gain":0.0,"max_hp_loss":0.0,"gold_gain":0.0,"event_name":"Shining Light","player_choice":"Entered Light","floor":56.0,"gold_loss":0.0,"damage_taken":14.0,"cards_upgraded":["Reset","Rearm"]},{"damage_healed":0.0,"max_hp_gain":0.0,"max_hp_loss":0.0,"gold_gain":0.0,"event_name":"The Mausoleum","player_choice":"Opened","floor":70.0,"gold_loss":0.0,"damage_taken":0.0,"relics_obtained":["Tiny Chest"],"cards_obtained":["Writhe"]},{"damage_healed":0.0,"max_hp_gain":0.0,"max_hp_loss":0.0,"gold_gain":0.0,"event_name":"Drug Dealer","player_choice":"Inject Mutagens","floor":71.0,"gold_loss":0.0,"damage_taken":0.0,"relics_obtained":["MutagenicStrength"]},{"damage_healed":0.0,"max_hp_gain":0.0,"max_hp_loss":0.0,"gold_gain":99.0,"event_name":"Nest","player_choice":"Stole From Cult","floor":73.0,"gold_loss":0.0,"damage_taken":0.0},{"damage_healed":0.0,"max_hp_gain":0.0,"max_hp_loss":0.0,"gold_gain":0.0,"event_name":"Upgrade Shrine","player_choice":"Ignored","floor":88.0,"gold_loss":0.0,"damage_taken":0.0},{"damage_healed":0.0,"max_hp_gain":0.0,"max_hp_loss":0.0,"gold_gain":0.0,"event_name":"SensoryStone","player_choice":"Memory 1","floor":92.0,"gold_loss":0.0,"damage_taken":0.0},{"cards_removed":["Spin"],"damage_healed":0,"gold_gain":0,"player_choice":"Purged","damage_taken":0,"max_hp_gain":0,"max_hp_loss":0,"event_name":"Purifier","floor":105,"gold_loss":0},{"damage_healed":0,"gold_gain":0,"player_choice":"Searched \u00272\u0027 times","damage_taken":0,"relics_obtained":["The Courier"],"max_hp_gain":0,"max_hp_loss":0,"event_name":"Dead Adventurer","floor":109,"gold_loss":0}],"is_beta":false,"boss_relics":[{"not_picked":["SlaversCollar","Philosopher\u0027s Stone"],"picked":"SplendidAttire"},{"not_picked":["Fusion Hammer","SacredBark"],"picked":"Black Star"},{"not_picked":["Snecko Eye","Calling Bell"],"picked":"Busted Crown"},{"not_picked":["Tiny House","Cursed Key"],"picked":"Sozu"},{"not_picked":["Runic Dome","StoneMask"],"picked":"Philosopher\u0027s Stone"},{"not_picked":["Astrolabe","Runic Pyramid"],"picked":"SlaversCollar"}],"items_purged_floors":[55,61,90,97],"is_endless":true,"potions_floor_spawned":[1,5,11,18,22,29,33,44,45,50,57,62,65,67,72,74,82,89,91,94,99,109],"killed_by":"Blue Slaver","ascension_level":0}}