{"host":"j4g6ia6asvpyu2b0","time":1610634800,"event":{"mods":["BaseMod","Colored Map","Minty Spire (QoL Compilation)","Permanent Neow","Quick Restart","Relic Stats","StSLib","Unceasing Turn Reminder"],"gold_per_floor":[113,124,144,144,144,144,144,144],"floor_reached":7,"language":"ENG","playtime":131,"items_purged":[],"score":64,"play_id":"f8641c2a-93ae-4f2d-b9e3-42a8748d1eb3","local_time":"20210114073320","is_ascension_mode":true,"campfire_choices":[{"data":"Genetic Algorithm","floor":6,"key":"SMITH"}],"circlet_count":0,"master_deck":["AscendersBane","Strike_B","Strike_B","Strike_B","Strike_B","Defend_B","Defend_B","Defend_B","Defend_B","Zap","Dualcast","Genetic Algorithm+1","Rebound","Defragment+1"],"relics":["Cracked Core","Du-Vu Doll","Kunai"],"acts_visited":["Exordium"],"potions_floor_usage":[],"damage_taken":[{"damage":4.0,"enemies":"2 Louse","floor":1.0,"turns":2.0},{"damage":7.0,"enemies":"Jaw Worm","floor":2.0,"turns":3.0},{"damage":5,"enemies":"Small Slimes","floor":3,"turns":2},{"damage":48,"enemies":"Lagavulin","floor":7,"turns":7}],"seed_played":"-1104936656538286266","potions_obtained":[{"floor":3,"key":"Energy Potion"}],"is_trial":false,"path_per_floor":["M","M","M","?","?","R","E"],"character_chosen":"DEFECT","items_purchased":[],"campfire_rested":0,"item_purchase_floors":[],"current_hp_per_floor":[64,57,52,52,45,45,0,0],"gold":144,"neow_bonus":"ONE_RARE_RELIC","is_daily":false,"chose_seed":false,"campfire_upgraded":1,"win_rate":0.0,"timestamp":1610634800,"path_taken":["M","M","M","?","?","R","E"],"items_purchased_type":[],"build_version":"2020-12-22","purchased_purges":0,"victory":false,"max_hp_per_floor":[68,68,68,68,68,68,68,68],"relic_stats":{"counters":[4,14],"Kunai":[1],"obtain_stats":[{"Du-Vu Doll":0,"Kunai":5,"Cracked Core":0},{"Du-Vu Doll":0,"Kunai":3,"Cracked Core":0},{"Du-Vu Doll":0,"Kunai":7,"Cracked Core":0}]},"card_choices":[{"not_picked":["Barrage","Chill"],"picked":"Genetic Algorithm","floor":1.0},{"not_picked":["Compile Driver","Hologram"],"picked":"Rebound","floor":2.0},{"not_picked":["Ball Lightning","Coolheaded"],"picked":"Defragment","floor":3}],"player_experience":843776,"relics_obtained":[],"event_choices":[{"damage_healed":0,"gold_gain":0,"player_choice":"Grow","damage_taken":0,"max_hp_gain":0,"max_hp_loss":0,"event_name":"Living Wall","floor":4,"gold_loss":0,"cards_upgraded":["Defragment"]},{"damage_healed":0,"gold_gain":0,"player_choice":"Success","damage_taken":7,"relics_obtained":["Kunai"],"max_hp_gain":0,"max_hp_loss":0,"event_name":"Scrap Ooze","floor":5,"gold_loss":0}],"is_beta":false,"boss_relics":[],"items_purged_floors":[],"is_endless":false,"potions_floor_spawned":[3],"killed_by":"Lagavulin","ascension_level":11}}