{"host":"pmmuxs046gii331m","time":1610651266,"event":{"mods":["AchievementEnabler","AlwaysNeverKeys","BaseMod","Colored Powertips","Custom Start","Disable Question Mark Monsters","Downfall","Gold Saver","Minty Spire (QoL Compilation)","Permanent Neow","Quick Restart","Replay The Spire","StSLib"],"gold_per_floor":[245,245,95,113,126,154,178,208,227,227,245,262,280,295,313,408,508,508,523,523,543,557,567,567,581,581,581,597,632,632,632,650,749,749,749,837,837,857,934,949,1018,1018,1053,1068,1088,703,722,427,439,439],"floor_reached":51,"language":"ENG","playtime":9087,"items_purged":["Guardian:Defend_Guardian","Guardian:Strike_Guardian"],"score":942,"play_id":"14f1f1e9-e6ca-45d7-9edd-a5118d7539e3","local_time":"20210114140746","is_ascension_mode":false,"campfire_choices":[{"data":"Guardian:TwinSlam","floor":1,"key":"SMITH"},{"data":"Guardian:SentryBeam","floor":10,"key":"SMITH"},{"data":"Guardian:EvasiveProtocol","floor":18,"key":"SMITH"},{"data":"Guardian:PiercingHide","floor":26,"key":"SMITH"},{"data":"Guardian:TemporalShield","floor":30,"key":"SMITH"},{"floor":35,"key":"RECALL"},{"data":"Guardian:TemporalStrike","floor":42,"key":"SMITH"}],"circlet_count":0,"master_deck":["Guardian:Strike_Guardian","Guardian:Strike_Guardian","Guardian:Defend_Guardian","Guardian:Defend_Guardian","Guardian:CurlUp+1","Guardian:TwinSlam+1","Guardian:Recover","Guardian:TemporalShield+1","Guardian:TemporalStrike+1","Guardian:SentryBeam+1","Guardian:EvasiveProtocol+1","Guardian:PiercingHide+1","Guardian:PrimingBeam","Guardian:StasisStrike+1","Guardian:BronzeOrb","Guardian:SpikerProtocol"],"relics":["Guardian:ModeShifter","Gremlin Horn","ReplayFunnel","Tiny Chest","Replay:Wanted Poster","Vajra","Sundial","Busted Crown","Replay:Rubber Ducky","Bottled Tornado","Meat on the Bone","Strawberry","Replay:Kaleidoscope","Bronze Scales"],"acts_visited":["Exordium","TheCity","TheBeyond"],"potions_floor_usage":[15,16,16,16,22,29,29],"damage_taken":[{"damage":0,"enemies":"Jaw Worm","floor":4,"turns":2},{"damage":0,"enemies":"Small Slimes","floor":5,"turns":3},{"damage":15,"enemies":"Lagavulin","floor":6,"turns":9},{"damage":13,"enemies":"3 Sentries","floor":8,"turns":16},{"damage":0,"enemies":"Cultist","floor":9,"turns":4},{"damage":0,"enemies":"Blue Slaver","floor":11,"turns":3},{"damage":1,"enemies":"Gremlin Gang","floor":12,"turns":5},{"damage":1,"enemies":"Exordium Wildlife","floor":13,"turns":5},{"damage":0,"enemies":"3 Louse","floor":14,"turns":3},{"damage":0,"enemies":"Large Slime","floor":15,"turns":6},{"damage":0,"enemies":"downfall:Ironclad","floor":16,"turns":10},{"damage":0,"enemies":"Shell Parasite","floor":19,"turns":5},{"damage":0,"enemies":"3 Byrds","floor":21,"turns":3},{"damage":1,"enemies":"Snecko","floor":22,"turns":5},{"damage":10,"enemies":"Centurion and Healer","floor":23,"turns":7},{"damage":0,"enemies":"Sentry and Sphere","floor":25,"turns":4},{"damage":15,"enemies":"Snecko","floor":28,"turns":5},{"damage":10,"enemies":"Slavers","floor":29,"turns":5},{"damage":5,"enemies":"Snake Plant","floor":32,"turns":4},{"damage":1,"enemies":"downfall:Silent","floor":33,"turns":7},{"damage":12,"enemies":"3 Shapes","floor":38,"turns":5},{"damage":3,"enemies":"3 Darklings","floor":40,"turns":5},{"damage":0,"enemies":"Giant Head","floor":43,"turns":9},{"damage":0,"enemies":"Jaw Worm Horde","floor":44,"turns":4},{"damage":0,"enemies":"4 Shapes","floor":45,"turns":5},{"damage":0,"enemies":"downfall:FleeingMerchant","floor":46,"turns":4},{"damage":0,"enemies":"Maw","floor":47,"turns":7},{"damage":0,"enemies":"downfall:FleeingMerchant","floor":48,"turns":4},{"damage":0,"enemies":"Spire Growth","floor":49,"turns":4},{"damage":0,"enemies":"downfall:Watcher","floor":50,"turns":7}],"seed_played":"-6252159638547646868","potions_obtained":[{"floor":6,"key":"Guardian:DefensiveModePotion"},{"floor":9,"key":"LiquidMemories"},{"floor":11,"key":"EntropicBrew"},{"floor":21,"key":"Adrenaline Potion"},{"floor":22,"key":"Guardian:DefensiveModePotion"},{"floor":23,"key":"ColorlessPotion"},{"floor":38,"key":"Slimebound:ThreeZeroPotion"},{"floor":47,"key":"Reflective Coating"}],"is_trial":false,"path_per_floor":["R","?","?","M","M","E","T","E","M","R","M","M","M","M","M","B",null,"R","M","?","M","M","M","T","M","R","T","M","E","R","?","M","B",null,"R","?","?","M","T","M","T","R","E","M","M","$","M","$","M","B",null],"character_chosen":"GUARDIAN","items_purchased":["Replay:Kaleidoscope","Bronze Scales","Guardian:SpikerProtocol"],"campfire_rested":0,"item_purchase_floors":[46,48,48],"current_hp_per_floor":[80,80,90,90,90,75,75,62,62,62,62,61,60,60,60,60,90,90,90,90,90,89,79,79,79,79,79,64,54,54,84,79,78,90,90,54,54,42,42,39,39,39,58,58,58,58,58,58,58,58],"gold":439,"neow_bonus":"TRANSFORM_CARD","is_daily":false,"chose_seed":false,"campfire_upgraded":6,"win_rate":0.0,"timestamp":1610651266,"path_taken":["R","?","?","M","M","E","T","E","M","R","M","?","M","M","M","BOSS","R","M","?","?","M","M","T","M","R","?","M","E","R","?","M","BOSS","R","?","?","M","?","M","T","R","E","?","M","$","M","?","M","BOSS"],"items_purchased_type":["Relic","Relic","Card"],"build_version":"2020-12-22","purchased_purges":2,"victory":true,"max_hp_per_floor":[80,80,90,90,90,90,90,90,90,90,90,90,90,90,90,90,90,90,90,90,90,90,90,90,90,90,90,90,90,90,90,90,90,90,90,90,90,90,90,90,90,90,97,97,97,97,97,97,97,97],"card_choices":[{"not_picked":["Guardian:Planning","Guardian:DonusPower"],"picked":"Guardian:TemporalShield","floor":4},{"not_picked":["Guardian:ArmoredProtocol","Guardian:Reroute"],"picked":"Guardian:Gem_Red","floor":5},{"not_picked":["Guardian:Incinerate","Guardian:Repulse"],"picked":"Guardian:TemporalStrike","floor":6},{"not_picked":["Guardian:ChargeUp","Guardian:TemporalShield"],"picked":"Guardian:SentryBeam","floor":8},{"not_picked":["Guardian:Planning","Guardian:RevengeProtocol"],"picked":"Guardian:Gem_Blue","floor":9},{"not_picked":["Guardian:DecasProtection","Guardian:Gem_Red"],"picked":"Guardian:EvasiveProtocol","floor":11},{"not_picked":["Guardian:Incinerate","Guardian:Recover"],"picked":"Guardian:PiercingHide","floor":12},{"not_picked":["Guardian:TimeBomb","Guardian:PiercingHide"],"picked":"Guardian:Gem_Lightblue","floor":13},{"not_picked":["Guardian:ShieldCharger","Guardian:TemporalStrike","Guardian:PolyBeam"],"picked":"SKIP","floor":14},{"not_picked":["Guardian:ShieldCharger","Guardian:ChargeCore"],"picked":"Guardian:PrimingBeam","floor":15},{"not_picked":["Guardian:SphericShield","Guardian:FastForward"],"picked":"Guardian:StasisStrike","floor":16},{"not_picked":["Guardian:PiercingHide","Guardian:PrimingBeam+1"],"picked":"Guardian:Gem_Lightblue","floor":19},{"not_picked":["Guardian:TemporalShield+1","Guardian:BronzeArmor","Guardian:Preprogram"],"picked":"SKIP","floor":21},{"not_picked":["Guardian:EvasiveProtocol+1","Guardian:Reroute+1","Guardian:TemporalStrike"],"picked":"SKIP","floor":22},{"not_picked":["Guardian:Suspension+1","Guardian:WalkerClaw+1"],"picked":"Guardian:Gem_Red","floor":23},{"not_picked":["Guardian:Suspension","Guardian:PrismaticBeam","Guardian:TemporalShield"],"picked":"SKIP","floor":25},{"not_picked":["Guardian:Planning","Guardian:Incinerate+1","Guardian:VentSteam"],"picked":"SKIP","floor":28},{"not_picked":["Guardian:ConstructionForm","Guardian:Planning","Guardian:FloatingOrbs"],"picked":"SKIP","floor":29},{"not_picked":["Guardian:ChargeCore","Guardian:Repulse+1","Guardian:TimeCapacitor+1"],"picked":"SKIP","floor":32},{"not_picked":["Guardian:AncientConstruct","Guardian:StasisField"],"picked":"Guardian:Gem_Synthetic","floor":33},{"not_picked":["Guardian:PiercingHide+1"],"picked":"SKIP","floor":38},{"not_picked":["Guardian:ShieldSpikes+1"],"picked":"SKIP","floor":40},{"not_picked":[],"picked":"Guardian:BronzeOrb","floor":43},{"not_picked":["Guardian:PrimingBeam"],"picked":"SKIP","floor":44},{"not_picked":["Guardian:EvasiveProtocol"],"picked":"SKIP","floor":45},{"not_picked":["Guardian:BronzeOrb+1"],"picked":"SKIP","floor":46},{"not_picked":["Guardian:Preprogram+1"],"picked":"SKIP","floor":47},{"not_picked":["Guardian:PrismaticBeam+1"],"picked":"SKIP","floor":48},{"not_picked":["Guardian:PrimingBeam+1"],"picked":"SKIP","floor":49}],"player_experience":283953,"relics_obtained":[{"floor":6,"key":"Gremlin Horn"},{"floor":7,"key":"ReplayFunnel"},{"floor":8,"key":"Tiny Chest"},{"floor":24,"key":"Vajra"},{"floor":29,"key":"Sundial"},{"floor":36,"key":"Replay:Rubber Ducky"},{"floor":39,"key":"Bottled Tornado"},{"floor":41,"key":"Meat on the Bone"},{"floor":43,"key":"Strawberry"}],"event_choices":[{"damage_healed":30,"gold_gain":0,"player_choice":"Heal","damage_taken":0,"max_hp_gain":0,"max_hp_loss":0,"event_name":"The Library","floor":31,"gold_loss":0},{"damage_healed":0,"gold_gain":0,"player_choice":"Upgraded","damage_taken":0,"max_hp_gain":0,"max_hp_loss":0,"event_name":"Upgrade Shrine","floor":37,"gold_loss":0,"cards_upgraded":["Guardian:CurlUp"]}],"is_beta":false,"boss_relics":[{"not_picked":["Sozu","Guardian:ModeShifterPlus"],"picked":"Replay:Wanted Poster"},{"not_picked":["Honey Jar","Replay:Ancient Bell"],"picked":"Busted Crown"}],"items_purged_floors":[46,48],"is_endless":false,"potions_floor_spawned":[6,9,11,12,13,21,22,23,28,38,47],"ascension_level":0}}