{"host":"9l1knhxfturzliqa","time":1610588293,"event":{"mods":["BaseMod","Colored Map","Colored Powertips","DeckTracker","Highlight Path","Keyboard Shortcuts","Minty Spire (QoL Compilation)","Random Character Button"],"gold_per_floor":[10,29,49,64,80,80,115,115,115,115,140,160,177,188,188,263,263,274,274,289,66,79,79,89,117,162,162,181,215,215,231,231,305,305,317,31,31,48,63,63,88,88,88,88,88,119,137,155,155,155],"floor_reached":51,"language":"KOR","playtime":3342,"items_purged":["Clumsy"],"score":1410,"play_id":"c2e1e2ad-7897-4994-a60b-1f1232943e60","local_time":"20210114103813","is_ascension_mode":true,"campfire_choices":[{"data":"Adrenaline","floor":6.0,"key":"SMITH"},{"data":"Noxious Fumes","floor":8.0,"key":"SMITH"},{"data":"Crippling Poison","floor":10.0,"key":"SMITH"},{"floor":15.0,"key":"REST"},{"data":"Envenom","floor":23.0,"key":"SMITH"},{"data":"After Image","floor":27.0,"key":"SMITH"},{"data":"Adrenaline","floor":30.0,"key":"SMITH"},{"floor":32.0,"key":"REST"},{"data":"Phantasmal Killer","floor":40.0,"key":"SMITH"},{"floor":42.0,"key":"REST"},{"data":"Burst","floor":49.0,"key":"SMITH"}],"circlet_count":0,"master_deck":["AscendersBane","Survivor+1","Neutralize+1","Adrenaline+1","Noxious Fumes+1","Bane+1","Blade Dance+1","Deadly Poison+1","Crippling Poison+1","PiercingWail+1","Leg Sweep+1","Well Laid Plans+1","Dagger Throw+1","After Image+1","Escape Plan+1","Blade Dance+1","Envenom+1","Flechettes+1","Blade Dance+1","PiercingWail+1","Acrobatics+1","Choke+1","Caltrops+1","Adrenaline+1","Phantasmal Killer+1","Catalyst+1","Tools of the Trade+1","Sucker Punch+1","All Out Attack+1","Expertise+1","Outmaneuver+1","Bullet Time+1","Bane+1","Acrobatics+1","Venomology+1","Expertise+1","Accuracy+1","Panacea+1","Noxious Fumes+1","Decay","Underhanded Strike","Burst+1","Reflex+1"],"relics":["Ring of the Snake","Lizard Tail","Centennial Puzzle","Nunchaku","Cursed Key","Orrery","Singing Bowl","Art of War","Lantern","Pandora\u0027s Box","Strawberry","Smiling Mask","Bottled Lightning","Mark of the Bloom","CaptainsWheel"],"acts_visited":["Exordium","TheCity","TheBeyond"],"potions_floor_usage":[50],"damage_taken":[{"damage":3.0,"enemies":"2 Louse","floor":1.0,"turns":3.0},{"damage":0.0,"enemies":"Cultist","floor":2.0,"turns":4.0},{"damage":0.0,"enemies":"Small Slimes","floor":3.0,"turns":3.0},{"damage":0.0,"enemies":"2 Fungi Beasts","floor":4.0,"turns":3.0},{"damage":0.0,"enemies":"3 Louse","floor":5.0,"turns":1.0},{"damage":31.0,"enemies":"Gremlin Nob","floor":7.0,"turns":4.0},{"damage":3.0,"enemies":"Lagavulin","floor":11.0,"turns":5.0},{"damage":1.0,"enemies":"Blue Slaver","floor":12.0,"turns":3.0},{"damage":0.0,"enemies":"Exordium Thugs","floor":13.0,"turns":2.0},{"damage":5.0,"enemies":"3 Louse","floor":14.0,"turns":2.0},{"damage":1.0,"enemies":"The Guardian","floor":16.0,"turns":9.0},{"damage":4.0,"enemies":"Spheric Guardian","floor":18.0,"turns":4.0},{"damage":1.0,"enemies":"3 Byrds","floor":20.0,"turns":3.0},{"damage":4.0,"enemies":"Centurion and Healer","floor":22.0,"turns":4.0},{"damage":0.0,"enemies":"3 Cultists","floor":24.0,"turns":6.0},{"damage":10.0,"enemies":"Slavers","floor":25.0,"turns":5.0},{"damage":6.0,"enemies":"Cultist and Chosen","floor":28.0,"turns":5.0},{"damage":12.0,"enemies":"Gremlin Leader","floor":29.0,"turns":5.0},{"damage":13.0,"enemies":"Snake Plant","floor":31.0,"turns":4.0},{"damage":59.0,"enemies":"Collector","floor":33.0,"turns":9.0},{"damage":9.0,"enemies":"3 Darklings","floor":35.0,"turns":3.0},{"damage":5.0,"enemies":"3 Shapes","floor":38.0,"turns":6.0},{"damage":20.0,"enemies":"Maw","floor":39.0,"turns":6.0},{"damage":9.0,"enemies":"Nemesis","floor":41.0,"turns":5.0},{"damage":0.0,"enemies":"Reptomancer","floor":46.0,"turns":2.0},{"damage":3.0,"enemies":"3 Darklings","floor":47.0,"turns":3.0},{"damage":0.0,"enemies":"Sphere and 2 Shapes","floor":48.0,"turns":2.0},{"damage":8,"enemies":"Time Eater","floor":50,"turns":8}],"seed_played":"3948633103218841195","potions_obtained":[{"floor":3.0,"key":"Explosive Potion"},{"floor":5.0,"key":"GamblersBrew"},{"floor":7.0,"key":"GhostInAJar"},{"floor":12.0,"key":"AttackPotion"},{"floor":14.0,"key":"EssenceOfSteel"},{"floor":19.0,"key":"SkillPotion"},{"floor":20.0,"key":"Poison Potion"},{"floor":28.0,"key":"ColorlessPotion"},{"floor":29.0,"key":"DuplicationPotion"},{"floor":35.0,"key":"Explosive Potion"},{"floor":39.0,"key":"Block Potion"},{"floor":46.0,"key":"SmokeBomb"},{"floor":47.0,"key":"PowerPotion"}],"is_trial":false,"path_per_floor":["M","M","M","M","M","R","E","R","T","R","E","M","M","M","R","B",null,"M","?","M","$","M","R","M","E","T","R","M","E","R","M","R","B",null,"M","$","?","M","M","R","E","R","T","?","?","E","M","M","R","B",null],"character_chosen":"THE_SILENT","items_purchased":["Envenom","Orrery","Strawberry","Accuracy"],"campfire_rested":3,"item_purchase_floors":[21,21,36,36],"current_hp_per_floor":[56,56,56,56,56,56,25,25,25,25,22,21,21,16,35,34,58,54,54,53,53,49,49,49,41,41,41,35,23,23,12,33,27,59,50,57,51,48,28,28,21,46,46,46,46,46,43,43,43,35],"gold":155,"neow_bonus":"THREE_RARE_CARDS","is_daily":false,"chose_seed":false,"campfire_upgraded":8,"win_rate":0.0,"timestamp":1610588293,"path_taken":["M","M","M","M","M","R","E","R","T","R","E","M","M","M","R","BOSS","M","?","M","$","M","R","M","E","T","R","M","E","R","M","R","BOSS","M","$","?","M","M","R","E","R","T","?","?","E","M","M","R","BOSS"],"items_purchased_type":["Card","Relic","Relic","Card"],"build_version":"2020-12-22","purchased_purges":1,"victory":true,"max_hp_per_floor":[66,66,66,66,66,66,66,66,66,66,66,66,66,66,66,66,66,66,66,66,66,66,66,66,68,68,68,68,68,68,70,70,70,70,70,77,81,83,83,83,85,85,85,85,85,85,85,85,85,85],"card_choices":[{"not_picked":["Burst","Wraith Form v2"],"picked":"Adrenaline","floor":0.0},{"not_picked":["PiercingWail","Outmaneuver"],"picked":"Noxious Fumes","floor":1.0},{"not_picked":["Blade Dance","Underhanded Strike"],"picked":"Bane","floor":2.0},{"not_picked":["Sucker Punch","Dagger Throw"],"picked":"Blade Dance","floor":3.0},{"not_picked":["Infinite Blades","Poisoned Stab"],"picked":"Deadly Poison","floor":4.0},{"not_picked":["Dodge and Roll","Blade Dance"],"picked":"Crippling Poison","floor":5.0},{"not_picked":["Tactician","Deadly Poison"],"picked":"PiercingWail","floor":7.0},{"not_picked":["Slice","Dagger Throw"],"picked":"Leg Sweep","floor":11.0},{"not_picked":["Eviscerate","Calculated Gamble"],"picked":"Unload","floor":12.0},{"not_picked":["Prepared","Dagger Spray"],"picked":"Well Laid Plans","floor":13.0},{"not_picked":["Deadly Poison","Distraction"],"picked":"Dagger Throw","floor":14.0},{"not_picked":["Unload","Doppelganger"],"picked":"After Image","floor":16.0},{"not_picked":["Acrobatics","Deflect"],"picked":"Escape Plan","floor":18.0},{"not_picked":["Deadly Poison","Bouncing Flask"],"picked":"Blade Dance","floor":20.0},{"not_picked":["Distraction","Finisher"],"picked":"Flechettes","floor":21.0},{"not_picked":["Sucker Punch","Outmaneuver"],"picked":"Blade Dance+1","floor":21.0},{"not_picked":["Slice","Grand Finale"],"picked":"PiercingWail","floor":21.0},{"not_picked":["Skewer","Flechettes"],"picked":"Acrobatics","floor":21.0},{"not_picked":["Quick Slash","Dagger Throw"],"picked":"Choke","floor":21.0},{"not_picked":["All Out Attack","Acrobatics","Setup"],"picked":"SKIP","floor":22.0},{"not_picked":["Cloak And Dagger","Dodge and Roll","Slice"],"picked":"SKIP","floor":24.0},{"not_picked":["Prepared","Dodge and Roll","Acrobatics"],"picked":"Singing Bowl","floor":25.0},{"not_picked":["Expertise","Sucker Punch"],"picked":"Caltrops","floor":28.0},{"not_picked":["Tactician+1","Quick Slash+1"],"picked":"Adrenaline","floor":29.0},{"not_picked":["Sucker Punch","Eviscerate","Flying Knee+1"],"picked":"Singing Bowl","floor":31.0},{"not_picked":["Burst","Wraith Form v2"],"picked":"Phantasmal Killer","floor":33.0},{"not_picked":["Deflect","Dagger Throw+1"],"picked":"Expertise+1","floor":35.0},{"not_picked":["Mayhem","Madness"],"picked":"Panacea","floor":37.0},{"not_picked":["Transmutation","Finesse","Forethought"],"picked":"Singing Bowl","floor":37.0},{"not_picked":["Secret Weapon","Swift Strike","Good Instincts"],"picked":"Singing Bowl","floor":37.0},{"not_picked":["Concentrate","Bane","Cloak And Dagger"],"picked":"Singing Bowl","floor":38.0},{"not_picked":["Terror+1","Calculated Gamble"],"picked":"Noxious Fumes+1","floor":39.0},{"not_picked":["PiercingWail","Cloak And Dagger","Well Laid Plans"],"picked":"Singing Bowl","floor":41.0},{"not_picked":["Acrobatics","Outmaneuver"],"picked":"Underhanded Strike","floor":46.0},{"not_picked":["Deflect+1","Accuracy"],"picked":"Burst","floor":47.0},{"not_picked":["Dash+1","Poisoned Stab"],"picked":"Reflex+1","floor":48.0}],"player_experience":434111,"relics_obtained":[{"floor":7.0,"key":"Lizard Tail"},{"floor":9.0,"key":"Centennial Puzzle"},{"floor":11.0,"key":"Nunchaku"},{"floor":25.0,"key":"Singing Bowl"},{"floor":26.0,"key":"Art of War"},{"floor":29.0,"key":"Lantern"},{"floor":41.0,"key":"Smiling Mask"},{"floor":43.0,"key":"Bottled Lightning"},{"floor":46.0,"key":"CaptainsWheel"}],"event_choices":[{"damage_healed":0.0,"max_hp_gain":0.0,"max_hp_loss":0.0,"gold_gain":0.0,"event_name":"Lab","player_choice":"Got Potions","floor":19.0,"gold_loss":0.0,"damage_taken":0.0},{"damage_healed":0.0,"max_hp_gain":0.0,"max_hp_loss":0.0,"gold_gain":0.0,"event_name":"SensoryStone","player_choice":"Memory 3","floor":37.0,"gold_loss":0.0,"damage_taken":10.0},{"damage_healed":0.0,"max_hp_gain":0.0,"max_hp_loss":0.0,"gold_gain":0.0,"event_name":"MindBloom","player_choice":"Upgrade","floor":44.0,"gold_loss":0.0,"damage_taken":0.0,"cards_upgraded":["Survivor","Neutralize","Bane","Blade Dance","Deadly Poison","PiercingWail","Leg Sweep","Unload","Well Laid Plans","Dagger Throw","Escape Plan","Blade Dance","Flechettes","PiercingWail","Acrobatics","Choke","Caltrops","Catalyst","Tools of the Trade","Sucker Punch","All Out Attack","Expertise","Outmaneuver","Bullet Time","Bane","Acrobatics","Venomology","Accuracy","Panacea"],"relics_obtained":["Mark of the Bloom"]},{"cards_removed":["Unload"],"damage_healed":0.0,"max_hp_gain":0.0,"max_hp_loss":0.0,"gold_gain":0.0,"event_name":"Falling","player_choice":"Removed Attack","floor":45.0,"gold_loss":0.0,"damage_taken":0.0}],"is_beta":false,"boss_relics":[{"not_picked":["Philosopher\u0027s Stone","WristBlade"],"picked":"Cursed Key"},{"not_picked":["Coffee Dripper","Ring of the Serpent"],"picked":"Pandora\u0027s Box"}],"items_purged_floors":[36],"is_endless":false,"potions_floor_spawned":[3,5,7,12,14,20,28,29,35,39,46,47],"ascension_level":15}}