{"host":"kg61lsvem4dxoat8","time":1610589413,"event":{"mods":["BaseMod","Colored Powertips","Minty Spire (QoL Compilation)","Quick Restart","Rare Cards Sparkle","Relic Stats","slay the spire mod where everything is the same but ironclad has a cowboy hat"],"gold_per_floor":[118,136,86,161,86,114,126,51,127,127,147,173,185,197,197,297,297,307,10,10,20,20,51,51,51,125,125,125],"floor_reached":27,"language":"ENG","playtime":597,"items_purged":["Strike_R"],"score":359,"play_id":"37b9c898-65e3-488e-a15e-865c469ffbdc","local_time":"20210114095653","is_ascension_mode":true,"campfire_choices":[{"data":"Carnage","floor":10,"key":"SMITH"},{"data":"Ghostly Armor","floor":15,"key":"SMITH"},{"data":"Limit Break","floor":24,"key":"SMITH"}],"circlet_count":0,"master_deck":["Strike_R","Strike_R","Strike_R","Defend_R","Defend_R","Defend_R","Defend_R","Bash","Cleave","Carnage+1","Spot Weakness","Limit Break+1","Ghostly Armor+1"],"relics":["Burning Blood","NeowsBlessing","Bronze Scales","Eternal Feather","Potion Belt","Velvet Choker","Ice Cream","Kunai","Singing Bowl"],"acts_visited":["Exordium","TheCity"],"potions_floor_usage":[16,23,23,27],"damage_taken":[{"damage":0,"enemies":"Cultist","floor":1,"turns":1},{"damage":0,"enemies":"Small Slimes","floor":2,"turns":1},{"damage":0,"enemies":"3 Sentries","floor":6,"turns":1},{"damage":7,"enemies":"Jaw Worm","floor":7,"turns":3},{"damage":9,"enemies":"Red Slaver","floor":11,"turns":2},{"damage":40,"enemies":"Lagavulin","floor":12,"turns":5},{"damage":7,"enemies":"Looter","floor":13,"turns":3},{"damage":4,"enemies":"3 Louse","floor":14,"turns":4},{"damage":44,"enemies":"The Guardian","floor":16,"turns":14},{"damage":16,"enemies":"2 Thieves","floor":18,"turns":4},{"damage":0,"enemies":"Chosen","floor":21,"turns":4},{"damage":32,"enemies":"Gremlin Leader","floor":23,"turns":7},{"damage":29,"enemies":"Shelled Parasite and Fungi","floor":27,"turns":3}],"seed_played":"-1131045299303097292","potions_obtained":[{"floor":6,"key":"Block Potion"},{"floor":12,"key":"SteroidPotion"},{"floor":16,"key":"Energy Potion"},{"floor":18,"key":"Weak Potion"}],"is_trial":false,"path_per_floor":["M","M","?","?","$","E","M","$","T","R","M","E","M","M","R","B",null,"M","$","?","M","?","E","R","?","T","M"],"character_chosen":"IRONCLAD","items_purchased":["Spot Weakness","Ice Cream"],"campfire_rested":0,"item_purchase_floors":[8,19],"current_hp_per_floor":[78,80,80,69,69,75,74,74,74,80,77,43,42,44,50,12,63,53,53,53,59,44,18,24,24,24,0,0],"gold":125,"neow_bonus":"THREE_ENEMY_KILL","is_daily":false,"chose_seed":false,"campfire_upgraded":3,"win_rate":0.0,"timestamp":1610589413,"path_taken":["M","M","?","?","$","E","M","?","T","R","M","E","M","M","R","BOSS","M","$","?","M","?","E","R","?","T","M"],"items_purchased_type":["Card","Relic"],"build_version":"2020-12-22","purchased_purges":1,"victory":false,"max_hp_per_floor":[80,80,80,80,80,80,80,80,80,80,80,80,80,80,80,80,80,80,80,80,80,85,85,85,85,85,85,85],"relic_stats":{"Singing Bowl":0,"counters":[13,52],"Bronze Scales":[127],"Eternal Feather":18,"Kunai":[1],"obtain_stats":[{"Potion Belt":12,"Ice Cream":19,"NeowsBlessing":0,"Singing Bowl":26,"Bronze Scales":6,"Velvet Choker":17,"Eternal Feather":9,"Kunai":23,"Burning Blood":0},{"Potion Belt":6,"Ice Cream":10,"NeowsBlessing":0,"Singing Bowl":12,"Bronze Scales":3,"Velvet Choker":9,"Eternal Feather":4,"Kunai":12,"Burning Blood":0},{"Potion Belt":13,"Ice Cream":38,"NeowsBlessing":0,"Singing Bowl":49,"Bronze Scales":3,"Velvet Choker":34,"Eternal Feather":6,"Kunai":49,"Burning Blood":0}],"Burning Blood":68},"card_choices":[{"not_picked":["Twin Strike","Second Wind"],"picked":"Cleave","floor":1},{"not_picked":["Clothesline","True Grit"],"picked":"Carnage","floor":2},{"not_picked":["Second Wind","Clothesline","Heavy Blade"],"picked":"SKIP","floor":6},{"not_picked":["Headbutt","Pommel Strike","Bloodletting"],"picked":"SKIP","floor":7},{"not_picked":["Clash","Cleave","Shockwave"],"picked":"SKIP","floor":11},{"not_picked":["Body Slam","Perfected Strike"],"picked":"Limit Break","floor":12},{"not_picked":["Carnage","Whirlwind","Iron Wave"],"picked":"SKIP","floor":13},{"not_picked":["Thunderclap","Warcry"],"picked":"Ghostly Armor","floor":14},{"not_picked":["Thunderclap","Sword Boomerang","Reckless Charge"],"picked":"SKIP","floor":18},{"not_picked":["Cleave","Twin Strike","Heavy Blade+1"],"picked":"SKIP","floor":21},{"not_picked":["Seeing Red","Headbutt+1","Clash"],"picked":"SKIP","floor":23}],"player_experience":1329710,"relics_obtained":[{"floor":6,"key":"Bronze Scales"},{"floor":9,"key":"Eternal Feather"},{"floor":12,"key":"Potion Belt"},{"floor":23,"key":"Kunai"},{"floor":26,"key":"Singing Bowl"}],"event_choices":[{"cards_removed":["Strike_R"],"damage_healed":0,"gold_gain":0,"player_choice":"Card Removal","damage_taken":0,"max_hp_gain":0,"max_hp_loss":0,"event_name":"The Cleric","floor":3,"gold_loss":50},{"damage_healed":0,"gold_gain":75,"player_choice":"Gather Gold","damage_taken":11,"max_hp_gain":0,"max_hp_loss":0,"event_name":"World of Goop","floor":4,"gold_loss":0},{"damage_healed":0,"gold_gain":0,"player_choice":"Ignored","damage_taken":0,"max_hp_gain":0,"max_hp_loss":0,"event_name":"Ghosts","floor":20,"gold_loss":0},{"damage_healed":0,"gold_gain":0,"player_choice":"Shed Blood","damage_taken":20,"max_hp_gain":5,"max_hp_loss":0,"event_name":"Forgotten Altar","floor":22,"gold_loss":0},{"damage_healed":0,"gold_gain":0,"player_choice":"Ignored","damage_taken":0,"max_hp_gain":0,"max_hp_loss":0,"event_name":"Cursed Tome","floor":25,"gold_loss":0}],"is_beta":false,"boss_relics":[{"not_picked":["Pandora\u0027s Box","Black Blood"],"picked":"Velvet Choker"}],"items_purged_floors":[5],"is_endless":false,"potions_floor_spawned":[6,12,16,18],"killed_by":"Shelled Parasite and Fungi","ascension_level":7}}