{"host":"51fyd6gkml7xavq8","time":1610619469,"event":{"mods":["BaseMod","BetterRewards","Colored Map","Energized Spire","Infinite Spire","Minty Spire (QoL Compilation)","Replay The Spire","Shop Mod","Spicy Shops","StSLib","The Blue Laboratory","[IsaacMod]????"],"gold_per_floor":[115,115,115,115,131,131,165,12,12,119,133,133,144,154,154,252,252,262,279,361,376,376,376,376,376],"floor_reached":24,"language":"ENG","playtime":3579,"items_purged":["Pride","ReplayTheSpireMod:System Scan","ReplayTheSpireMod:Splinters"],"score":417,"play_id":"89c19181-af94-461a-a055-ee346a22136b","local_time":"20210114071749","is_ascension_mode":true,"campfire_choices":[{"data":"Consume","floor":6.0,"key":"SMITH"},{"data":"Zap","floor":12.0,"key":"SMITH"},{"floor":15.0,"key":"REST"},{"floor":23,"key":"REST"}],"circlet_count":0,"master_deck":["Zap+1","Consume+1","Poisoned Stab","EpicFetus","Bullet Time","White Noise","Seek","Sweeping Beam","Consume","FIFO Queue","Compile Driver","Rainbow","BootSequence","Lockon+1","infinitespire:Pacifist"],"relics":["Cracked Core","HushsDoor","UnicornStump","DataDisk","PrismaticShard","infinitespire:BottledMercury","MerchantsRug","Bottled Lightning","SharpPlug"],"acts_visited":["Exordium","TheCity"],"potions_floor_usage":[16],"damage_taken":[{"damage":7.0,"enemies":"Jaw Worm","floor":1.0,"turns":3.0},{"damage":18.0,"enemies":"infinitespire:Voidling","floor":5.0,"turns":3.0},{"damage":0.0,"enemies":"Gremlin Nob","floor":7.0,"turns":5.0},{"damage":6.0,"enemies":"Cultist","floor":11.0,"turns":3.0},{"damage":0.0,"enemies":"Large Slime","floor":13.0,"turns":5.0},{"damage":13.0,"enemies":"Exordium Thugs","floor":14.0,"turns":4.0},{"damage":8,"enemies":"Slime Boss","floor":16,"turns":5},{"damage":14,"enemies":"Spheric Guardian","floor":18,"turns":3},{"damage":6,"enemies":"Chosen","floor":19,"turns":4},{"damage":27,"enemies":"Snecko","floor":21,"turns":4},{"damage":39,"enemies":"Book of Stabbing","floor":24,"turns":4}],"seed_played":"6366966482623800342","potions_obtained":[{"floor":5.0,"key":"blueLaboratory:BottleOfVodka"},{"floor":11.0,"key":"blueLaboratory:ExaltedPotion"},{"floor":13.0,"key":"Milkshake"},{"floor":21,"key":"blueLaboratory:SavagePotion"}],"is_trial":false,"path_per_floor":["M","?","?","AVR","M","R","E","$","T","?","M","R","M","M","R","B",null,"M","M","$","M","?","R","E"],"character_chosen":"DEFECT","items_purchased":["DataDisk","MerchantsRug"],"campfire_rested":2,"item_purchase_floors":[0,8],"current_hp_per_floor":[55,40,40,40,22,22,22,22,22,22,16,16,16,3,25,17,61,47,41,41,14,14,36,0,0],"gold":376,"neow_bonus":"","is_daily":false,"chose_seed":false,"campfire_upgraded":2,"win_rate":0.0,"timestamp":1610619469,"path_taken":["M","?","?","AVR","?","R","E","$","T","?","M","R","M","M","R","BOSS","M","?","?","M","?","R","E"],"items_purchased_type":["Relic","Relic"],"build_version":"2020-12-22","purchased_purges":3,"victory":false,"max_hp_per_floor":[75,75,75,75,75,75,75,75,75,75,75,75,75,75,75,75,75,75,75,75,75,75,75,75,75],"card_choices":[{"not_picked":["Coolheaded","Rebound"],"picked":"Consume","floor":1.0},{"not_picked":["FlyingSleeves","EmptyFist","Slice"],"picked":"SKIP","floor":5.0},{"not_picked":["Leap","ReplayTheSpireMod:Strike From Hell","Poisoned Stab"],"picked":"SKIP","floor":7.0},{"not_picked":["Leap","ReplayTheSpireMod:Strike From Hell"],"picked":"Poisoned Stab","floor":7.0},{"not_picked":["CrushJoints","Flash of Steel"],"picked":"EpicFetus","floor":10.0},{"not_picked":["Body Slam","Setup","Quick Slash"],"picked":"SKIP","floor":11.0},{"not_picked":["Mind Blast","Auto Shields","Sucker Punch"],"picked":"SKIP","floor":13.0},{"not_picked":["Dash","Sucker Punch","Slice"],"picked":"SKIP","floor":14.0},{"not_picked":["Amplify","All For One"],"picked":"Bullet Time","floor":16},{"not_picked":["Replay:BluntJabs","Pulse","Streamline"],"picked":"SKIP","floor":18},{"not_picked":["Consecrate","Flash of Steel"],"picked":"Lockon+1","floor":19},{"not_picked":["Panic Button","JustLucky+1","Machine Learning"],"picked":"SKIP","floor":21},{"not_picked":["Panic Button","JustLucky+1","Machine Learning"],"picked":"SKIP","floor":21}],"player_experience":512444,"relics_obtained":[{"floor":7.0,"key":"infinitespire:BottledMercury"},{"floor":9.0,"key":"Bottled Lightning"}],"event_choices":[{"damage_healed":0.0,"max_hp_gain":0.0,"max_hp_loss":0.0,"gold_gain":0.0,"cards_transformed":["Dualcast"],"event_name":"Transmorgrifier","player_choice":"Transformed","floor":3.0,"gold_loss":0.0,"damage_taken":0.0,"cards_obtained":["ReplayTheSpireMod:System Scan"]}],"is_beta":false,"boss_relics":[{"not_picked":["Cursed Key","energizedSpire:NeverEndingSparkler"],"picked":"Pandora\u0027s Box"},{"not_picked":[]}],"items_purged_floors":[0,4,20],"is_endless":false,"potions_floor_spawned":[5,11,13,21],"killed_by":"Book of Stabbing","ascension_level":6}}