{"host":"1q1wpq6df472foxy","time":1610597940,"event":{"mods":["BaseMod","DeckTracker","Highlight Path","Minty Spire (QoL Compilation)","Quick Restart","StSLib","SuperFastMode"],"gold_per_floor":[117,135,210,135,135,165,65,82,82,99,99,110,110,124,124,226,226,240,43,0,0],"floor_reached":20,"language":"KOR","playtime":599,"items_purged":["Strike_R","Strike_R","Strike_R"],"score":191,"play_id":"9a9e63e9-dcc0-47c0-bf72-f4c5ff799d67","local_time":"20210114131900","is_ascension_mode":true,"campfire_choices":[{"floor":11,"key":"REST"},{"floor":13,"key":"REST"},{"floor":15,"key":"REST"}],"circlet_count":0,"master_deck":["Defend_R","Defend_R","Defend_R","Defend_R","Bash","Dropkick","Sever Soul","Dropkick"],"relics":["Empty Cage","Matryoshka","Toxic Egg 2","Dream Catcher","Paper Frog","SlaversCollar"],"acts_visited":["Exordium","TheCity"],"potions_floor_usage":[14,16,16,18],"damage_taken":[{"damage":6,"enemies":"Cultist","floor":1,"turns":3},{"damage":6,"enemies":"2 Louse","floor":2,"turns":4},{"damage":36,"enemies":"Lagavulin","floor":6,"turns":5},{"damage":13,"enemies":"Jaw Worm","floor":8,"turns":4},{"damage":0,"enemies":"Large Slime","floor":10,"turns":4},{"damage":10,"enemies":"Exordium Wildlife","floor":12,"turns":5},{"damage":37,"enemies":"Lots of Slimes","floor":14,"turns":4},{"damage":30,"enemies":"Slime Boss","floor":16,"turns":9},{"damage":69,"enemies":"Spheric Guardian","floor":18,"turns":7},{"damage":37,"enemies":"2 Thieves","floor":20,"turns":3}],"seed_played":"6574462226058054934","potions_obtained":[{"floor":1,"key":"EssenceOfSteel"},{"floor":6,"key":"BlessingOfTheForge"},{"floor":12,"key":"Weak Potion"},{"floor":14,"key":"FairyPotion"},{"floor":16,"key":"BloodPotion"},{"floor":18,"key":"SteroidPotion"}],"is_trial":false,"path_per_floor":["M","M","?","$","?","E","$","M","T","M","R","M","R","M","R","B",null,"M","$","M"],"character_chosen":"IRONCLAD","items_purchased":["Dropkick"],"campfire_rested":3,"item_purchase_floors":[19],"current_hp_per_floor":[74,68,57,57,54,18,18,5,5,5,29,19,43,6,30,24,80,27,27,0,0],"gold":0,"neow_bonus":"BOSS_RELIC","is_daily":false,"chose_seed":false,"campfire_upgraded":0,"win_rate":0.0,"timestamp":1610597940,"path_taken":["M","?","?","$","?","E","$","M","T","M","R","M","R","M","R","BOSS","M","$","M"],"items_purchased_type":["Card"],"build_version":"2020-12-22","purchased_purges":3,"victory":false,"max_hp_per_floor":[80,80,80,80,80,80,80,80,80,80,80,80,80,80,80,80,80,80,80,80,80],"card_choices":[{"not_picked":["Anger","Perfected Strike"],"picked":"Dropkick","floor":1},{"not_picked":["Power Through","Sword Boomerang"],"picked":"Sever Soul","floor":2},{"not_picked":["Sword Boomerang","Armaments+1","Barricade"],"picked":"SKIP","floor":6},{"not_picked":["Sever Soul","Clash","Warcry+1"],"picked":"SKIP","floor":8},{"not_picked":["Iron Wave","Twin Strike","Sword Boomerang"],"picked":"SKIP","floor":10},{"not_picked":["Armaments+1","Combust","Iron Wave"],"picked":"SKIP","floor":12},{"not_picked":["Spot Weakness+1","Cleave","Immolate"],"picked":"SKIP","floor":14},{"not_picked":["Feel No Pain","Iron Wave+1","Clothesline"],"picked":"SKIP","floor":18}],"player_experience":182360,"relics_obtained":[{"floor":6,"key":"Toxic Egg 2"},{"floor":9,"key":"Dream Catcher"},{"floor":9,"key":"Paper Frog"}],"event_choices":[{"damage_healed":0,"gold_gain":75,"player_choice":"Gather Gold","damage_taken":11,"max_hp_gain":0,"max_hp_loss":0,"event_name":"World of Goop","floor":3,"gold_loss":0},{"damage_healed":0,"gold_gain":0,"player_choice":"Success","damage_taken":3,"relics_obtained":["Matryoshka"],"max_hp_gain":0,"max_hp_loss":0,"event_name":"Scrap Ooze","floor":5,"gold_loss":0}],"is_beta":false,"boss_relics":[{"not_picked":["Busted Crown","Fusion Hammer"],"picked":"SlaversCollar"}],"items_purged_floors":[4,7,19],"is_endless":false,"potions_floor_spawned":[1,6,12,14,16,18],"killed_by":"2 Thieves","ascension_level":2}}