{"host":"ywbsnexmk111etbw","time":1610646264,"event":{"mods":["100% Spire Juice","Act Like it!","BaseMod","Beaked The Cultist","Colored Powertips","Curses Come First","Downfall","Hubris","Infinite Spire","Marisa????????","Minty Spire (QoL Compilation)","Pale of the Ancients","Permanent Neow","Replay The Spire","StSLib","The Cursed","The Dragon Tamer","The Mystic","The Necromancer","The Saiyan","Wandering Minibosses"],"gold_per_floor":[94,113,113,132,132,162,162,17,17,17,43,58,58,78,78,178,178,194,33,33,33,33],"floor_reached":21,"language":"ENG","playtime":1470,"items_purged":[],"score":212,"play_id":"0c2946e5-e067-4ae5-836c-94360802df83","local_time":"20210114124424","is_ascension_mode":false,"campfire_choices":[{"floor":10,"key":"REST"},{"data":"Saiyan:Makankosappo","floor":13,"key":"SMITH"},{"data":"Saiyan:KiExplosion","floor":15,"key":"SMITH"}],"circlet_count":0,"master_deck":["Saiyan:SAIYA_Strike+1","Saiyan:SAIYA_Strike","Saiyan:SAIYA_Strike+1","Saiyan:SAIYA_Strike","Saiyan:SAIYA_Defend","Saiyan:SAIYA_Defend","Saiyan:SAIYA_Defend","Saiyan:SAIYA_Defend","Saiyan:EnergyBlast+1","Saiyan:KaioKen","Saiyan:RuthlessBlow","Saiyan:Furor+1","Saiyan:PowerUp","Saiyan:KiExplosion+1","Saiyan:Expend+1","Saiyan:DragonFist","Saiyan:Makankosappo+1","Saiyan:PowerPole","Saiyan:Rekindle","Saiyan:TurtleShell","Saiyan:SenzuBean"],"relics":["Vampire_Amulet","SaiyanHeart","infinitespire:Cubic Diamond","hubris:CrystalStatue","hubris:EmptyBottle","Whetstone","hubris:Stopwatch","MutagenicStrength"],"acts_visited":["Exordium","TheCity"],"potions_floor_usage":[6,16,16,21,21,21,21],"damage_taken":[{"damage":3,"enemies":"Jaw Worm","floor":1,"turns":4},{"damage":7,"enemies":"Small Slimes","floor":2,"turns":6},{"damage":0,"enemies":"2 Louse","floor":4,"turns":2},{"damage":10,"enemies":"Lagavulin","floor":6,"turns":6},{"damage":2,"enemies":"Replay:BlueRogue","floor":11,"turns":7},{"damage":0,"enemies":"Exordium Wildlife","floor":12,"turns":2},{"damage":0,"enemies":"Looter","floor":14,"turns":3},{"damage":8,"enemies":"The Guardian","floor":16,"turns":7},{"damage":37,"enemies":"Chosen","floor":18,"turns":8},{"damage":55,"enemies":"Shell Parasite","floor":21,"turns":12}],"seed_played":"435590275506515961","potions_obtained":[{"floor":1,"key":"CultistPotion"},{"floor":6,"key":"SpeedPotion"},{"floor":11,"key":"Guardian:BlockOnCardUsePotion"},{"floor":12,"key":"PowerPotion"}],"is_trial":false,"path_per_floor":["M","M","?","M","?","E","?","$","T","R","E","M","R","M","R","B",null,"M","$","?","M"],"character_chosen":"SAIYAJIN","items_purchased":["hubris:EmptyBottle","Saiyan:SenzuBean"],"campfire_rested":1,"item_purchase_floors":[8,19],"current_hp_per_floor":[64,60,60,61,61,54,40,40,40,61,62,67,67,70,70,66,77,45,45,45,0,0],"gold":33,"neow_bonus":"TEN_PERCENT_HP_BONUS","is_daily":false,"chose_seed":false,"campfire_upgraded":2,"win_rate":0.0,"timestamp":1610646264,"path_taken":["M","M","?","M","?","E","?","$","T","R","E","M","R","?","R","BOSS","M","$","?","M"],"items_purchased_type":["Relic","Card"],"build_version":"2020-12-22","purchased_purges":0,"victory":false,"max_hp_per_floor":[67,70,70,71,71,72,72,72,72,72,73,74,74,75,75,77,77,78,78,78,79,79],"card_choices":[{"not_picked":["Saiyan:BackAttack","Saiyan:SaiyanHubris"],"picked":"Saiyan:Furor","floor":1},{"not_picked":["Saiyan:ExpandingShockwave","Saiyan:TurtleShell"],"picked":"Saiyan:PowerUp","floor":2},{"not_picked":["Saiyan:Quickening","Saiyan:Pacing"],"picked":"Saiyan:KiExplosion","floor":4},{"not_picked":["Saiyan:ReverberatingForce","Saiyan:Pacing"],"picked":"Saiyan:Expend","floor":6},{"not_picked":["Saiyan:BurningSoul","Saiyan:Afterimage"],"picked":"Saiyan:DragonFist","floor":11},{"not_picked":["Saiyan:Planning","Saiyan:ReverberatingForce"],"picked":"Saiyan:Makankosappo","floor":12},{"not_picked":["Saiyan:Planning","Saiyan:TurtleShell"],"picked":"Saiyan:PowerPole","floor":14},{"not_picked":["Saiyan:Momentum","Saiyan:HyperTimeChamber"],"picked":"Saiyan:Rekindle","floor":16},{"not_picked":["Saiyan:Taunt","Saiyan:SaiyanHubris"],"picked":"Saiyan:TurtleShell","floor":18}],"player_experience":148993,"relics_obtained":[{"floor":6,"key":"hubris:CrystalStatue"},{"floor":11,"key":"Whetstone"}],"event_choices":[{"damage_healed":0,"gold_gain":0,"player_choice":"Entered Light","damage_taken":14,"max_hp_gain":0,"max_hp_loss":0,"event_name":"Shining Light","floor":7,"gold_loss":0,"cards_upgraded":["Saiyan:Expend","Saiyan:Furor"]},{"damage_healed":0,"gold_gain":0,"player_choice":"Inject Mutagens","damage_taken":0,"relics_obtained":["MutagenicStrength"],"max_hp_gain":0,"max_hp_loss":0,"event_name":"Drug Dealer","floor":20,"gold_loss":0}],"is_beta":false,"boss_relics":[{"not_picked":["beaked:MawFillet","Coffee Dripper"],"picked":"hubris:Stopwatch"}],"items_purged_floors":[],"is_endless":false,"potions_floor_spawned":[1,6,11,12],"killed_by":"Shell Parasite","ascension_level":0}}