{"host":"g2yp6paluzgljz05","time":1610668746,"event":{"mods":["BaseMod","Bestiary","Colored Powertips","DeckTracker","Highlight Path","Minty Spire (QoL Compilation)","Quick Restart"],"gold_per_floor":[116,116,134,134,134,134,165,165,191,209,209,229,262,280,280,380,380,399,413,427,427,450,450,466,466,491,505,524,540,138,155,155,155,155],"floor_reached":33,"language":"ENG","playtime":3778,"items_purged":["Strike_B"],"score":342,"play_id":"abe016e8-6439-4f82-9c32-0f37e14758f6","local_time":"20210115105906","is_ascension_mode":true,"campfire_choices":[{"data":"Dualcast","floor":6.0,"key":"SMITH"},{"data":"Chaos","floor":8.0,"key":"SMITH"},{"data":"Glacier","floor":11.0,"key":"SMITH"},{"data":"Self Repair","floor":15.0,"key":"SMITH"},{"data":"Echo Form","floor":23,"key":"SMITH"},{"data":"Mayhem","floor":32,"key":"SMITH"}],"circlet_count":0,"master_deck":["Strike_B","Strike_B","Defend_B","Defend_B","Defend_B","Defend_B","Zap+1","Dualcast+1","Melter","Glacier+1","Chaos+1","Compile Driver","Self Repair+1","Echo Form+1","Mayhem+1"],"relics":["Cracked Core","NeowsBlessing","GremlinMask","Pocketwatch","Potion Belt","InkBottle","Velvet Choker","Symbiotic Virus","Centennial Puzzle","Bronze Scales","Oddly Smooth Stone"],"acts_visited":["Exordium","TheCity"],"potions_floor_usage":[33],"damage_taken":[{"damage":0.0,"enemies":"Jaw Worm","floor":1.0,"turns":1.0},{"damage":0.0,"enemies":"Cultist","floor":3.0,"turns":1.0},{"damage":0.0,"enemies":"Lagavulin","floor":7.0,"turns":1.0},{"damage":0.0,"enemies":"2 Louse","floor":10.0,"turns":2.0},{"damage":10.0,"enemies":"Gremlin Gang","floor":12.0,"turns":4.0},{"damage":0.0,"enemies":"Gremlin Nob","floor":13.0,"turns":3.0},{"damage":2.0,"enemies":"Large Slime","floor":14.0,"turns":6.0},{"damage":57.0,"enemies":"Slime Boss","floor":16.0,"turns":16.0},{"damage":30.0,"enemies":"Shell Parasite","floor":18.0,"turns":4.0},{"damage":6.0,"enemies":"Spheric Guardian","floor":19.0,"turns":4.0},{"damage":16.0,"enemies":"Cultist and Chosen","floor":20.0,"turns":7.0},{"damage":7,"enemies":"Chosen and Byrds","floor":24,"turns":5},{"damage":18,"enemies":"Snake Plant","floor":27,"turns":4},{"damage":23,"enemies":"Centurion and Healer","floor":28,"turns":5},{"damage":0,"enemies":"Chosen and Byrds","floor":29,"turns":4},{"damage":26,"enemies":"Snake Plant","floor":31,"turns":3},{"damage":19,"enemies":"Champ","floor":33,"turns":14}],"seed_played":"4648204794858135058","potions_obtained":[{"floor":3.0,"key":"PowerPotion"},{"floor":16.0,"key":"ColorlessPotion"},{"floor":18.0,"key":"SteroidPotion"},{"floor":20,"key":"Dexterity Potion"},{"floor":31,"key":"Explosive Potion"}],"is_trial":false,"path_per_floor":["M","?","M","?","?","R","E","R","T","M","R","M","E","M","R","B",null,"M","M","M","?","T","R","M","?","T","M","M","M","$","M","R","B"],"character_chosen":"DEFECT","items_purchased":["Mayhem","Oddly Smooth Stone"],"campfire_rested":0,"item_purchase_floors":[30,30],"current_hp_per_floor":[75,75,75,68,68,68,68,68,68,68,68,58,58,63,63,16,75,55,49,43,43,43,43,46,46,46,48,45,65,65,39,39,20,20],"gold":155,"neow_bonus":"THREE_ENEMY_KILL","is_daily":false,"chose_seed":false,"campfire_upgraded":6,"win_rate":0.0,"timestamp":1610668746,"path_taken":["M","?","?","?","?","R","E","R","T","M","R","M","E","M","R","BOSS","M","M","?","?","?","R","M","?","T","?","M","M","$","M","R","BOSS"],"items_purchased_type":["Card","Relic"],"build_version":"2020-12-22","purchased_purges":1,"victory":false,"max_hp_per_floor":[75,75,75,75,75,75,75,75,75,75,75,75,75,75,75,75,75,75,75,75,75,75,75,75,75,75,75,75,75,75,75,75,75,75],"card_choices":[{"not_picked":["Rebound","Stack"],"picked":"Melter","floor":1.0},{"not_picked":["Rip and Tear","Recycle"],"picked":"Glacier","floor":3.0},{"not_picked":["Auto Shields","Conserve Battery"],"picked":"Chaos","floor":7.0},{"not_picked":["Glacier","Fusion","Turbo"],"picked":"SKIP","floor":10.0},{"not_picked":["Hello World","Darkness"],"picked":"Compile Driver","floor":12.0},{"not_picked":["Storm","Force Field"],"picked":"Self Repair","floor":13.0},{"not_picked":["Go for the Eyes","Chaos","Compile Driver"],"picked":"SKIP","floor":14.0},{"not_picked":["Biased Cognition","Machine Learning"],"picked":"Echo Form","floor":16.0},{"not_picked":["Blizzard+1","Cold Snap","Ball Lightning"],"picked":"SKIP","floor":18.0},{"not_picked":["Fusion","Redo","Ball Lightning"],"picked":"SKIP","floor":19.0},{"not_picked":["Compile Driver","Storm","Redo"],"picked":"SKIP","floor":20},{"not_picked":["Cold Snap","Go for the Eyes","Beam Cell"],"picked":"SKIP","floor":24},{"not_picked":["Compile Driver","Redo","Go for the Eyes"],"picked":"SKIP","floor":27},{"not_picked":["Doom and Gloom","Stack","Chill"],"picked":"SKIP","floor":28},{"not_picked":["Hologram","Beam Cell","Compile Driver"],"picked":"SKIP","floor":29},{"not_picked":["Amplify","Streamline","Coolheaded"],"picked":"SKIP","floor":31}],"player_experience":186656,"relics_obtained":[{"floor":7.0,"key":"Pocketwatch"},{"floor":9.0,"key":"Potion Belt"},{"floor":13.0,"key":"InkBottle"},{"floor":22,"key":"Centennial Puzzle"},{"floor":26,"key":"Bronze Scales"}],"event_choices":[{"damage_healed":0.0,"max_hp_gain":0.0,"max_hp_loss":0.0,"gold_gain":0.0,"event_name":"FaceTrader","player_choice":"Trade","floor":2.0,"gold_loss":0.0,"damage_taken":0.0,"relics_obtained":["GremlinMask"]},{"cards_removed":["Strike_B"],"damage_healed":0.0,"max_hp_gain":0.0,"max_hp_loss":0.0,"gold_gain":0.0,"event_name":"Golden Wing","player_choice":"Card Removal","floor":4.0,"gold_loss":0.0,"damage_taken":7.0},{"damage_healed":0.0,"max_hp_gain":0.0,"max_hp_loss":0.0,"gold_gain":0.0,"event_name":"Upgrade Shrine","player_choice":"Upgraded","floor":5.0,"gold_loss":0.0,"damage_taken":0.0,"cards_upgraded":["Zap"]},{"damage_healed":0,"gold_gain":0,"player_choice":"Opened","damage_taken":0,"relics_obtained":["Symbiotic Virus"],"max_hp_gain":0,"max_hp_loss":0,"event_name":"The Mausoleum","floor":21,"gold_loss":0,"cards_obtained":["Writhe"]},{"cards_removed":["Writhe"],"damage_healed":0,"gold_gain":0,"player_choice":"Removed Curses","damage_taken":0,"max_hp_gain":0,"max_hp_loss":0,"event_name":"Fountain of Cleansing","floor":25,"gold_loss":0}],"is_beta":false,"boss_relics":[{"not_picked":["Astrolabe","Philosopher\u0027s Stone"],"picked":"Velvet Choker"}],"items_purged_floors":[30],"is_endless":false,"potions_floor_spawned":[3,16,18,20,31],"killed_by":"Champ","ascension_level":2}}