{"host":"06x7ibqulglyn97c","time":1610595934,"event":{"mods":["AchievementEnabler","BaseMod","Duelist Mod","Minty Spire (QoL Compilation)","Pikachu Mod","Rare Cards Sparkle","Relic Sorter","Relic Stats","StSLib","The Wild Card"],"gold_per_floor":[116,41,41,41,57,87,87,98,168,178,206,219,52,65,65,165,215,232,232,232,202,214,214,234,251,251,251,251,277,295,309,309,309,309],"floor_reached":33,"language":"ENG","playtime":1310,"items_purged":["Strike_B","Strike_B"],"score":388,"play_id":"1ff65beb-24c6-4a31-8ac6-c8e52ca210d0","local_time":"20210114034534","is_ascension_mode":true,"campfire_choices":[{"floor":7,"key":"REST"},{"floor":15,"key":"REST"},{"floor":23,"key":"REST"},{"floor":27,"key":"REST"},{"data":"Zap","floor":32,"key":"SMITH"}],"circlet_count":0,"master_deck":["Strike_B","Strike_B","Defend_B","Defend_B","Defend_B","Defend_B","Zap+1","Dualcast","Ball Lightning","Rebound","Genetic Algorithm+1","Buffer+1","Biased Cognition+1"],"relics":["Cracked Core","MealTicket","Mercury Hourglass","Tiny House","MutagenicStrength","Meat on the Bone","Nloth\u0027s Gift","Ornamental Fan"],"acts_visited":["TheCity"],"potions_floor_usage":[11,11,11,16,22,22,22,22,22,24,24,30,33],"damage_taken":[{"damage":3,"enemies":"2 Louse","floor":1,"turns":3},{"damage":0,"enemies":"Small Slimes","floor":5,"turns":2},{"damage":25,"enemies":"Lagavulin","floor":6,"turns":5},{"damage":0,"enemies":"Cultist","floor":8,"turns":2},{"damage":7,"enemies":"Looter","floor":10,"turns":3},{"damage":12,"enemies":"Gremlin Nob","floor":11,"turns":3},{"damage":22,"enemies":"Exordium Thugs","floor":12,"turns":4},{"damage":14,"enemies":"Red Slaver","floor":14,"turns":3},{"damage":3,"enemies":"The Guardian","floor":16,"turns":9},{"damage":0,"enemies":"Chosen","floor":18,"turns":4},{"damage":0,"enemies":"2 Thieves","floor":22,"turns":3},{"damage":9,"enemies":"Centurion and Healer","floor":24,"turns":5},{"damage":19,"enemies":"Snake Plant","floor":25,"turns":4},{"damage":7,"enemies":"theDuelist:KaibaA2","floor":29,"turns":4},{"damage":20,"enemies":"Shelled Parasite and Fungi","floor":30,"turns":4},{"damage":4,"enemies":"Centurion and Healer","floor":31,"turns":5},{"damage":55,"enemies":"Collector","floor":33,"turns":6}],"seed_played":"-5955149827335520044","potions_obtained":[{"floor":6,"key":"SteroidPotion"},{"floor":8,"key":"Swift Potion"},{"floor":10,"key":"EssenceOfSteel"},{"floor":14,"key":"FocusPotion"},{"floor":17,"key":"ColorlessPotion"},{"floor":21,"key":"EntropicBrew"},{"floor":21,"key":"Strength Potion"},{"floor":22,"key":"LiquidBronze"},{"floor":29,"key":"Weak Potion"},{"floor":31,"key":"Swift Potion"}],"is_trial":false,"path_per_floor":["M","$","?","$","M","E","R","M","T","M","E","M","$","M","R","B",null,"M","?","?","?","M","R","M","M","T","R","?","E","M","M","R","B"],"character_chosen":"DEFECT","items_purchased":["Buffer+1"],"campfire_rested":4,"item_purchase_floors":[13],"current_hp_per_floor":[72,72,77,77,77,52,78,78,78,71,59,37,52,38,64,61,86,86,68,68,68,68,97,88,69,69,97,97,90,70,66,66,11,11],"gold":309,"neow_bonus":"TEN_PERCENT_HP_BONUS","is_daily":false,"chose_seed":false,"campfire_upgraded":1,"win_rate":0.0,"timestamp":1610595934,"path_taken":["M","$","?","$","M","E","R","M","T","M","E","M","$","M","R","BOSS","M","?","?","?","?","R","M","M","T","R","?","E","?","M","R","BOSS"],"items_purchased_type":["Card"],"build_version":"2020-12-22","purchased_purges":2,"victory":false,"max_hp_per_floor":[82,82,87,87,87,87,87,87,87,87,87,87,87,87,87,87,92,92,97,97,97,97,97,97,97,97,97,97,97,97,97,97,97,97],"relic_stats":{"counters":[17,68],"Ornamental Fan":[4],"MealTicket":15,"Nloth\u0027s Gift":1,"obtain_stats":[{"Tiny House":17,"Ornamental Fan":29,"MutagenicStrength":20,"MealTicket":6,"Nloth\u0027s Gift":28,"Frozen Egg 2":9,"Cracked Core":0,"Mercury Hourglass":11,"Meat on the Bone":26},{"Tiny House":9,"Ornamental Fan":14,"MutagenicStrength":10,"MealTicket":3,"Nloth\u0027s Gift":13,"Frozen Egg 2":4,"Cracked Core":0,"Mercury Hourglass":6,"Meat on the Bone":13},{"Tiny House":33,"Ornamental Fan":53,"MutagenicStrength":37,"MealTicket":10,"Nloth\u0027s Gift":49,"Frozen Egg 2":12,"Cracked Core":0,"Mercury Hourglass":18,"Meat on the Bone":49}],"Mercury Hourglass":[180],"Meat on the Bone":0},"card_choices":[{"not_picked":["Streamline","Gash"],"picked":"Ball Lightning","floor":1},{"not_picked":["Streamline","Hologram"],"picked":"Rebound","floor":5},{"not_picked":["Hologram","Force Field","Static Discharge"],"picked":"SKIP","floor":6},{"not_picked":["BootSequence","Chill","Darkness"],"picked":"SKIP","floor":8},{"not_picked":["Glacier","Darkness","Cold Snap"],"picked":"SKIP","floor":10},{"not_picked":["Scrape","Redo","Consume"],"picked":"SKIP","floor":11},{"not_picked":["Aggregate","Heatsinks+1"],"picked":"Genetic Algorithm","floor":12},{"not_picked":["Go for the Eyes","Steam","Force Field"],"picked":"SKIP","floor":14},{"not_picked":["Meteor Strike","All For One"],"picked":"Biased Cognition+1","floor":16},{"not_picked":["Coolheaded+1","Reboot","Steam+1"],"picked":"SKIP","floor":18},{"not_picked":["Compile Driver","Stack+1","Cold Snap"],"picked":"SKIP","floor":22},{"not_picked":["Turbo","Beam Cell","BootSequence+1"],"picked":"SKIP","floor":24},{"not_picked":["Compile Driver+1","Sweeping Beam","Coolheaded"],"picked":"SKIP","floor":25},{"not_picked":["Seek","Hello World","Glacier+1"],"picked":"SKIP","floor":29},{"not_picked":["Gash","Rebound","Compile Driver"],"picked":"SKIP","floor":30},{"not_picked":["Rebound","Steam","Hello World+1"],"picked":"SKIP","floor":31}],"player_experience":658991,"relics_obtained":[{"floor":6,"key":"MealTicket"},{"floor":9,"key":"Frozen Egg 2"},{"floor":11,"key":"Mercury Hourglass"},{"floor":26,"key":"Meat on the Bone"},{"floor":29,"key":"Ornamental Fan"}],"event_choices":[{"damage_healed":0,"gold_gain":0,"player_choice":"Donut","damage_taken":0,"max_hp_gain":5,"max_hp_loss":0,"event_name":"Big Fish","floor":3,"gold_loss":0},{"damage_healed":0,"gold_gain":0,"player_choice":"Shed Blood","damage_taken":23,"max_hp_gain":5,"max_hp_loss":0,"event_name":"Forgotten Altar","floor":19,"gold_loss":0},{"damage_healed":0,"gold_gain":0,"player_choice":"Inject Mutagens","damage_taken":0,"relics_obtained":["MutagenicStrength"],"max_hp_gain":0,"max_hp_loss":0,"event_name":"Drug Dealer","floor":20,"gold_loss":0},{"damage_healed":0,"gold_gain":0,"player_choice":"Bought 2 Potions","damage_taken":0,"max_hp_gain":0,"max_hp_loss":0,"event_name":"The Woman in Blue","floor":21,"gold_loss":0},{"damage_healed":0,"gold_gain":0,"player_choice":"Traded Relic","damage_taken":0,"relics_obtained":["Nloth\u0027s Gift"],"max_hp_gain":0,"max_hp_loss":0,"event_name":"N\u0027loth","floor":28,"relics_lost":["Frozen Egg 2"],"gold_loss":0}],"is_beta":false,"boss_relics":[{"not_picked":["SacredBark","Sozu"],"picked":"Tiny House"}],"items_purged_floors":[2,13],"is_endless":false,"potions_floor_spawned":[6,8,10,14,22,29,31],"killed_by":"Collector","ascension_level":6}}