{"host":"22s5scuj7mu87reg","time":1610631218,"event":{"mods":["BaseMod","Colored Powertips","Dota2Spire","Downfall","Duelist Mod","GungeonMod","Halation","Hubris","Infinite Spire","Koishi","KomeijiMod","Minty Spire (QoL Compilation)","Replay The Spire","StSLib","SuperFastMode","The Jungle","The Mystic","The Necromancer","Wandering Minibosses"],"gold_per_floor":[139,64,64,64,14,14,34,44,44,44,74,89,119,137,137,241,241,252,152,152,152,152,185,198,230,256,275,275,290,301,312,312,411,411,423,443,443,463,463,463,475,475,525,550,550,582,582,582,582,582,582,582,582,582,63,97,97],"floor_reached":58,"language":"POL","playtime":3216,"items_purged":["theDuelist:Sparks","Regret","theDuelist:CastleWalls"],"score":1417,"play_id":"d22a4808-87ef-4c96-9e12-8573302c39af","local_time":"20210114143338","is_ascension_mode":true,"campfire_choices":[{"data":"theDuelist:MaskedDragon","floor":6.0,"key":"SMITH"},{"data":"theDuelist:YamataDragon","floor":10.0,"key":"SMITH"},{"floor":15.0,"key":"DIG"},{"floor":32.0,"key":"REST"},{"floor":42,"key":"REST"},{"floor":47,"key":"RECALL"},{"floor":49,"key":"REST"},{"data":"theDuelist:WaterDragon","floor":51,"key":"SMITH"},{"data":"theDuelist:StardustDragon","floor":54,"key":"SMITH"}],"circlet_count":0,"master_deck":["theDuelist:BabyDragon","theDuelist:CastleWalls","theDuelist:CaveDragon+1","theDuelist:CaveDragon","theDuelist:LesserDragon","theDuelist:LesserDragon","theDuelist:YamataDragon+1","theDuelist:MaskedDragon+1","theDuelist:GenesisDragon","theDuelist:StardustDragon+1","theDuelist:GenesisDragon","theDuelist:WaterDragon+1","AbeCurse","theDuelist:GuardragonJusticia+1","theDuelist:StardustDragon","Madness","Madness+1","theDuelist:GenesisDragon"],"relics":["theDuelist:MillenniumPuzzle","theDuelist:CardPoolRelic","theDuelist:CardPoolBasicRelic","NeowsBlessing","Chameleon Ring","halation:PinkSoulGem","Bottled Lightning","Dota2Spire:LotusOrb","theDuelist:MerchantNecklace","theDuelist:DuelistUrn","Philosopher\u0027s Stone","hubris:Towel","halation:KoshaPiece","Dota2Spire:ArcaneBoots","Abe\u0027s Treasure","wanderingMiniBosses:OtherGremlinHorn","Calipers","DemoMod:Antibody","hubris:AncientText","ReplayFunnel","halation:PapillonHeart","Lee\u0027s Waffle","War Paint","Dota2Spire:AghanimScepter","Lantern"],"acts_visited":["Exordium","TheCity","TheBeyond","TheEnding"],"potions_floor_usage":[33,33,52],"damage_taken":[{"damage":0.0,"enemies":"Small Slimes","floor":1.0,"turns":1.0},{"damage":0.0,"enemies":"Jaw Worm","floor":7.0,"turns":1.0},{"damage":0.0,"enemies":"2 Louse","floor":8.0,"turns":1.0},{"damage":5.0,"enemies":"Replay:BlueRogue","floor":11.0,"turns":5.0},{"damage":2.0,"enemies":"Exordium Wildlife","floor":12.0,"turns":2.0},{"damage":4.0,"enemies":"3 Sentries","floor":13.0,"turns":6.0},{"damage":4.0,"enemies":"2 Fungi Beasts","floor":14.0,"turns":3.0},{"damage":18.0,"enemies":"The Guardian","floor":16.0,"turns":9.0},{"damage":1.0,"enemies":"Shell Parasite","floor":18.0,"turns":4.0},{"damage":11.0,"enemies":"Gremlin Leader","floor":23.0,"turns":12.0},{"damage":1.0,"enemies":"Spheric Guardian","floor":24.0,"turns":6.0},{"damage":20.0,"enemies":"Slavers","floor":25.0,"turns":6.0},{"damage":13.0,"enemies":"Centurion and Healer","floor":27.0,"turns":4.0},{"damage":9.0,"enemies":"Chosen and Byrds","floor":29.0,"turns":5.0},{"damage":27.0,"enemies":"Sentry and Sphere","floor":30.0,"turns":6.0},{"damage":0.0,"enemies":"Snecko","floor":31.0,"turns":2.0},{"damage":47,"enemies":"Collector","floor":33,"turns":8},{"damage":1,"enemies":"3 Darklings","floor":35,"turns":5},{"damage":5,"enemies":"3 Shapes","floor":36,"turns":3},{"damage":57,"enemies":"Sphere and 2 Shapes","floor":38,"turns":7},{"damage":0,"enemies":"Spire Growth","floor":41,"turns":4},{"damage":6,"enemies":"Mind Bloom Boss Battle","floor":43,"turns":7},{"damage":0,"enemies":"Giant Head","floor":44,"turns":7},{"damage":8,"enemies":"Nemesis","floor":46,"turns":5},{"damage":7,"enemies":"infinitespire:MassOfShapes","floor":52,"turns":6},{"damage":0,"enemies":"Shield and Spear","floor":56,"turns":6},{"damage":22,"enemies":"The Heart","floor":57,"turns":7}],"seed_played":"4243403936938123809","potions_obtained":[{"floor":7.0,"key":"theDuelist:SummonFuryPotion"},{"floor":12.0,"key":"EntropicBrew"},{"floor":13.0,"key":"Weak Potion"},{"floor":14.0,"key":"theDuelist:MillenniumElixir"},{"floor":24.0,"key":"theDuelist:MillenniumElixir"},{"floor":33,"key":"theDuelist:TokenPotionB"},{"floor":38,"key":"SpeedPotion"}],"is_trial":false,"path_per_floor":["M","$","?","?","?","R","M","M","T","R","E","M","E","M","R","B",null,"M","$","?","?","?","E","M","E","T","M","?","M","M","M","R","B",null,"M","M","?","M","PTL","PTL","M","R","?","E","T","E","R","?","R","?","R","B",null,"R","$","E","B",null],"character_chosen":"THE_DUELIST","items_purchased":["Lee\u0027s Waffle","War Paint","Dota2Spire:AghanimScepter"],"campfire_rested":3,"item_purchase_floors":[55,55,55],"current_hp_per_floor":[80,80,80,80,80,80,80,80,80,80,75,73,69,65,65,53,80,79,79,79,79,80,77,80,62,62,51,51,44,25,29,53,10,80,79,75,80,25,25,25,27,51,47,49,49,49,49,49,76,66,66,71,76,76,83,83,65],"gold":97,"neow_bonus":"THREE_ENEMY_KILL","is_daily":false,"chose_seed":false,"campfire_upgraded":4,"win_rate":0.0,"timestamp":1610631218,"path_taken":["M","$","?","?","?","R","M","M","T","R","E","?","E","M","R","BOSS","M","$","?","?","?","E","M","E","T","?","?","M","M","M","R","BOSS","M","M","?","?","PTL","PTL","M","R","?","E","T","E","R","?","R","?","R","BOSS","R","$","E","BOSS"],"items_purchased_type":["Relic","Relic","Relic"],"build_version":"2020-12-13","purchased_purges":3,"victory":true,"max_hp_per_floor":[80,80,80,80,80,80,80,80,80,80,80,80,80,80,80,80,80,80,80,80,80,80,80,80,80,80,80,80,80,80,80,80,80,80,80,80,80,80,80,80,80,80,80,80,80,80,80,76,76,76,76,76,76,76,83,83,83],"card_choices":[{"not_picked":["theDuelist:ExploderDragon","theDuelist:MegafleetDragon"],"picked":"theDuelist:MaskedDragon","floor":1.0},{"not_picked":["theDuelist:CyberDragonVier","theDuelist:ScrapIronScarecrow","theDuelist:RedEyesToon"],"picked":"SKIP","floor":7.0},{"not_picked":["theDuelist:DefenseZone","theDuelist:RedEyes","theDuelist:FrostflameDragon"],"picked":"SKIP","floor":8.0},{"not_picked":["theDuelist:Scapegoat","theDuelist:SuperStridentBlaze"],"picked":"theDuelist:GenesisDragon","floor":11.0},{"not_picked":["theDuelist:ScrapIronScarecrow","theDuelist:Anthrosaurus","theDuelist:AncientDragon"],"picked":"SKIP","floor":12.0},{"not_picked":["theDuelist:SuperancientDinobeast","theDuelist:DragonRavine","theDuelist:AncientRules"],"picked":"SKIP","floor":13.0},{"not_picked":["theDuelist:SphereChaos","theDuelist:DarkstormDragon","theDuelist:CloudianGhost"],"picked":"SKIP","floor":14.0},{"not_picked":["theDuelist:InfernityDoomDragon","theDuelist:SafeZone","theDuelist:MirageDragon"],"picked":"SKIP","floor":18.0},{"not_picked":["theDuelist:DefenseZone","theDuelist:ToonBarrelDragon","theDuelist:SoulCharge"],"picked":"SKIP","floor":23.0},{"not_picked":["theDuelist:CyberDragonDrei+1","theDuelist:ArmageddonDragonEmp","theDuelist:ArtifactIgnition"],"picked":"SKIP","floor":24.0},{"not_picked":["theDuelist:CyberDragonCore","theDuelist:DragonRavine","theDuelist:TwinHeadedFire"],"picked":"SKIP","floor":25.0},{"not_picked":["theDuelist:FrostflameDragon","theDuelist:BusterBlader","theDuelist:SnowdustDragon"],"picked":"SKIP","floor":27.0},{"not_picked":["theDuelist:StarlightRoad","theDuelist:YamataDragon"],"picked":"theDuelist:StardustDragon","floor":29.0},{"not_picked":["theDuelist:DefenseZone","theDuelist:BusterBlader","theDuelist:EyeTimaeus"],"picked":"SKIP","floor":30.0},{"not_picked":["theDuelist:BlackBrutdrago","theDuelist:DarkDriceratops","theDuelist:SilverWing"],"picked":"SKIP","floor":31.0},{"not_picked":["theDuelist:BusterBladerDDS","theDuelist:OceanDragonLord"],"picked":"theDuelist:WaterDragon","floor":33},{"not_picked":["theDuelist:BlackStego","theDuelist:GenesisDragon","theDuelist:CloudianGhost"],"picked":"SKIP","floor":35},{"not_picked":["theDuelist:MirageDragon+1","theDuelist:DarkHorus","theDuelist:YamataDragon+1"],"picked":"SKIP","floor":36},{"not_picked":["theDuelist:ScrapIronScarecrow","theDuelist:RedRisingDragon+1","theDuelist:BlackVeloci+1"],"picked":"SKIP","floor":38},{"not_picked":["theDuelist:CyberDragonVier+1","theDuelist:DefenseDraw+1"],"picked":"theDuelist:GuardragonJusticia+1","floor":41},{"not_picked":["theDuelist:ArmedDragon5","theDuelist:DoomkaiserDragon","theDuelist:RedEyesToon+1"],"picked":"SKIP","floor":44},{"not_picked":["theDuelist:BerserkScales","theDuelist:LesserDragon"],"picked":"theDuelist:StardustDragon","floor":46},{"not_picked":["theDuelist:HazyFlameHydra","theDuelist:TornadoDragon","theDuelist:SuperStridentBlaze"],"picked":"SKIP","floor":56}],"player_experience":120420,"relics_obtained":[{"floor":9.0,"key":"Bottled Lightning"},{"floor":11.0,"key":"Dota2Spire:LotusOrb"},{"floor":13.0,"key":"theDuelist:MerchantNecklace"},{"floor":15.0,"key":"theDuelist:DuelistUrn"},{"floor":23.0,"key":"halation:KoshaPiece"},{"floor":25.0,"key":"Dota2Spire:ArcaneBoots"},{"floor":43,"key":"wanderingMiniBosses:OtherGremlinHorn"},{"floor":43,"key":"Calipers"},{"floor":44,"key":"DemoMod:Antibody"},{"floor":45,"key":"hubris:AncientText"},{"floor":46,"key":"ReplayFunnel"},{"floor":56,"key":"Lantern"}],"event_choices":[{"damage_healed":0.0,"max_hp_gain":0.0,"max_hp_loss":0.0,"gold_gain":0.0,"event_name":"Big Fish","player_choice":"Box","floor":3.0,"gold_loss":0.0,"damage_taken":0.0,"relics_obtained":["Chameleon Ring"],"cards_obtained":["Regret"]},{"cards_removed":["theDuelist:Sparks"],"damage_healed":0.0,"max_hp_gain":0.0,"max_hp_loss":0.0,"gold_gain":0.0,"event_name":"The Cleric","player_choice":"Card Removal","floor":5.0,"gold_loss":50.0,"damage_taken":0.0},{"damage_healed":0.0,"max_hp_gain":0.0,"max_hp_loss":0.0,"gold_gain":0.0,"event_name":"Lab","player_choice":"Got Potions","floor":28.0,"gold_loss":0.0,"damage_taken":0.0},{"cards_removed":["theDuelist:GenesisDragon"],"damage_healed":5,"gold_gain":0,"player_choice":"Offered Uncommon","damage_taken":0,"max_hp_gain":0,"max_hp_loss":0,"event_name":"Bonfire Elementals","floor":37,"gold_loss":0},{"damage_healed":0,"gold_gain":0,"player_choice":"Fight","damage_taken":0,"max_hp_gain":0,"max_hp_loss":0,"event_name":"MindBloom","floor":43,"gold_loss":0},{"damage_healed":0,"gold_gain":0,"player_choice":"Embrace Madness","damage_taken":10,"max_hp_gain":0,"max_hp_loss":0,"event_name":"Winding Halls","floor":50,"gold_loss":0,"cards_obtained":["Madness","Madness"]}],"is_beta":false,"boss_relics":[{"not_picked":["Empty Cage","theDuelist:ElectricKey"],"picked":"Philosopher\u0027s Stone"},{"not_picked":["SacredBark","Dota2Spire:RefresherOrb"],"picked":"Abe\u0027s Treasure"}],"items_purged_floors":[2,19,55],"is_endless":false,"potions_floor_spawned":[7,12,13,14,24,27,33,38,43,44,46],"ascension_level":1}}