{"host":"zgdag062zrknap1a","time":1610589423,"event":{"mods":["AchievementEnabler","Act Like it!","Aspiration","Bard","BaseMod","BetterRewards","Colored Map","Colored Powertips","Conspire","Downfall","Gensokyo","Hallownest","Hermit","Highlight Path","Hubris","Infinite Spire","Jorbs\u0027s Wanderer Trilogy","Marisa????????","Minty Spire (QoL Compilation)","Quick Restart","Rare Cards Sparkle","Replay The Spire","Shop Mod","StSLib","The Bug Knight","The Cursed","The Hierophant","The Necromancer","The Runesmith","The Servant 0.9.4"],"gold_per_floor":[116,116,65,84,84,132,147,161,161,161,189,189,189,37,37,136,136,171,84,118,193,193,193,226,341,341,341,404,431,456,456,456,559,559,578,594,594,613,630,630,630,674,723,755,773,786,798,685,685,685,685,685,13,45,45],"floor_reached":56,"language":"ENG","playtime":3533,"items_purged":["Dualcast","Strike_B","Strike_B","Strike_B","Strike_B","Defend_B","Defend_B","Defend_B"],"score":1241,"play_id":"1945127a-1ccc-4721-8a64-42436cbf0c29","local_time":"20210113175703","is_ascension_mode":false,"campfire_choices":[{"floor":10,"key":"RECALL"},{"data":"Zap","floor":12,"key":"SMITH"},{"data":"Scrape","floor":15,"key":"SMITH"},{"data":"ReplayGash","floor":23,"key":"SMITH"},{"data":"Leap","floor":27,"key":"SMITH"},{"data":"Leap","floor":32,"key":"SMITH"},{"data":"Leap","floor":40,"key":"SMITH"},{"data":"Gash","floor":49,"key":"SMITH"},{"data":"Go for the Eyes","floor":52,"key":"SMITH"}],"circlet_count":0,"master_deck":["Defend_B","Zap+1","Scrape+1","ReplayGash+1","Go for the Eyes+1","Gash","Gash","Leap+1","Leap+1","All For One","Gash+1","Gash","Gash","Leap+1","Leap+1","Gash","Gash","Gash+1","Beam Cell+1","ReplayTheSpireMod:Dual Polarity+1","Leap+1"],"relics":["Cracked Core","Solar Panel","ReplayTheSpireMod:Ring of Challenge","ReplayTheSpireMod:Ring of Exchange","Hallownest:DreamNailRelic","MerchantsRug","Membership Card","Ornamental Fan","aspiration:HiddenCompartment","Inserter","Prayer Wheel","Prayer Wheel","Replay:Antivirus Software","Potion Belt","hubris:HollowSoul","aspiration:FrozenJewel","infinitespire:Beetle Shell"],"acts_visited":["Exordium","Hallownest:Greenpath","Hallownest:CityofTears","TheEnding"],"potions_floor_usage":[16,16,30,33,33,54,55,55,55,55],"damage_taken":[{"damage":2,"enemies":"Hallownest:monsterHuskGuard","floor":1,"turns":3},{"damage":0,"enemies":"2_ Uuma","floor":4,"turns":4},{"damage":36,"enemies":"Hallownest:eliteCrystalGuardian","floor":6,"turns":6},{"damage":7,"enemies":"Hallownest:2_Tiktiks_and_1_Crawlid","floor":7,"turns":4},{"damage":0,"enemies":"Hallownest:monsterMossCharger","floor":8,"turns":5},{"damage":3,"enemies":"Hallownest:eliteVengeflyKing","floor":11,"turns":6},{"damage":19,"enemies":"Hallownest:BossHornet","floor":16,"turns":7},{"damage":17,"enemies":"Hallownest:2_Mistakes","floor":18,"turns":6},{"damage":6,"enemies":"Hallownest:3_Youths","floor":20,"turns":4},{"damage":21,"enemies":"Hallownest:Glutton_and_Coward","floor":21,"turns":4},{"damage":6,"enemies":"Hallownest:Warrior_and_Youth","floor":24,"turns":3},{"damage":0,"enemies":"Hallownest:monsterShrumalOgre","floor":28,"turns":3},{"damage":15,"enemies":"Hallownest:2_Flukemon","floor":29,"turns":6},{"damage":20,"enemies":"Hallownest:Master_and_Novice","floor":30,"turns":5},{"damage":12,"enemies":"Hallownest:BossSoulMaster","floor":33,"turns":6},{"damage":12,"enemies":"Hallownest:3_Siblings","floor":35,"turns":6},{"damage":20,"enemies":"Hallownest:Shield_Heavy","floor":36,"turns":6},{"damage":0,"enemies":"Hallownest:Shield_Sturdy","floor":38,"turns":5},{"damage":3,"enemies":"Hallownest:2_Wandering_and_1_Horned","floor":39,"turns":6},{"damage":0,"enemies":"Hallownest:eliteCollector","floor":44,"turns":4},{"damage":11,"enemies":"Hallownest:monsterPrimalAspid","floor":45,"turns":3},{"damage":0,"enemies":"Hallownest:2_Soldiers_and_1_Guardian","floor":46,"turns":4},{"damage":1,"enemies":"Hallownest:2_Great","floor":47,"turns":3},{"damage":22,"enemies":"Hallownest:Radiance","floor":50,"turns":5},{"damage":11,"enemies":"Shield and Spear","floor":54,"turns":4},{"damage":52,"enemies":"The Heart","floor":55,"turns":5}],"seed_played":"4882491790936082611","potions_obtained":[{"floor":1,"key":"LiquidBronze"},{"floor":6,"key":"FearPotion"},{"floor":21,"key":"EssenceOfSteel"},{"floor":24,"key":"Weak Potion"},{"floor":29,"key":"FearPotion"},{"floor":35,"key":"Reflective Coating"},{"floor":38,"key":"Ancient Potion"},{"floor":47,"key":"SkillPotion"}],"is_trial":false,"path_per_floor":["M","?","$","M","?","E","M","M","T","R","E","R","?","$","R","B",null,"M","$","M","M","?","R","M","?","T","R","M","M","M","AVR","R","B",null,"M","M","AVR","M","M","R","?","$","T","E","M","M","M","$","R","B",null,"R","$","E","B",null],"character_chosen":"DEFECT","items_purchased":["Scrape","ReplayGash","Solar Panel","Go for the Eyes","Omamori","Gash","Gash","MerchantsRug","Gash","Replay:Antivirus Software","Energy Potion","Elixir","hubris:HollowSoul","aspiration:FrozenJewel"],"campfire_rested":0,"item_purchase_floors":[0,0,0,0,0,0,3,14,19,42,48,53,53,53],"current_hp_per_floor":[42,42,42,48,48,16,15,19,19,19,22,22,22,22,22,9,75,64,64,64,49,49,49,49,49,49,49,53,44,30,30,30,24,75,69,55,55,61,64,64,64,64,64,70,65,69,74,75,75,59,75,75,75,70,20],"gold":45,"neow_bonus":"","is_daily":false,"chose_seed":false,"campfire_upgraded":8,"win_rate":0.0,"timestamp":1610589423,"path_taken":["M","?","$","M","?","E","?","M","T","R","E","R","?","$","R","BOSS","M","$","M","M","?","R","?","?","T","R","?","M","M","AVR","R","BOSS","M","M","AVR","M","M","R","?","$","T","E","M","M","M","$","R","BOSS","R","$","E","BOSS"],"items_purchased_type":["Card","Card","Relic","Card","Relic","Card","Card","Relic","Card","Relic","Potion","Potion","Relic","Relic"],"build_version":"2020-12-22","purchased_purges":8,"victory":true,"max_hp_per_floor":[75,75,75,75,75,75,75,75,75,75,75,75,75,75,75,75,75,75,75,75,75,75,75,75,75,75,75,75,75,75,75,75,75,75,75,75,75,75,75,75,75,75,75,75,75,75,75,75,75,75,75,75,75,75,75],"card_choices":[{"not_picked":["Compile Driver","Streamline","Coolheaded"],"picked":"SKIP","floor":1},{"not_picked":["White Noise","Loop","Steam"],"picked":"SKIP","floor":4},{"not_picked":["Consume","Blizzard","Undo"],"picked":"SKIP","floor":6},{"not_picked":["Panic Button","Reinforced Body"],"picked":"Leap","floor":7},{"not_picked":["Rainbow","BasicCrystalCard"],"picked":"Leap","floor":8},{"not_picked":["Steam","Consume","Coolheaded"],"picked":"SKIP","floor":11},{"not_picked":["ReplayTheSpireMod:Omega Cannon","Electrodynamics"],"picked":"All For One","floor":16},{"not_picked":["Lockon+1","Static Discharge"],"picked":"Gash","floor":18},{"not_picked":["Steam+1","aspiration:Polymerization"],"picked":"Gash","floor":20},{"not_picked":["BasicCrystalCard","Heatsinks"],"picked":"Leap","floor":21},{"not_picked":["Recycle","Cold Snap","Defragment+1"],"picked":"SKIP","floor":24},{"not_picked":["Ball Lightning","BasicCrystalCard","Storm"],"picked":"SKIP","floor":28},{"not_picked":["Stack+1","ReplayTheSpireMod:System Scan"],"picked":"Leap+1","floor":29},{"not_picked":["Double Energy","Reprogram+1"],"picked":"Gash","floor":30},{"not_picked":["Meteor Strike","Buffer"],"picked":"ReplayTheSpireMod:Fabricate Wheel","floor":33},{"not_picked":["BootSequence","Cold Snap+1","Heatsinks+1"],"picked":"SKIP","floor":35},{"not_picked":["Leap","Beam Cell+1"],"picked":"Gash","floor":36},{"not_picked":["Lockon","Gash+1","Sweeping Beam+1"],"picked":"SKIP","floor":36},{"not_picked":["Sweeping Beam+1","Go for the Eyes+1"],"picked":"Gash+1","floor":38},{"not_picked":["Melter","Reinforced Body","Ball Lightning"],"picked":"SKIP","floor":38},{"not_picked":["Chaos+1","ReplaySolidLightProjector","Static Discharge"],"picked":"SKIP","floor":39},{"not_picked":["Reinforced Body","Stack+1","Compile Driver+1"],"picked":"SKIP","floor":39},{"not_picked":["Sunder","Compile Driver+1","hubris:Ukulele"],"picked":"SKIP","floor":39},{"not_picked":["Thunder Strike","Rebound"],"picked":"Beam Cell+1","floor":44},{"not_picked":["Hologram+1","Panic Button"],"picked":"ReplayTheSpireMod:Dual Polarity+1","floor":45},{"not_picked":["Gash","Sunder","Coolheaded+1"],"picked":"SKIP","floor":45},{"not_picked":["Streamline+1","Conserve Battery+1","Hologram"],"picked":"SKIP","floor":45},{"not_picked":["Coolheaded+1","FIFO Queue+1","Redo+1"],"picked":"SKIP","floor":46},{"not_picked":["conspire:SharedLibrary","Consume","Go for the Eyes+1"],"picked":"SKIP","floor":46},{"not_picked":["Turbo","Barrage","Thunder Strike"],"picked":"SKIP","floor":46},{"not_picked":["Barrage+1","Rainbow"],"picked":"Leap+1","floor":47},{"not_picked":["Conserve Battery+1","BasicCrystalCard","Turbo"],"picked":"SKIP","floor":47},{"not_picked":["Double Energy","Coolheaded","Rebound"],"picked":"SKIP","floor":47},{"not_picked":["Hello World","Auto Shields","Steam Power"],"picked":"SKIP","floor":54}],"player_experience":391148,"relics_obtained":[{"floor":2,"key":"ReplayTheSpireMod:Ring of Challenge"},{"floor":2,"key":"ReplayTheSpireMod:Ring of Exchange"},{"floor":6,"key":"Quantum Egg"},{"floor":11,"key":"infinitespire:PuzzleCube"},{"floor":26,"key":"Ornamental Fan"},{"floor":30,"key":"aspiration:HiddenCompartment"},{"floor":43,"key":"MealTicket"},{"floor":44,"key":"Potion Belt"},{"floor":54,"key":"infinitespire:Beetle Shell"}],"event_choices":[],"is_beta":false,"boss_relics":[{"not_picked":["Sling","Pandora\u0027s Box"],"picked":"Membership Card"},{"not_picked":["hubris:Stopwatch","Replay:Ancient Bell"],"picked":"Inserter"}],"items_purged_floors":[0,14,19,31,37,42,48,53],"is_endless":false,"potions_floor_spawned":[1,6,21,24,29,35,38,47],"ascension_level":0}}