{"host":"ekuwh035269yscfo","time":1610601848,"event":{"mods":["BaseMod","Better Third Choice","BetterRewards","Colored Map","Custom Start","Hermit","Highlight Path","Hubris","Hyrulean Relics","Minty Spire (QoL Compilation)","Replay The Spire","Shop Mod","StSLib","The Cursed"],"gold_per_floor":[115,115,43,43,43,43,77,77,125,152,220,233,249,263,263,367,367,378,398,409,421,421,421,448,448,448,458,471,483,12,29,29,128,128,141,161,173,188,188,188,198,198,278,50,50,50],"floor_reached":45,"language":"ENG","playtime":2907,"items_purged":["Defend_G"],"score":439,"play_id":"35ee2517-eb5c-41ec-940b-8a2d72d5c266","local_time":"20210114002408","is_ascension_mode":false,"campfire_choices":[{"data":"ReplayTheSpireMod:Scrap Shanks","floor":6.0,"key":"SMITH"},{"floor":8.0,"key":"REST"},{"floor":15.0,"key":"DIG"},{"data":"Accuracy","floor":23.0,"key":"SMITH"},{"data":"Cloak And Dagger","floor":25.0,"key":"SMITH"},{"floor":32.0,"key":"REST"},{"floor":40,"key":"REST"}],"circlet_count":1,"master_deck":["Strike_G+1","Strike_G+1","Strike_G+1","Strike_G+1","Strike_G+1","Defend_G","Defend_G","Defend_G","Defend_G","Survivor","Neutralize","Blade Dance+1","Backstab+1","Accuracy+1","Concentrate","Burst+1","Cloak And Dagger+1","Accuracy+1","hubris:DuctTapeCard","Backstab","Phantasmal Killer"],"relics":["Ring of the Snake","Circlet","hubris:Reverence","Vajra","hubris:AncientText","PreservedInsect","Painkiller Herb","hubris:ToyBattleship","hubris:Metronome","Guide Book","Replay:Bottled Eggs","hubris:Backtick","hubris:DuctTape","Bottled Flame","HandDrill"],"acts_visited":["Exordium","TheCity","TheBeyond"],"potions_floor_usage":[37,41],"damage_taken":[{"damage":2.0,"enemies":"Small Slimes","floor":1.0,"turns":4.0},{"damage":40.0,"enemies":"3 Sentries","floor":7.0,"turns":12.0},{"damage":1.0,"enemies":"Jaw Worm","floor":12.0,"turns":2.0},{"damage":0.0,"enemies":"2 Louse","floor":13.0,"turns":1.0},{"damage":3.0,"enemies":"Exordium Wildlife","floor":14.0,"turns":2.0},{"damage":16.0,"enemies":"Hexaghost","floor":16.0,"turns":5.0},{"damage":4.0,"enemies":"2 Thieves","floor":18.0,"turns":3.0},{"damage":2.0,"enemies":"Chosen","floor":19.0,"turns":4.0},{"damage":1.0,"enemies":"3 Cultists","floor":20.0,"turns":4.0},{"damage":19.0,"enemies":"Centurion and Healer","floor":21.0,"turns":7.0},{"damage":19.0,"enemies":"Replay:Snechameleon","floor":24.0,"turns":6.0},{"damage":3.0,"enemies":"Snake Plant","floor":27.0,"turns":2.0},{"damage":0.0,"enemies":"Snecko","floor":28.0,"turns":2.0},{"damage":0.0,"enemies":"Chosen and Byrds","floor":29.0,"turns":3.0},{"damage":0.0,"enemies":"Snake Plant","floor":31.0,"turns":1.0},{"damage":28.0,"enemies":"Champ","floor":33.0,"turns":6.0},{"damage":10,"enemies":"3 Shapes","floor":35,"turns":4},{"damage":12,"enemies":"3 Darklings","floor":36,"turns":4},{"damage":27,"enemies":"Maw","floor":37,"turns":8},{"damage":2,"enemies":"Jaw Worm Horde","floor":38,"turns":5},{"damage":7,"enemies":"Writhing Mass","floor":41,"turns":3},{"damage":42,"enemies":"Transient","floor":45,"turns":4}],"seed_played":"4281853875260232187","potions_obtained":[{"floor":12.0,"key":"champ:CounterPotion"},{"floor":13.0,"key":"FearPotion"},{"floor":14.0,"key":"Weak Potion"},{"floor":24.0,"key":"GamblersBrew"},{"floor":27.0,"key":"Block Potion"},{"floor":28.0,"key":"Adrenaline Potion"},{"floor":35,"key":"Cursed Concoction"},{"floor":37,"key":"Fruit Juice"}],"is_trial":false,"path_per_floor":["M","?","$","?","$","R","E","R","T","T","?","M","M","M","R_BF","B",null,"?","?","?","?","?","T","E","T","T","?","?","?","T","?","T","B",null,"?","?","?","?","?","T","?","?","T","T","?"],"character_chosen":"THE_SILENT","items_purchased":["ReplayTheSpireMod:Scrap Shanks","Guide Book","Accuracy","Replay:Bottled Eggs","HandDrill"],"campfire_rested":3,"item_purchase_floors":[3,30,30,30,44],"current_hp_per_floor":[68,68,68,68,68,68,28,49,49,49,49,48,48,45,45,29,70,66,64,63,44,44,44,25,25,25,22,22,22,22,22,43,15,70,60,48,26,24,24,46,39,39,39,39,0,0],"gold":50,"neow_bonus":"NOSTALGIA","is_daily":false,"chose_seed":false,"campfire_upgraded":3,"win_rate":0.0,"timestamp":1610601848,"path_taken":["M","?","$","?","$","R","E","R","T","?","?","M","?","M","R_BF","BOSS","?","?","?","?","?","T","E","T","T","?","?","?","T","?","T","BOSS","?","?","?","?","?","T","?","?","T","T","?"],"items_purchased_type":["Card","Relic","Card","Relic","Relic"],"build_version":"2020-12-22","purchased_purges":1,"victory":false,"max_hp_per_floor":[70,70,70,70,70,70,70,70,70,70,70,70,70,70,70,70,70,70,70,70,70,70,70,70,70,70,70,70,70,70,70,70,70,70,70,70,75,75,75,75,75,72,72,72,72,72],"card_choices":[{"not_picked":["Deadly Poison","Dodge and Roll"],"picked":"Blade Dance","floor":1.0},{"not_picked":["Backflip","Acrobatics"],"picked":"Backstab","floor":7.0},{"not_picked":["Hidden Blade","Sucker Punch","hubris:Counter"],"picked":"SKIP","floor":12.0},{"not_picked":["hubris:SlightOfHand","Slimebound:WasteNot"],"picked":"Accuracy","floor":13.0},{"not_picked":["Sneak Up","Deadly Poison"],"picked":"Concentrate","floor":14.0},{"not_picked":["Venomology","Envenom"],"picked":"Burst","floor":16.0},{"not_picked":["hubris:Counter","Dodge and Roll"],"picked":"Sneak Up","floor":18.0},{"not_picked":["Crippling Poison+1","Poisoned Stab","Outmaneuver"],"picked":"SKIP","floor":19.0},{"not_picked":["Flying Knee","Leg Sweep+1","Dagger Throw+1"],"picked":"SKIP","floor":20.0},{"not_picked":["Dagger Spray","PiercingWail","Poisoned Stab+1"],"picked":"SKIP","floor":21.0},{"not_picked":["Prepared","Slice+1"],"picked":"Cloak And Dagger","floor":24.0},{"not_picked":["Underhanded Strike","Flying Knee","Malaise"],"picked":"SKIP","floor":27.0},{"not_picked":["Concentrate","Skewer","PiercingWail"],"picked":"SKIP","floor":28.0},{"not_picked":["Slice+1","Distraction+1","Bane"],"picked":"SKIP","floor":29.0},{"not_picked":["hubris:SlightOfHand","Slice","Dagger Spray"],"picked":"SKIP","floor":31.0},{"not_picked":["Setup+1","Deflect","Dodge and Roll"],"picked":"SKIP","floor":35},{"not_picked":["PiercingWail","Acrobatics","Endless Agony+1"],"picked":"SKIP","floor":36},{"not_picked":["Underhanded Strike","Poisoned Stab","Deflect+1"],"picked":"SKIP","floor":37},{"not_picked":["PiercingWail+1","Sucker Punch+1"],"picked":"Backstab","floor":38},{"not_picked":["Backflip","Infinite Blades+1"],"picked":"Phantasmal Killer","floor":41}],"player_experience":381880,"relics_obtained":[{"floor":7.0,"key":"hubris:Reverence"},{"floor":9.0,"key":"Vajra"},{"floor":10.0,"key":"hubris:AncientText"},{"floor":15.0,"key":"PreservedInsect"},{"floor":24.0,"key":"hubris:ToyBattleship"},{"floor":26.0,"key":"hubris:Metronome"},{"floor":43,"key":"Bottled Flame"}],"event_choices":[{"damage_healed":0.0,"max_hp_gain":0.0,"max_hp_loss":0.0,"gold_gain":0.0,"event_name":"The Cleric","player_choice":"Leave","floor":2.0,"gold_loss":0.0,"damage_taken":0.0},{"damage_healed":0.0,"max_hp_gain":0.0,"max_hp_loss":0.0,"gold_gain":0.0,"event_name":"Living Wall","player_choice":"Grow","floor":4.0,"gold_loss":0.0,"damage_taken":0.0,"cards_upgraded":["Blade Dance"]},{"damage_healed":0.0,"max_hp_gain":0.0,"max_hp_loss":0.0,"gold_gain":68.0,"event_name":"Golden Wing","player_choice":"Gained Gold","floor":11.0,"gold_loss":0.0,"damage_taken":0.0},{"damage_healed":0.0,"max_hp_gain":0.0,"max_hp_loss":0.0,"gold_gain":0.0,"event_name":"Accursed Blacksmith","player_choice":"Forge","floor":22.0,"gold_loss":0.0,"damage_taken":0.0,"cards_upgraded":["Sneak Up"]},{"cards_removed":["Parasite"],"damage_healed":0,"gold_gain":0,"player_choice":"Purged","damage_taken":0,"max_hp_gain":0,"max_hp_loss":0,"event_name":"Purifier","floor":42,"gold_loss":0}],"is_beta":false,"boss_relics":[{"not_picked":["hubris:RunicObelisk","Runic Dome"],"picked":"Painkiller Herb"},{"not_picked":["Circlet","Replay:Wanted Poster"],"picked":"hubris:Backtick"}],"items_purged_floors":[44],"is_endless":false,"potions_floor_spawned":[12,13,14,24,27,28,31,35,37],"killed_by":"Transient","ascension_level":0}}