{"host":"bb5r3ba2ig485dr2","time":1610650610,"event":{"mods":["Act Like it!","BaseMod","CapriCore","Chen","Curses Come First","Gensokyo","Hallownest","Koishi","Lobotomy","LobotomyExtend","Marisa（霧雨　魔理沙）","Minty Spire (QoL Compilation)","Random Character Button","Rare Cards Sparkle","Reimu（博??梦）","StSLib","Td1madao Mod","The Administrix","The Bug Knight","The Immortal","The Servant 0.9.4","The Wild Card"],"gold_per_floor":[111,36,116,0,0,33,33,46,46,65,77,77,77,303,303,402,402,415,124,124,124],"floor_reached":20,"language":"ENG","playtime":1280,"items_purged":[],"score":180,"play_id":"88f2560c-6f6f-4461-adb8-d7d88d31dd5b","local_time":"20210114195650","is_ascension_mode":false,"campfire_choices":[{"data":"Authority:ReiMu","floor":12,"key":"SMITH"},{"floor":15,"key":"REST"}],"circlet_count":0,"master_deck":["Strike_Lin:ReiMu","Strike_Lin:ReiMu","Strike_Lin:ReiMu","Strike_Lin:ReiMu","Defend_Lin:ReiMu","Defend_Lin:ReiMu","Defend_Lin:ReiMu","Defend_Lin:ReiMu","NB:ReiMu+1","Stagnation:ReiMu","Amulet:ReiMu","TightArray:ReiMu","CareerPray:ReiMu","TightArray:ReiMu","SpringWay:ReiMu","Conquer:ReiMu","Mountainwind:ReiMu","YinYangSign:ReiMu","HakureiPhantom:ReiMu"],"relics":["Philosopher\u0027s Stone","LetterFromLob","Pear","Toy Ornithopter","BodyOfKamiR:ReiMu","Gensokyo:OccultBall","Smiling Mask","SacredBark","Mastiff:ReiMu","TheAbacus"],"acts_visited":["Gensokyo:Gensokyo","Gensokyo:Gensokyoer"],"potions_floor_usage":[14],"damage_taken":[{"damage":0,"enemies":"Gensokyo:2_Kodama","floor":1,"turns":5},{"damage":1,"enemies":"Gensokyo:Mamizou","floor":6,"turns":11},{"damage":2,"enemies":"Gensokyo:3_Fairies","floor":8,"turns":5},{"damage":9,"enemies":"Gensokyo:Gryphon","floor":10,"turns":4},{"damage":18,"enemies":"Gensokyo:2_Rabbits","floor":11,"turns":4},{"damage":12,"enemies":"Gensokyo:Cirno","floor":14,"turns":6},{"damage":15,"enemies":"Gensokyo:Kokoro","floor":16,"turns":9},{"damage":7,"enemies":"Gensokyo:CosmicMonolith","floor":18,"turns":4}],"seed_played":"8746545305620639809","potions_obtained":[{"floor":6,"key":"LiquidBronze"},{"floor":8,"key":"SteroidPotion"},{"floor":16,"key":"EntropicBrew"}],"is_trial":false,"path_per_floor":["M","$","?","COS","$","E","?","M","T","M","M","R","?","E","R","B",null,"M","$","M"],"character_chosen":"REIMU","items_purchased":["TightArray:ReiMu","CareerPray:ReiMu","Mastiff:ReiMu","TheAbacus"],"campfire_rested":1,"item_purchase_floors":[2,2,19,19],"current_hp_per_floor":[65,65,65,65,65,74,74,72,72,63,45,45,45,38,60,45,75,68,68,0,0],"gold":124,"neow_bonus":"BOSS_RELIC","is_daily":false,"chose_seed":false,"campfire_upgraded":1,"win_rate":0.0,"timestamp":1610650610,"path_taken":["M","$","?","COS","?","E","?","M","T","M","M","R","?","E","R","BOSS","M","$","M"],"items_purchased_type":["Card","Card","Relic","Relic"],"build_version":"2020-12-22","purchased_purges":0,"victory":false,"max_hp_per_floor":[65,65,65,65,65,75,75,75,75,75,75,75,75,75,75,75,75,75,75,1,1],"card_choices":[{"not_picked":["CareerPray:ReiMu","EmergencyTakeOff:ReiMu"],"picked":"Amulet:ReiMu","floor":1},{"not_picked":["HakureiPhantom:ReiMu","SpreadBorder2:ReiMu"],"picked":"TightArray:ReiMu","floor":6},{"not_picked":["RunawayExorcism:ReiMu","Dreaming:ReiMu"],"picked":"Authority:ReiMu","floor":8},{"not_picked":["CollectionFlower2:ReiMu","SealNeedle:ReiMu"],"picked":"SpringWay:ReiMu","floor":8},{"not_picked":["MountainWay:ReiMu","WonderfulDomain:ReiMu"],"picked":"Conquer:ReiMu","floor":10},{"not_picked":["NineCharacters:ReiMu","TightArray:ReiMu"],"picked":"Mountainwind:ReiMu","floor":11},{"not_picked":["PassingAway:ReiMu","EmergencyTakeOff:ReiMu"],"picked":"YinYangSign:ReiMu","floor":14},{"not_picked":["Determination:ReiMu","CeremonyResonance:ReiMu"],"picked":"HakureiPhantom:ReiMu","floor":16},{"not_picked":["Crusade:ReiMu+1","SubcavityInstant:ReiMu","FantasyBorder:ReiMu"],"picked":"SKIP","floor":18}],"player_experience":198902,"relics_obtained":[{"floor":1,"key":"LetterFromLob"},{"floor":6,"key":"Pear"},{"floor":9,"key":"BodyOfKamiR:ReiMu"},{"floor":14,"key":"Smiling Mask"},{"floor":16,"key":"Gensokyo:OccultBall"}],"event_choices":[],"is_beta":false,"boss_relics":[{"not_picked":["Runic Dome","Sozu"],"picked":"SacredBark"}],"items_purged_floors":[],"is_endless":false,"potions_floor_spawned":[6,8,16],"ascension_level":0}}