{"host":"d85gwtocd8go8gx0","time":1610617450,"event":{"mods":["BaseMod","Highlight Path","Minty Spire (QoL Compilation)","Permanent Neow","Quick Restart"],"gold_per_floor":[109,121,121,56,68,68,98,98,123,136,146,171,171,200,200,200,200],"floor_reached":16,"language":"ENG","playtime":402,"items_purged":[],"score":240,"play_id":"a9f9af85-f62a-4da6-a7c5-7655971a0f0f","local_time":"20210114014410","is_ascension_mode":true,"campfire_choices":[{"floor":6.0,"key":"REST"},{"floor":8.0,"key":"REST"},{"floor":15.0,"key":"REST"}],"circlet_count":0,"master_deck":["AscendersBane","Strike_R","Strike_R","Strike_R","Strike_R","Strike_R","Defend_R","Defend_R","Defend_R","Defend_R","Bash","Spot Weakness","Clothesline","Heavy Blade","Burning Pact","Twin Strike","Heavy Blade","Uppercut","Feed","Flex","Heavy Blade"],"relics":["SlaversCollar","Happy Flower","Juzu Bracelet","Smiling Mask","Potion Belt","Boot"],"acts_visited":["Exordium"],"potions_floor_usage":[],"damage_taken":[{"damage":11.0,"enemies":"Cultist","floor":1.0,"turns":4.0},{"damage":7.0,"enemies":"Jaw Worm","floor":2.0,"turns":3.0},{"damage":12.0,"enemies":"Small Slimes","floor":5.0,"turns":3.0},{"damage":11.0,"enemies":"Gremlin Nob","floor":7.0,"turns":3.0},{"damage":1.0,"enemies":"Exordium Thugs","floor":10.0,"turns":3.0},{"damage":11.0,"enemies":"Blue Slaver","floor":11.0,"turns":3.0},{"damage":20.0,"enemies":"3 Sentries","floor":12.0,"turns":6.0},{"damage":20.0,"enemies":"Lagavulin","floor":14.0,"turns":6.0},{"damage":36,"enemies":"The Guardian","floor":16,"turns":2}],"seed_played":"6397621607935029563","potions_obtained":[{"floor":5.0,"key":"Regen Potion"},{"floor":7.0,"key":"FearPotion"},{"floor":12.0,"key":"ColorlessPotion"}],"is_trial":false,"path_per_floor":["M","M","?","?","M","R","E","R","T","M","M","E","?","E","R","B"],"character_chosen":"IRONCLAD","items_purchased":[],"campfire_rested":3,"item_purchase_floors":[],"current_hp_per_floor":[57,50,24,24,12,34,23,45,45,44,33,13,13,8,30,0,0],"gold":200,"neow_bonus":"BOSS_RELIC","is_daily":false,"chose_seed":false,"campfire_upgraded":0,"win_rate":0.0,"timestamp":1610617450,"path_taken":["M","M","?","?","M","R","E","R","T","M","M","E","?","E","R","BOSS"],"items_purchased_type":[],"build_version":"2020-12-22","purchased_purges":0,"victory":false,"max_hp_per_floor":[75,75,75,75,75,75,75,75,75,75,75,75,75,75,75,75,75],"card_choices":[{"not_picked":["Body Slam","Pummel"],"picked":"Spot Weakness","floor":1.0},{"not_picked":["Shrug It Off","Pommel Strike"],"picked":"Clothesline","floor":2.0},{"not_picked":["Entrench","Cleave"],"picked":"Heavy Blade","floor":5.0},{"not_picked":["True Grit","Body Slam"],"picked":"Burning Pact","floor":7.0},{"not_picked":["Sever Soul","Warcry"],"picked":"Twin Strike","floor":10.0},{"not_picked":["Perfected Strike","Cleave"],"picked":"Heavy Blade","floor":11.0},{"not_picked":["Warcry","Clash"],"picked":"Uppercut","floor":12.0},{"not_picked":["Disarm","Fire Breathing"],"picked":"Heavy Blade","floor":14.0}],"player_experience":11798,"relics_obtained":[{"floor":7.0,"key":"Juzu Bracelet"},{"floor":9.0,"key":"Smiling Mask"},{"floor":12.0,"key":"Potion Belt"},{"floor":14.0,"key":"Boot"}],"event_choices":[{"damage_healed":0.0,"max_hp_gain":0.0,"max_hp_loss":0.0,"gold_gain":0.0,"event_name":"Scrap Ooze","player_choice":"Success","floor":3.0,"gold_loss":0.0,"damage_taken":26.0,"relics_obtained":["Happy Flower"]},{"damage_healed":0.0,"max_hp_gain":0.0,"max_hp_loss":0.0,"gold_gain":0.0,"event_name":"World of Goop","player_choice":"Left Gold","floor":4.0,"gold_loss":65.0,"damage_taken":0.0},{"damage_healed":0.0,"max_hp_gain":0.0,"max_hp_loss":0.0,"gold_gain":0.0,"event_name":"Match and Keep!","player_choice":"2 cards matched","floor":13.0,"gold_loss":0.0,"damage_taken":0.0,"cards_obtained":["Feed","Flex"]}],"is_beta":false,"boss_relics":[],"items_purged_floors":[],"is_endless":false,"potions_floor_spawned":[5,7,12],"killed_by":"The Guardian","ascension_level":20}}