{"host":"6q3xrfxx8iswq9mh","time":1610625009,"event":{"mods":["BaseMod","Colored Powertips","Downfall","Lobotomy","Marisa£®ÏF”Í°°ƒß¿Ì…≥£©","Minty Spire (QoL Compilation)","Quick Restart","Remilia£®¿Ÿ√◊¿Ú—«£©","Replay The Spire","StSLib","The Bug Knight","The Cursed","The Runesmith","The Servant 0.9.4"],"gold_per_floor":[114,64,64,80,80,80,92,125,125,125,158,168,180,180,180,275,275,256,135,153,14,81,93,138,150,186,209,253,281,308,235,256,378,449,475,503,515,542,554,566,621,120,145,175,184,205,205,70,70,70],"floor_reached":51,"language":"ZHS","playtime":1623,"items_purged":["Strike_R"],"score":1175,"play_id":"46f8cbc9-f19b-40d6-9468-72bd7db7388b","local_time":"20210114195009","is_ascension_mode":true,"campfire_choices":[{"data":"Heavy Blade","floor":6.0,"key":"SMITH"},{"data":"Demon Form","floor":10.0,"key":"SMITH"},{"data":"Bash","floor":15.0,"key":"SMITH"},{"floor":23.0,"key":"REST"},{"floor":32.0,"key":"REST"},{"floor":40.0,"key":"REST"},{"floor":45.0,"key":"REST"},{"data":"Limit Break","floor":47.0,"key":"SMITH"}],"circlet_count":0,"master_deck":["Defend_R","Defend_R","Defend_R","Bash+1","Heavy Blade+1","Whirlwind+1","Demon Form+1","Twin Strike","Demon Form","Heavy Blade","Flex","Sword Boomerang+1","Offering","ReplayTheSpireMod:Stacked","Armaments","Rage+1","Feed","Flex","Limit Break+1","Flash of Steel","Rage","Inflame","Warcry+1","expansioncontent:DonusPower"],"relics":["Burning Blood","NeowsBlessing","Ring of Fury","Letter Opener","Singing Bowl","White Beast Statue","Empty Cage","MawBank","Replay:Ringing Soul","Dream Catcher","Mirror","CeramicFish","Tiny House","Chameleon Ring","Oddly Smooth Stone","Replay:Mystery Machine","Akabeko","Calipers"],"acts_visited":["Exordium","TheCity","TheBeyond"],"potions_floor_usage":[50,50,50],"damage_taken":[{"damage":0.0,"enemies":"2 Louse","floor":1.0,"turns":1.0},{"damage":0.0,"enemies":"Cultist","floor":4.0,"turns":1.0},{"damage":0.0,"enemies":"Small Slimes","floor":7.0,"turns":1.0},{"damage":8.0,"enemies":"HollowMod:MossKnight","floor":8.0,"turns":3.0},{"damage":11.0,"enemies":"Replay:BlueRogue","floor":11.0,"turns":4.0},{"damage":0.0,"enemies":"2 Fungi Beasts","floor":12.0,"turns":2.0},{"damage":20.0,"enemies":"Exordium Wildlife","floor":13.0,"turns":3.0},{"damage":0.0,"enemies":"Fading Forest","floor":16.0,"turns":10.0},{"damage":36.0,"enemies":"2 Thieves","floor":18.0,"turns":4.0},{"damage":12.0,"enemies":"Chosen","floor":20.0,"turns":3.0},{"damage":24.0,"enemies":"Replay:Snechameleon","floor":24.0,"turns":3.0},{"damage":26.0,"enemies":"Centurion and Healer","floor":27.0,"turns":5.0},{"damage":9.0,"enemies":"Slavers","floor":28.0,"turns":3.0},{"damage":8.0,"enemies":"Cultist and Chosen","floor":29.0,"turns":4.0},{"damage":41.0,"enemies":"Shelled Parasite and Fungi","floor":30.0,"turns":4.0},{"damage":39.0,"enemies":"Collector","floor":33.0,"turns":6.0},{"damage":29.0,"enemies":"Orb Walker","floor":35.0,"turns":3.0},{"damage":21.0,"enemies":"3 Shapes","floor":36.0,"turns":6.0},{"damage":18.0,"enemies":"Maw","floor":38.0,"turns":6.0},{"damage":23.0,"enemies":"Reptomancer","floor":41.0,"turns":3.0},{"damage":25.0,"enemies":"Giant Head","floor":44.0,"turns":5.0},{"damage":13.0,"enemies":"Spire Growth","floor":46.0,"turns":3.0},{"damage":107,"enemies":"Donu and Deca","floor":50,"turns":6}],"seed_played":"-1191249743107502967","potions_obtained":[{"floor":4.0,"key":"SpeedPotion"},{"floor":12.0,"key":"AttackPotion"},{"floor":13.0,"key":"BloodPotion"},{"floor":16.0,"key":"DistilledChaos"},{"floor":18.0,"key":"Adrenaline Potion"},{"floor":20.0,"key":"Explosive Potion"},{"floor":28.0,"key":"BlessingOfTheForge"},{"floor":29.0,"key":"Strength Potion"},{"floor":30.0,"key":"Guardian:BlockOnCardUsePotion"},{"floor":33.0,"key":"Fruit Juice"},{"floor":34.0,"key":"BlessingOfTheForge"},{"floor":35.0,"key":"Weak Potion"},{"floor":36.0,"key":"SneckoOil"},{"floor":38.0,"key":"PowerPotion"},{"floor":41.0,"key":"BlessingOfTheForge"},{"floor":44.0,"key":"SteroidPotion"},{"floor":46.0,"key":"BlessingOfTheForge"}],"is_trial":false,"path_per_floor":["M","?","?","M","?","R","M","E","T","R","E","M","M","?","R","B",null,"M","$","M","$","?","R","E","?","T","M","E","M","M","?","R","B",null,"M","M","?","M","?","R","E","$","T","E","R","M","R","$","R","B",null],"character_chosen":"IRONCLAD","items_purchased":["Flex","Offering","Flash of Steel","Oddly Smooth Stone","Rage","Strength Potion","AttackPotion","Replay:Mystery Machine","expansioncontent:DonusPower","BloodPotion"],"campfire_rested":4,"item_purchase_floors":[19,21,42,42,42,42,42,42,48,48],"current_hp_per_floor":[78,78,78,80,80,80,80,78,78,78,75,83,69,69,69,83,84,54,54,48,48,50,75,60,60,60,42,41,41,28,28,60,30,99,78,68,68,58,58,97,83,86,86,69,112,111,111,114,150,94],"gold":70,"neow_bonus":"THREE_ENEMY_KILL","is_daily":false,"chose_seed":false,"campfire_upgraded":4,"win_rate":0.0,"timestamp":1610625009,"path_taken":["M","?","?","?","?","R","M","E","T","R","E","M","M","?","R","BOSS","M","$","M","$","?","R","E","?","T","M","E","M","?","?","R","BOSS","M","M","?","?","?","R","E","$","T","E","R","M","R","?","R","BOSS"],"items_purchased_type":["Card","Card","Card","Relic","Card","Potion","Potion","Relic","Card","Potion"],"build_version":"2020-12-22","purchased_purges":1,"victory":true,"max_hp_per_floor":[80,80,80,80,80,80,80,80,80,80,82,84,84,84,84,84,84,84,84,84,84,86,86,89,89,89,91,93,95,98,98,101,104,117,119,124,124,126,126,128,131,134,134,136,139,145,145,148,150,150],"card_choices":[{"not_picked":["ReplayTheSpireMod:Strike From Hell","Shrug It Off"],"picked":"Heavy Blade","floor":1.0},{"not_picked":["Shrug It Off","Clothesline"],"picked":"Whirlwind","floor":4.0},{"not_picked":["Clothesline","Run Through","Second Wind"],"picked":"SKIP","floor":7.0},{"not_picked":["ReplayTheSpireMod:Strike From Hell","Fire Breathing"],"picked":"Demon Form","floor":8.0},{"not_picked":["Second Wind","Seeing Red","Exhume"],"picked":"Singing Bowl","floor":11.0},{"not_picked":["Ghostly Armor","True Grit","Anger"],"picked":"Singing Bowl","floor":12.0},{"not_picked":["Fire Breathing","Seeing Red"],"picked":"Twin Strike","floor":13.0},{"not_picked":["Juggernaut","Immolate"],"picked":"Demon Form","floor":16.0},{"not_picked":["ReplayTheSpireMod:Corrosion Curse+1","Pummel+1"],"picked":"Heavy Blade","floor":18.0},{"not_picked":["Abandon+1","Run Through"],"picked":"Sword Boomerang+1","floor":20.0},{"not_picked":["Life Link+1","Fire Breathing+1","Run Through"],"picked":"Singing Bowl","floor":22.0},{"not_picked":["Replay:Undeath\u0027s Touch","Thunderclap"],"picked":"ReplayTheSpireMod:Stacked","floor":24.0},{"not_picked":["Iron Wave","Run Through","Clash+1"],"picked":"Singing Bowl","floor":27.0},{"not_picked":["Brutality","Perfected Strike+1","Life Link"],"picked":"Singing Bowl","floor":28.0},{"not_picked":["Iron Wave","Shockwave","ReplayTheSpireMod:Strike From Hell"],"picked":"Singing Bowl","floor":29.0},{"not_picked":["ReplayTheSpireMod:Limb From Limb","ReplayTheSpireMod:Corrosion Curse"],"picked":"Armaments","floor":30.0},{"not_picked":["Cleave","Twin Strike+1"],"picked":"Rage","floor":32.0},{"not_picked":["Hemogenesis","Corruption"],"picked":"Feed","floor":33.0},{"not_picked":["Heavy Blade","Cleave"],"picked":"Flex","floor":34.0},{"not_picked":["Replay:Undeath\u0027s Touch","Uppercut","Battle Trance"],"picked":"Singing Bowl","floor":35.0},{"not_picked":["Uppercut","ReplayTheSpireMod:Strike From Hell","Fire Breathing"],"picked":"Singing Bowl","floor":36.0},{"not_picked":["ReplayTheSpireMod:LeadingStrike+1","Anger","Headbutt+1"],"picked":"Singing Bowl","floor":38.0},{"not_picked":["Body Slam","Power Through+1","Disarm"],"picked":"Singing Bowl","floor":40.0},{"not_picked":["Pommel Strike","Battle Trance+1"],"picked":"Limit Break","floor":41.0},{"not_picked":["Headbutt+1","Dual Wield","Iron Wave"],"picked":"Singing Bowl","floor":44.0},{"not_picked":["Twin Strike+1","Shrug It Off"],"picked":"Inflame","floor":45.0},{"not_picked":["True Grit","Rupture+1"],"picked":"Warcry+1","floor":46.0},{"not_picked":["Clothesline+1","Body Slam+1","Twin Strike"],"picked":"Singing Bowl","floor":49.0}],"player_experience":291259,"relics_obtained":[{"floor":5.0,"key":"Ring of Fury"},{"floor":8.0,"key":"Letter Opener"},{"floor":9.0,"key":"Singing Bowl"},{"floor":11.0,"key":"White Beast Statue"},{"floor":22.0,"key":"MawBank"},{"floor":24.0,"key":"Replay:Ringing Soul"},{"floor":26.0,"key":"Dream Catcher"},{"floor":28.0,"key":"Mirror"},{"floor":41.0,"key":"Chameleon Ring"},{"floor":43.0,"key":"Akabeko"},{"floor":44.0,"key":"Calipers"}],"event_choices":[{"cards_removed":["Strike_R"],"damage_healed":0.0,"max_hp_gain":0.0,"max_hp_loss":0.0,"gold_gain":0.0,"event_name":"The Cleric","player_choice":"Card Removal","floor":2.0,"gold_loss":50.0,"damage_taken":0.0},{"cards_removed":["Defend_R"],"damage_healed":0.0,"max_hp_gain":0.0,"max_hp_loss":0.0,"gold_gain":0.0,"event_name":"Bonfire Elementals","player_choice":"Offered Basic","floor":3.0,"gold_loss":0.0,"damage_taken":0.0},{"damage_healed":0.0,"max_hp_gain":0.0,"max_hp_loss":0.0,"gold_gain":0.0,"event_name":"Liars Game","player_choice":"Ignored","floor":14.0,"gold_loss":0.0,"damage_taken":0.0},{"cards_removed":["Strike_R"],"damage_healed":0.0,"max_hp_gain":0.0,"max_hp_loss":0.0,"gold_gain":0.0,"event_name":"Purifier","player_choice":"Purged","floor":25.0,"gold_loss":0.0,"damage_taken":0.0},{"damage_healed":0.0,"max_hp_gain":0.0,"max_hp_loss":0.0,"gold_gain":0.0,"event_name":"Addict","player_choice":"Obtained Relic","floor":31.0,"gold_loss":85.0,"damage_taken":0.0,"relics_obtained":["CeramicFish"]},{"damage_healed":0.0,"max_hp_gain":0.0,"max_hp_loss":0.0,"gold_gain":0.0,"event_name":"SecretPortal","player_choice":"Ignored","floor":37.0,"gold_loss":0.0,"damage_taken":0.0},{"damage_healed":0.0,"max_hp_gain":0.0,"max_hp_loss":0.0,"gold_gain":0.0,"event_name":"Tomb of Lord Red Mask","player_choice":"Ignored","floor":39.0,"gold_loss":0.0,"damage_taken":0.0}],"is_beta":false,"boss_relics":[{"not_picked":["Pandora\u0027s Box","Snecko Eye"],"picked":"Empty Cage"},{"not_picked":["Replay:Bronze Core","Cursed Key"],"picked":"Tiny House"}],"items_purged_floors":[19],"is_endless":false,"potions_floor_spawned":[4,12,13,16,18,20,24,27,28,29,30,33,35,36,38,41,44,46],"ascension_level":7}}