{"host":"zdhcon9z6t4xbcdl","time":1610642800,"event":{"mods":["BaseMod","Minty Spire (QoL Compilation)"],"gold_per_floor":[114,129,144,159,39,69,84,99,124,124,139,139,14,29,29,129,129,144,159,174,189,94,94,109,109,134,134,149,0,0,30,30,30,30],"floor_reached":33,"language":"ENG","playtime":1853,"items_purged":["Prepared","Prepared"],"score":423,"play_id":"144079c7-c0bf-4297-9878-60f5822c885a","local_time":"20210114164640","daily_mods":["Insanity","Uncertain Future","Binary"],"is_ascension_mode":false,"campfire_choices":[{"floor":12,"key":"REST"},{"floor":15,"key":"REST"},{"floor":23,"key":"REST"},{"floor":27,"key":"REST"},{"floor":32,"key":"REST"}],"circlet_count":0,"master_deck":["Dash","Sucker Punch","Accuracy","Distraction","Deadly Poison","Terror","Poisoned Stab","Distraction","Backstab","Blade Dance","Dagger Throw","Dodge and Roll","Crippling Poison","Acrobatics","Distraction","Dash","Skewer","Expertise","Deflect","Heel Hook","Deadly Poison","Deflect","Acrobatics","PiercingWail","Dodge and Roll","Distraction","Dodge and Roll","Cloak And Dagger","Outmaneuver","Leg Sweep","Bane+1","Catalyst","Blade Dance","Flying Knee","Acrobatics","All Out Attack","Backflip","Reflex","Predator","Dagger Spray","Catalyst","Slice","Tactician","Eviscerate","PiercingWail","Well Laid Plans","Deadly Poison","Blade Dance","PiercingWail","Blade Dance","Slice+1","PiercingWail","Blade Dance","Deadly Poison+1","Deflect","Bandage Up","Blade Dance+1","Infinite Blades"],"relics":["Ring of the Snake","Regal Pillow","Oddly Smooth Stone","SacredBark","Whetstone","Smiling Mask"],"acts_visited":["Exordium","TheCity"],"potions_floor_usage":[20,24,24,24,33],"damage_taken":[{"damage":4,"enemies":"Cultist","floor":1,"turns":3},{"damage":0,"enemies":"2 Louse","floor":2,"turns":1},{"damage":8,"enemies":"Small Slimes","floor":3,"turns":2},{"damage":2,"enemies":"Blue Slaver","floor":4,"turns":4},{"damage":18,"enemies":"Lagavulin","floor":6,"turns":3},{"damage":6,"enemies":"3 Louse","floor":7,"turns":2},{"damage":16,"enemies":"Gremlin Gang","floor":8,"turns":4},{"damage":13,"enemies":"Red Slaver","floor":11,"turns":2},{"damage":12,"enemies":"Blue Slaver","floor":14,"turns":3},{"damage":8,"enemies":"Slime Boss","floor":16,"turns":8},{"damage":6,"enemies":"Chosen","floor":18,"turns":4},{"damage":7,"enemies":"2 Thieves","floor":19,"turns":4},{"damage":24,"enemies":"Centurion and Healer","floor":20,"turns":5},{"damage":32,"enemies":"Snake Plant","floor":21,"turns":4},{"damage":36,"enemies":"Sentry and Sphere","floor":24,"turns":8},{"damage":4,"enemies":"Snecko","floor":28,"turns":4},{"damage":36,"enemies":"Slavers","floor":31,"turns":6},{"damage":47,"enemies":"Champ","floor":33,"turns":9}],"seed_played":"-4891952413640654339","potions_obtained":[{"floor":1,"key":"Dexterity Potion"},{"floor":2,"key":"SteroidPotion"},{"floor":4,"key":"Poison Potion"},{"floor":11,"key":"SkillPotion"},{"floor":20,"key":"PowerPotion"},{"floor":31,"key":"Block Potion"}],"is_trial":false,"path_per_floor":["M","M","M","M","$","E","M","M","T","?","M","R","$","M","R","B",null,"M","M","M","M","$","R","M","?","T","R","M","?","?","E","R","B"],"character_chosen":"THE_SILENT","items_purchased":["Slice","Blade Dance","Bandage Up"],"campfire_rested":5,"item_purchase_floors":[5,13,22],"current_hp_per_floor":[66,66,58,56,56,38,32,16,16,16,3,39,39,27,63,55,70,64,57,33,1,1,37,5,5,5,41,37,37,37,1,37,0,0],"gold":30,"neow_bonus":"","is_daily":true,"chose_seed":false,"campfire_upgraded":0,"win_rate":0.0,"timestamp":1610642800,"path_taken":["M","M","M","?","?","E","M","M","T","?","M","R","$","M","R","BOSS","M","M","M","M","$","R","M","?","T","R","M","?","?","E","R","BOSS"],"items_purchased_type":["Card","Card","Card"],"build_version":"2020-12-22","purchased_purges":2,"victory":false,"max_hp_per_floor":[70,70,70,70,70,70,70,70,70,70,70,70,70,70,70,70,70,70,70,70,70,70,70,70,70,70,70,70,70,70,70,70,70,70],"card_choices":[{"not_picked":["Dodge and Roll"],"picked":"Blade Dance","floor":1},{"not_picked":["Sucker Punch"],"picked":"PiercingWail","floor":2},{"not_picked":["Acrobatics","Underhanded Strike"],"picked":"SKIP","floor":3},{"not_picked":["Flying Knee"],"picked":"Blade Dance","floor":4},{"not_picked":["Finisher"],"picked":"PiercingWail","floor":6},{"not_picked":["Dagger Throw","Crippling Poison"],"picked":"SKIP","floor":7},{"not_picked":["Adrenaline","Prepared"],"picked":"SKIP","floor":8},{"not_picked":["Calculated Gamble","Cloak And Dagger"],"picked":"SKIP","floor":11},{"not_picked":["Prepared","Calculated Gamble"],"picked":"SKIP","floor":14},{"not_picked":["Sucker Punch+1"],"picked":"Deadly Poison+1","floor":18},{"not_picked":["Outmaneuver","Unload"],"picked":"SKIP","floor":19},{"not_picked":["Sucker Punch","Prepared"],"picked":"SKIP","floor":20},{"not_picked":["Dodge and Roll"],"picked":"Deflect","floor":21},{"not_picked":["Flying Knee"],"picked":"Blade Dance+1","floor":24},{"not_picked":["Flying Knee"],"picked":"Infinite Blades","floor":28},{"not_picked":["Dagger Throw","Prepared"],"picked":"SKIP","floor":31}],"player_experience":59618,"relics_obtained":[{"floor":6,"key":"Regal Pillow"},{"floor":9,"key":"Oddly Smooth Stone"},{"floor":26,"key":"Whetstone"},{"floor":31,"key":"Smiling Mask"}],"event_choices":[{"damage_healed":0,"gold_gain":0,"player_choice":"Fled","damage_taken":0,"max_hp_gain":0,"max_hp_loss":0,"event_name":"Scrap Ooze","floor":10,"gold_loss":0},{"damage_healed":0,"gold_gain":0,"player_choice":"Ignored","damage_taken":0,"max_hp_gain":0,"max_hp_loss":0,"event_name":"The Mausoleum","floor":25,"gold_loss":0},{"damage_healed":0,"gold_gain":0,"player_choice":"Paid Fearfully","damage_taken":0,"max_hp_gain":0,"max_hp_loss":0,"event_name":"Masked Bandits","floor":29,"gold_loss":149},{"cards_removed":["Concentrate"],"damage_healed":0,"gold_gain":0,"player_choice":"Purged","damage_taken":0,"max_hp_gain":0,"max_hp_loss":0,"event_name":"Purifier","floor":30,"gold_loss":0}],"is_beta":false,"boss_relics":[{"not_picked":["Sozu","Ectoplasm"],"picked":"SacredBark"}],"items_purged_floors":[5,13],"is_endless":false,"potions_floor_spawned":[1,2,4,7,11,16,20,21,31],"killed_by":"Champ","ascension_level":0}}