{"host":"6h0diz2ap0m56grs","time":1610591660,"event":{"mods":["2.2 Compatiblity","BaseMod","Colored Map","Marisa????????","Minty Spire (QoL Compilation)","Quick Restart","Replay The Spire","Shop Mod","StSLib","The Servant 0.9.4"],"gold_per_floor":[115,115,115,115,132,162,196,40,40,40,40,72,104,137,137,239,239,254,273,311,311,311,311],"floor_reached":22,"language":"ENG","playtime":570,"items_purged":[],"score":334,"play_id":"f1ead31e-b83f-4488-8f42-95ffd8e2f84f","local_time":"20210113203420","daily_mods":["SealedDeck","Heirloom","Time Dilation","Flight"],"is_ascension_mode":true,"campfire_choices":[{"data":"SprinkleStarSeal","floor":10,"key":"SMITH"},{"data":"MilkyWay","floor":11,"key":"SMITH"},{"data":"MilkyWay","floor":15,"key":"SMITH"}],"circlet_count":0,"master_deck":["UnstableBomb","AlicesGift","MilkyWay+1","MilkyWay+1","DragonMeteor","SprinkleStarSeal+1","MeteoricShower","GasGiant","GasGiant","WitchLeyline","6A","SuperNova"],"relics":["MiniHakkero","replay:Trail_Library","Torii","Letter Opener","Lantern","Replay:Wax Seal","Boot","Velvet Choker","MerchantsRug"],"acts_visited":["Exordium","TheCity"],"potions_floor_usage":[],"damage_taken":[{"damage":0,"enemies":"Cultist","floor":1,"turns":1},{"damage":0,"enemies":"Jaw Worm","floor":5,"turns":2},{"damage":1,"enemies":"Gremlin Nob","floor":6,"turns":3},{"damage":0,"enemies":"Lagavulin","floor":7,"turns":4},{"damage":0,"enemies":"3 Sentries","floor":12,"turns":4},{"damage":0,"enemies":"Lagavulin","floor":13,"turns":3},{"damage":0,"enemies":"Gremlin Nob","floor":14,"turns":2},{"damage":2,"enemies":"Hexaghost","floor":16,"turns":5},{"damage":0,"enemies":"Chosen","floor":18,"turns":2},{"damage":0,"enemies":"Spheric Guardian","floor":19,"turns":3},{"damage":0,"enemies":"Masked Bandits","floor":22,"turns":1}],"seed_played":"5012955305321336103","potions_obtained":[{"floor":1,"key":"Venom Potion"},{"floor":12,"key":"ShroomBrew"},{"floor":16,"key":"FearPotion"},{"floor":19,"key":"EssenceOfSteel"}],"is_trial":true,"path_per_floor":["M","?","?","?","M","E","E","$","T","R","R","E","E","E","R","B",null,"M","M","$","?","?"],"character_chosen":"MARISA","items_purchased":["Lantern","MerchantsRug"],"campfire_rested":0,"item_purchase_floors":[8,20],"current_hp_per_floor":[75,75,80,80,80,79,79,79,79,79,79,79,79,79,79,77,80,80,80,80,80,80,80],"gold":311,"neow_bonus":"","is_daily":false,"chose_seed":false,"campfire_upgraded":3,"win_rate":0.0,"timestamp":1610591660,"path_taken":["M","?","?","?","?","E","E","?","T","R","R","E","E","E","R","BOSS","M","M","$","?","?"],"items_purchased_type":["Relic","Relic"],"build_version":"2020-12-22","purchased_purges":0,"victory":false,"max_hp_per_floor":[75,75,80,80,80,80,80,80,80,80,80,80,80,80,80,80,80,80,80,80,80,80,80],"card_choices":[{"not_picked":["MysteriousBeam","Singularity","AsteroidBelt"],"picked":"SKIP","floor":1},{"not_picked":["ShootingEcho","MysteriousBeam","FairyDestructionRay"],"picked":"SKIP","floor":5},{"not_picked":["AbsoluteMagnitude","ShootingEcho","WitchOfGreed"],"picked":"SKIP","floor":6},{"not_picked":["IllusionStar","Acceleration","ShootingEcho"],"picked":"SKIP","floor":7},{"not_picked":["StarBarrage","MysteriousBeam","MagicAbsorber"],"picked":"SKIP","floor":12},{"not_picked":["OpenUniverse","ShootTheMoon","EarthLightRay"],"picked":"SKIP","floor":13},{"not_picked":["FairyDestructionRay","BigCrunch","ShootingEcho"],"picked":"SKIP","floor":14},{"not_picked":["MillisecondPulsars","UltimateShortwave"],"picked":"SuperNova","floor":16},{"not_picked":["ChargeUpSpray","SporeBomb+1","WitchOfGreed"],"picked":"SKIP","floor":18},{"not_picked":["StarBarrage+1","MagicAbsorber+1","LuminesStrike"],"picked":"SKIP","floor":19}],"player_experience":174129,"relics_obtained":[{"floor":6,"key":"Letter Opener"},{"floor":7,"key":"Lizard Tail"},{"floor":9,"key":"Girya"},{"floor":12,"key":"Replay:Wax Seal"},{"floor":13,"key":"Regal Pillow"},{"floor":14,"key":"Boot"}],"event_choices":[{"damage_healed":0,"gold_gain":0,"player_choice":"Leave","damage_taken":0,"max_hp_gain":0,"max_hp_loss":0,"event_name":"The Cleric","floor":2,"gold_loss":0},{"damage_healed":0,"gold_gain":0,"player_choice":"Donut","damage_taken":0,"max_hp_gain":5,"max_hp_loss":0,"event_name":"Big Fish","floor":3,"gold_loss":0},{"damage_healed":0,"gold_gain":0,"player_choice":"Ignored","damage_taken":0,"max_hp_gain":0,"max_hp_loss":0,"event_name":"Transmorgrifier","floor":4,"gold_loss":0},{"damage_healed":0,"gold_gain":0,"player_choice":"Ignored","damage_taken":0,"max_hp_gain":0,"max_hp_loss":0,"event_name":"Ghosts","floor":21,"gold_loss":0},{"damage_healed":0,"gold_gain":0,"player_choice":"Fought Bandits","damage_taken":0,"max_hp_gain":0,"max_hp_loss":0,"event_name":"Masked Bandits","floor":22,"gold_loss":0}],"is_beta":false,"boss_relics":[{"not_picked":["Tiny House","Cursed Key"],"picked":"Velvet Choker"}],"items_purged_floors":[],"is_endless":false,"potions_floor_spawned":[1,12,16,18,19],"killed_by":"Masked Bandits","ascension_level":1}}