{"host":"yz8d1p0qpu6jeq54","time":1610647957,"event":{"mods":["BaseMod","Marisa£®ÏF”Í°°ƒß¿Ì…≥£©","Minty Spire (QoL Compilation)","Prisma Mod","Reimu£®≤©¿ˆ¡È√Œ£©","Remilia£®¿Ÿ√◊¿Ú—«£©","Replay The Spire","StSLib","The Cursed","The Gatherer","The Hierophant","The Servant 0.9.4","Waifu the Spire","Youmu£®ªÍ∆«—˝√Œ£©","Yuri Mod","Yuyuko"],"gold_per_floor":[111,127,127,140,157,183,199,226,279,279,293,72,72,86,86,188,288,300,312,322,19,19,19,53,53,79,106,119,199,209,228,228,248,248],"floor_reached":33,"language":"ZHS","playtime":2028,"items_purged":["PrismaMod:IllyaDetonatingBlow","PrismaMod:IllyaCommonAttack"],"score":383,"play_id":"60488d9c-e548-4d15-921a-90746d641cab","local_time":"20210115021237","is_ascension_mode":false,"campfire_choices":[{"data":"PrismaMod:IllyaUberChannel","floor":10,"key":"SMITH"},{"data":"PrismaMod:IllyaUncommonDefend","floor":13,"key":"SMITH"},{"data":"PrismaMod:IllyaUberChannel","floor":15,"key":"SMITH"},{"data":"PrismaMod:IllyaGrail","floor":23,"key":"SMITH"},{"data":"PrismaMod:IllyaZwei","floor":32,"key":"SMITH"}],"circlet_count":0,"master_deck":["PrismaMod:IllyaCommonDefend","PrismaMod:IllyaCommonAttack","PrismaMod:IllyaCommonDefend","PrismaMod:IllyaCommonAttack","PrismaMod:IllyaCommonAttack","PrismaMod:IllyaCommonDefend","PrismaMod:IllyaCommonAttack","PrismaMod:IllyaCommonDefend","PrismaMod:IllyaUncommonAttack","PrismaMod:IllyaUncommonDefend+1","PrismaMod:IllyaInstallRuler","PrismaMod:IllyaCommandSeal","PrismaMod:IllyaBride","PrismaMod:IllyaUberChannel+1","PrismaMod:IllyaUberChannel+1","PrismaMod:IllyaCommandSeal","PrismaMod:IllyaInstallMoonCancer","PrismaMod:IllyaCarnivalPrismaAstolfo","PrismaMod:IllyaGrail+1","PrismaMod:IllyaGrail","PrismaMod:IllyaZwei+1","PrismaMod:IllyaGrail"],"relics":["PrismaMod:PrismaRuby","Happy Flower","CrazyTorch:ReiMu","PreservedInsect","Replay:Wanted Poster","Sling","Bottled Lightning","Pantograph"],"acts_visited":["Exordium","TheCity"],"potions_floor_usage":[6,17,20,28],"damage_taken":[{"damage":0,"enemies":"2 Louse","floor":1,"turns":3},{"damage":0,"enemies":"Cultist","floor":2,"turns":3},{"damage":0,"enemies":"Small Slimes","floor":4,"turns":6},{"damage":8,"enemies":"Blue Slaver","floor":5,"turns":4},{"damage":17,"enemies":"Lagavulin","floor":6,"turns":7},{"damage":14,"enemies":"Looter","floor":7,"turns":3},{"damage":1,"enemies":"Replay:BlueRogue","floor":8,"turns":6},{"damage":0,"enemies":"3 Louse","floor":11,"turns":2},{"damage":0,"enemies":"2 Fungi Beasts","floor":14,"turns":3},{"damage":0,"enemies":"The Guardian","floor":16,"turns":10},{"damage":2,"enemies":"Spheric Guardian","floor":18,"turns":1},{"damage":1,"enemies":"3 Byrds","floor":19,"turns":7},{"damage":14,"enemies":"3 Cultists","floor":20,"turns":6},{"damage":0,"enemies":"Sentry and Sphere","floor":24,"turns":6},{"damage":0,"enemies":"Book of Stabbing","floor":27,"turns":3},{"damage":0,"enemies":"Centurion and Healer","floor":28,"turns":4},{"damage":4,"enemies":"Cultist and Chosen","floor":30,"turns":2},{"damage":1,"enemies":"Snake Plant","floor":31,"turns":2},{"damage":0,"enemies":"Pondfish","floor":33,"turns":3}],"seed_played":"6433985910242649920","potions_obtained":[{"floor":1,"key":"Explosive Potion"},{"floor":2,"key":"Weak Potion"},{"floor":11,"key":"Fruit Juice"},{"floor":14,"key":"Swift Potion"},{"floor":20,"key":"Dexterity Potion"},{"floor":27,"key":"Weak Potion"},{"floor":31,"key":"Energy Potion"}],"is_trial":false,"path_per_floor":["M","M","?","M","M","E","M","E","T","R","M","$","R","M","R","B",null,"M","M","M","$","?","R","M","?","T","E","M","T","M","M","R","B"],"character_chosen":"ILLYA","items_purchased":["PrismaMod:IllyaInstallMoonCancer","PrismaMod:IllyaGrail","Sling"],"campfire_rested":0,"item_purchase_floors":[12,21,21],"current_hp_per_floor":[68,68,68,68,60,46,35,37,37,37,37,37,37,43,43,49,73,71,75,66,66,66,66,72,72,72,75,77,77,74,78,78,79,79],"gold":248,"neow_bonus":"THREE_RARE_CARDS","is_daily":false,"chose_seed":false,"campfire_upgraded":5,"win_rate":0.0,"timestamp":1610647957,"path_taken":["M","M","?","M","?","E","M","E","T","R","M","$","R","M","R","BOSS","M","M","M","$","?","R","M","?","T","E","M","?","M","M","R","BOSS"],"items_purchased_type":["Card","Card","Relic"],"build_version":"2020-12-22","purchased_purges":2,"victory":false,"max_hp_per_floor":[68,68,68,68,68,68,68,68,68,68,68,68,68,68,68,68,73,73,75,77,77,77,77,77,77,77,77,77,77,77,79,79,79,79],"card_choices":[{"not_picked":["PrismaMod:IllyaZwei","PrismaMod:IllyaInstallAlterEgo"],"picked":"PrismaMod:IllyaInstallRuler","floor":0},{"not_picked":["PrismaMod:IllyaCheapChannelPoison","PrismaMod:IllyaTestament"],"picked":"PrismaMod:IllyaCommandSeal","floor":1},{"not_picked":["PrismaMod:IllyaCheapChannelAttack","PrismaMod:IllyaBoysLove"],"picked":"PrismaMod:IllyaBride","floor":2},{"not_picked":["PrismaMod:IllyaFriendMaker","PrismaMod:IllyaUncommonEvoke"],"picked":"PrismaMod:IllyaUberChannel","floor":4},{"not_picked":["PrismaMod:IllyaCheapChannelDefend","PrismaMod:IllyaGrailKun","PrismaMod:IllyaBoysLove"],"picked":"SKIP","floor":5},{"not_picked":["PrismaMod:IllyaAOECommonAttack","PrismaMod:IllyaPoisonTippedWeapons"],"picked":"PrismaMod:IllyaDetonatingBlow","floor":6},{"not_picked":["PrismaMod:IllyaUberPoisonBlock","PrismaMod:IllyaDetonatingBlow","PrismaMod:IllyaPartialInstallAssassin"],"picked":"SKIP","floor":7},{"not_picked":["PrismaMod:IllyaEvokeAll","PrismaMod:IllyaGrailKun"],"picked":"PrismaMod:IllyaUberChannel","floor":8},{"not_picked":["PrismaMod:IllyaUpgradeOrbs","PrismaMod:IllyaFriendMaker"],"picked":"PrismaMod:IllyaCommandSeal","floor":11},{"not_picked":["PrismaMod:IllyaHassanGift","PrismaMod:IllyaUberChannel","PrismaMod:IllyaStunPoison"],"picked":"SKIP","floor":14},{"not_picked":["PrismaMod:IllyaCarnivalDefend","PrismaMod:IllyaInstallShielder"],"picked":"PrismaMod:IllyaCarnivalPrismaAstolfo","floor":16},{"not_picked":["PrismaMod:IllyaUpgradeOrbs","PrismaMod:IllyaCheapAttack","PrismaMod:IllyaHassanGift+1"],"picked":"SKIP","floor":18},{"not_picked":["PrismaMod:IllyaGun","PrismaMod:IllyaBride","PrismaMod:IllyaRubysPotion"],"picked":"SKIP","floor":19},{"not_picked":["PrismaMod:IllyaBride","PrismaMod:IllyaPoisoningPhantasm","PrismaMod:IllyaGun"],"picked":"SKIP","floor":20},{"not_picked":["PrismaMod:IllyaFriendMaker","PrismaMod:IllyaRussianRoulette","PrismaMod:IllyaRapidFire"],"picked":"SKIP","floor":24},{"not_picked":["PrismaMod:IllyaUncommonEvoke+1","PrismaMod:IllyaBerserCAR+1"],"picked":"PrismaMod:IllyaZwei","floor":27},{"not_picked":["PrismaMod:IllyaRussianRoulette","PrismaMod:IllyaBoysLove"],"picked":"PrismaMod:IllyaGrail","floor":28},{"not_picked":["PrismaMod:IllyaMinorReinForce","PrismaMod:IllyaCommandSeal","PrismaMod:IllyaCheapAttack"],"picked":"SKIP","floor":30},{"not_picked":["PrismaMod:IllyaUncommonAttack","PrismaMod:IllyaMinorRapidFire+1","PrismaMod:IllyaPartialInstallAssassin"],"picked":"SKIP","floor":31}],"player_experience":460369,"relics_obtained":[{"floor":6,"key":"Happy Flower"},{"floor":8,"key":"CrazyTorch:ReiMu"},{"floor":9,"key":"PreservedInsect"},{"floor":27,"key":"Bottled Lightning"},{"floor":29,"key":"Pantograph"}],"event_choices":[{"cards_removed":["PrismaMod:IllyaCommonDefend"],"damage_healed":0,"gold_gain":0,"player_choice":"Offered Basic","damage_taken":0,"max_hp_gain":0,"max_hp_loss":0,"event_name":"Bonfire Elementals","floor":3,"gold_loss":0},{"damage_healed":0,"gold_gain":0,"player_choice":"Ignored","damage_taken":0,"max_hp_gain":0,"max_hp_loss":0,"event_name":"Ghosts","floor":25,"gold_loss":0}],"is_beta":false,"boss_relics":[{"not_picked":["Runic Pyramid","Snecko Eye"],"picked":"Replay:Wanted Poster"}],"items_purged_floors":[12,21],"is_endless":false,"potions_floor_spawned":[1,2,11,14,20,27,31],"killed_by":"Pondfish","ascension_level":0}}