{"host":"4qkvkh7pd9qr2mca","time":1610660346,"event":{"mods":["AchievementEnabler","Act Like it!","BaseMod","Colored Map","Colored Powertips","Highlight Path","Minty Spire (QoL Compilation)","Pale of the Ancients","Permanent Neow","Quick Restart","Relic Stats","StSLib","SuperFastMode"],"gold_per_floor":[114,131,150,168,183,213,213,240,293,327,327,338,356,374,374,452,452,469,486,498,176,196,207,122,122,169,199,199,199,37,49,49,123,123,135,150,163,163,177,177,196,224,224,224,253,253,283,283,283,283,283,303,318,278,278,278,278,278,92,92,92,92],"floor_reached":61,"language":"ENG","playtime":3634,"items_purged":["Normality","Strike_R"],"score":2294,"play_id":"3d660bfd-e37f-43f4-a233-853d338ddd5a","local_time":"20210114223906","is_ascension_mode":true,"campfire_choices":[{"floor":7.0,"key":"REST"},{"data":"Inflame","floor":15.0,"key":"SMITH"},{"floor":29.0,"key":"REST"},{"data":"Offering","floor":32.0,"key":"SMITH"},{"floor":40.0,"key":"REST"},{"floor":46.0,"key":"REST"},{"floor":49.0,"key":"REST"},{"floor":56.0,"key":"REST"},{"floor":58.0,"key":"RECALL"}],"circlet_count":0,"master_deck":["AscendersBane","Strike_R","Strike_R","Strike_R","Strike_R","Defend_R","Defend_R","Defend_R+1","Bash","Apotheosis+1","Shrug It Off","Body Slam","Disarm","Feel No Pain","Bludgeon","Power Through","Fiend Fire","Inflame+1","Shrug It Off","Iron Wave","Feed","Barricade","Flame Barrier","Combust","Dark Embrace","Reckless Charge","Warcry+1","Headbutt","Impervious","Offering+1","Fire Breathing+1","True Grit","Shrug It Off","Entrench","Corruption","Dual Wield+1","Sentinel","Shockwave+1","Intimidate","Writhe","Reaper+1","Power Through+1","Disarm+1","Uppercut+1","Writhe","Dark Embrace"],"relics":["Burning Blood","War Paint","Potion Belt","Pen Nib","Pear","Strawberry","Cursed Key","ClockworkSouvenir","Shuriken","Juzu Bracelet","Eternal Feather","Orrery","Fusion Hammer","Orichalcum","Akabeko","Molten Egg 2","Ice Cream","paleoftheancients:Timepiece","paleoftheancients:KeyRelic","Gremlin Horn","CultistMask","paleoftheancients:SoulOfTheShapes","Bag of Preparation"],"acts_visited":["Exordium","TheCity","TheBeyond","TheBeyond"],"potions_floor_usage":[61],"damage_taken":[{"damage":12.0,"enemies":"Small Slimes","floor":1.0,"turns":4.0},{"damage":5.0,"enemies":"2 Louse","floor":2.0,"turns":3.0},{"damage":0.0,"enemies":"Cultist","floor":3.0,"turns":4.0},{"damage":19.0,"enemies":"Large Slime","floor":4.0,"turns":7.0},{"damage":14.0,"enemies":"Looter","floor":5.0,"turns":4.0},{"damage":9.0,"enemies":"Gremlin Nob","floor":6.0,"turns":3.0},{"damage":21.0,"enemies":"3 Sentries","floor":8.0,"turns":13.0},{"damage":22.0,"enemies":"Lagavulin","floor":10.0,"turns":5.0},{"damage":0.0,"enemies":"3 Louse","floor":12.0,"turns":3.0},{"damage":0.0,"enemies":"Blue Slaver","floor":13.0,"turns":1.0},{"damage":1.0,"enemies":"Gremlin Gang","floor":14.0,"turns":4.0},{"damage":34.0,"enemies":"Hexaghost","floor":16.0,"turns":11.0},{"damage":2.0,"enemies":"Chosen","floor":18.0,"turns":6.0},{"damage":21.0,"enemies":"2 Thieves","floor":19.0,"turns":4.0},{"damage":7.0,"enemies":"Snecko","floor":20.0,"turns":8.0},{"damage":16.0,"enemies":"Centurion and Healer","floor":22.0,"turns":7.0},{"damage":14.0,"enemies":"3 Cultists","floor":23.0,"turns":5.0},{"damage":53.0,"enemies":"Slavers","floor":27.0,"turns":9.0},{"damage":5.0,"enemies":"Snake Plant","floor":31.0,"turns":6.0},{"damage":89.0,"enemies":"Collector","floor":33.0,"turns":12.0},{"damage":8.0,"enemies":"Orb Walker","floor":35.0,"turns":2.0},{"damage":44.0,"enemies":"3 Darklings","floor":36.0,"turns":5.0},{"damage":21.0,"enemies":"4 Shapes","floor":37.0,"turns":5.0},{"damage":10.0,"enemies":"Writhing Mass","floor":39.0,"turns":7.0},{"damage":6.0,"enemies":"Maw","floor":41.0,"turns":8.0},{"damage":64.0,"enemies":"Reptomancer","floor":42.0,"turns":6.0},{"damage":0.0,"enemies":"Nemesis","floor":45.0,"turns":9.0},{"damage":92.0,"enemies":"Reptomancer","floor":47.0,"turns":8.0},{"damage":18.0,"enemies":"Donu and Deca","floor":50.0,"turns":8.0},{"damage":15.0,"enemies":"Time Eater","floor":51.0,"turns":7.0},{"damage":14.0,"enemies":"Time Eater","floor":52.0,"turns":7.0},{"damage":45.0,"enemies":"Time Eater","floor":53.0,"turns":6.0},{"damage":114.0,"enemies":"Time Eater","floor":57.0,"turns":4.0},{"damage":176,"enemies":"paleoftheancients:N","floor":61,"turns":10}],"seed_played":"-8995482706441986789","potions_obtained":[{"floor":1.0,"key":"SteroidPotion"},{"floor":3.0,"key":"LiquidMemories"},{"floor":6.0,"key":"Regen Potion"},{"floor":12.0,"key":"AttackPotion"},{"floor":14.0,"key":"Ancient Potion"},{"floor":18.0,"key":"Energy Potion"},{"floor":20.0,"key":"Energy Potion"},{"floor":23.0,"key":"BloodPotion"},{"floor":33.0,"key":"PowerPotion"},{"floor":36.0,"key":"LiquidMemories"},{"floor":41.0,"key":"ElixirPotion"},{"floor":45.0,"key":"HeartOfIron"},{"floor":47.0,"key":"Ancient Potion"},{"floor":54.0,"key":"SkillPotion"},{"floor":54.0,"key":"ElixirPotion"},{"floor":54.0,"key":"Strength Potion"}],"is_trial":false,"path_per_floor":["M","M","M","M","M","E","R","E","T","E","?","M","M","M","R","B",null,"M","M","M","$","M","M","?","?","T","E","?","R","$","M","R","B",null,"M","M","M","?","M","R","M","E","T","?","E","R","E","?","R","B","B","M","M","?","T","R","M","R","$","?","B"],"character_chosen":"IRONCLAD","items_purchased":["Dark Embrace","ClockworkSouvenir","Orrery","Dark Embrace"],"campfire_rested":6,"item_purchase_floors":[21,21,30,59],"current_hp_per_floor":[62,63,69,56,48,45,67,67,67,61,63,69,75,80,80,52,82,90,75,74,74,68,60,60,60,60,33,33,81,81,82,100,17,79,77,43,31,31,27,80,80,22,22,22,28,82,16,16,70,78,97,99,91,91,91,102,102,102,102,102,0,0],"gold":92,"neow_bonus":"RANDOM_COLORLESS_2","is_daily":false,"chose_seed":false,"campfire_upgraded":2,"win_rate":0.0,"timestamp":1610660346,"path_taken":["M","M","M","M","M","E","R","E","T","E","?","M","M","M","R","BOSS","M","M","M","$","M","M","?","?","T","E","?","R","$","M","R","BOSS","M","M","M","?","M","R","M","E","T","?","E","R","E","?","R","BOSS","BOSS","M","M","?","T","R","M","R","$","?","BOSS"],"items_purchased_type":["Card","Relic","Relic","Card"],"build_version":"2020-12-22","purchased_purges":2,"victory":false,"max_hp_per_floor":[75,75,75,75,75,75,75,75,75,85,92,92,92,92,92,92,92,96,96,96,96,100,100,100,100,100,100,100,100,100,100,100,100,100,100,104,107,107,107,107,107,107,107,102,102,102,102,102,102,102,102,102,102,102,102,102,102,102,102,102,102,102],"relic_stats":{"Gremlin Horn":[7,7],"counters":[34,211],"Shuriken":[29],"Eternal Feather":116,"Pen Nib":[25],"Juzu Bracelet":1,"Bag of Preparation":[12],"War Paint":["Apotheosis","Defend_R"],"Orichalcum":[18],"Cursed Key":3,"obtain_stats":[{"Potion Belt":8,"Ice Cream":47,"paleoftheancients:KeyRelic":51,"Pear":10,"Gremlin Horn":51,"Eternal Feather":27,"Pen Nib":9,"Juzu Bracelet":26,"Bag of Preparation":55,"War Paint":6,"Orichalcum":42,"Cursed Key":17,"Burning Blood":0,"Akabeko":43,"paleoftheancients:SoulOfTheShapes":52,"ClockworkSouvenir":21,"paleoftheancients:Timepiece":51,"Shuriken":24,"Strawberry":11,"Orrery":30,"Molten Egg 2":45,"Fusion Hammer":34,"CultistMask":51},{"Potion Belt":7,"Ice Cream":28,"paleoftheancients:KeyRelic":30,"Pear":8,"Gremlin Horn":30,"Eternal Feather":18,"Pen Nib":7,"Juzu Bracelet":17,"Bag of Preparation":32,"War Paint":6,"Orichalcum":26,"Cursed Key":12,"Burning Blood":0,"Akabeko":26,"paleoftheancients:SoulOfTheShapes":31,"ClockworkSouvenir":15,"paleoftheancients:Timepiece":30,"Shuriken":17,"Strawberry":8,"Orrery":18,"Molten Egg 2":27,"Fusion Hammer":20,"CultistMask":30},{"Potion Belt":38,"Ice Cream":169,"paleoftheancients:KeyRelic":184,"Pear":43,"Gremlin Horn":184,"Eternal Feather":101,"Pen Nib":38,"Juzu Bracelet":92,"Bag of Preparation":197,"War Paint":25,"Orichalcum":152,"Cursed Key":62,"Burning Blood":0,"Akabeko":152,"paleoftheancients:SoulOfTheShapes":191,"ClockworkSouvenir":80,"paleoftheancients:Timepiece":184,"Shuriken":92,"Strawberry":43,"Orrery":101,"Molten Egg 2":161,"Fusion Hammer":119,"CultistMask":184}],"Burning Blood":192},"card_choices":[{"not_picked":["The Bomb","Master of Strategy"],"picked":"Apotheosis","floor":0.0},{"not_picked":["Flex","Havoc"],"picked":"Shrug It Off","floor":1.0},{"not_picked":["Armaments","Clothesline"],"picked":"Body Slam","floor":2.0},{"not_picked":["Warcry","Searing Blow"],"picked":"Disarm","floor":3.0},{"not_picked":["Armaments","Whirlwind"],"picked":"Feel No Pain","floor":4.0},{"not_picked":["Pommel Strike","Headbutt"],"picked":"Bludgeon","floor":5.0},{"not_picked":["Havoc","Thunderclap"],"picked":"Power Through","floor":6.0},{"not_picked":["Battle Trance","Clothesline"],"picked":"Fiend Fire","floor":8.0},{"not_picked":["Armaments","Clothesline"],"picked":"Inflame","floor":10.0},{"not_picked":["Heavy Blade","Thunderclap"],"picked":"Shrug It Off","floor":12.0},{"not_picked":["Heavy Blade","Thunderclap"],"picked":"Iron Wave","floor":13.0},{"not_picked":["Clothesline","Iron Wave"],"picked":"Feed","floor":14.0},{"not_picked":["Demon Form","Immolate"],"picked":"Barricade","floor":16.0},{"not_picked":["Battle Trance","Wild Strike"],"picked":"Flame Barrier","floor":18.0},{"not_picked":["Havoc","Armaments","Twin Strike"],"picked":"SKIP","floor":19.0},{"not_picked":["Wild Strike","Heavy Blade"],"picked":"Combust","floor":20.0},{"not_picked":["Twin Strike","Warcry"],"picked":"Reckless Charge","floor":22.0},{"not_picked":["Pommel Strike","Twin Strike"],"picked":"Warcry+1","floor":23.0},{"not_picked":["Wild Strike","Barricade"],"picked":"Headbutt","floor":27.0},{"not_picked":["Pommel Strike","Dark Embrace+1"],"picked":"Impervious","floor":30.0},{"not_picked":["Clash","Fire Breathing+1"],"picked":"Offering","floor":30.0},{"not_picked":["Uppercut","Wild Strike"],"picked":"Fire Breathing+1","floor":30.0},{"not_picked":["Spot Weakness","Pommel Strike"],"picked":"True Grit","floor":30.0},{"not_picked":["Bloodletting","Headbutt"],"picked":"Shrug It Off","floor":30.0},{"not_picked":["Clash","Armaments"],"picked":"Entrench","floor":31.0},{"not_picked":["Berserk","Demon Form"],"picked":"Corruption","floor":33.0},{"not_picked":["Cleave","Thunderclap","Sever Soul"],"picked":"SKIP","floor":35.0},{"not_picked":["Rampage","Armaments","Twin Strike"],"picked":"SKIP","floor":36.0},{"not_picked":["Inflame","Uppercut"],"picked":"Dual Wield+1","floor":37.0},{"not_picked":["Warcry","Thunderclap+1"],"picked":"Sentinel","floor":39.0},{"not_picked":["Sword Boomerang","Reckless Charge"],"picked":"Shockwave+1","floor":41.0},{"not_picked":["Body Slam","Perfected Strike"],"picked":"Intimidate","floor":42.0},{"not_picked":["Seeing Red","Shrug It Off"],"picked":"Reaper+1","floor":45.0},{"not_picked":["Dropkick+1","Metallicize+1"],"picked":"Power Through+1","floor":47.0},{"not_picked":["Spot Weakness","Heavy Blade+1"],"picked":"Disarm+1","floor":52.0},{"not_picked":["Warcry","Armaments"],"picked":"Uppercut+1","floor":53.0}],"player_experience":550366,"relics_obtained":[{"floor":6.0,"key":"War Paint"},{"floor":8.0,"key":"Potion Belt"},{"floor":9.0,"key":"Pen Nib"},{"floor":10.0,"key":"Pear"},{"floor":26.0,"key":"Juzu Bracelet"},{"floor":27.0,"key":"Eternal Feather"},{"floor":42.0,"key":"Orichalcum"},{"floor":43.0,"key":"Akabeko"},{"floor":45.0,"key":"Molten Egg 2"},{"floor":47.0,"key":"Ice Cream"},{"floor":52.0,"key":"paleoftheancients:SoulOfTheShapes"},{"floor":53.0,"key":"paleoftheancients:SoulOfTheGuardian"},{"floor":55.0,"key":"Bag of Preparation"}],"event_choices":[{"damage_healed":0.0,"max_hp_gain":0.0,"max_hp_loss":0.0,"gold_gain":0.0,"event_name":"Scrap Ooze","player_choice":"Success","floor":11.0,"gold_loss":0.0,"damage_taken":5.0,"relics_obtained":["Strawberry"]},{"damage_healed":0.0,"max_hp_gain":0.0,"max_hp_loss":0.0,"gold_gain":0.0,"event_name":"Addict","player_choice":"Obtained Relic","floor":24.0,"gold_loss":85.0,"damage_taken":0.0,"relics_obtained":["Shuriken"]},{"damage_healed":0.0,"max_hp_gain":0.0,"max_hp_loss":0.0,"gold_gain":0.0,"event_name":"Ghosts","player_choice":"Ignored","floor":25.0,"gold_loss":0.0,"damage_taken":0.0},{"cards_removed":["Clumsy"],"damage_healed":0.0,"max_hp_gain":0.0,"max_hp_loss":0.0,"gold_gain":0.0,"event_name":"Fountain of Cleansing","player_choice":"Removed Curses","floor":28.0,"gold_loss":0.0,"damage_taken":0.0},{"cards_removed":["Defend_R"],"damage_healed":0.0,"max_hp_gain":0.0,"max_hp_loss":0.0,"gold_gain":0.0,"event_name":"Falling","player_choice":"Removed Skill","floor":38.0,"gold_loss":0.0,"damage_taken":0.0},{"damage_healed":0.0,"max_hp_gain":0.0,"max_hp_loss":5.0,"gold_gain":0.0,"event_name":"Winding Halls","player_choice":"Max HP","floor":44.0,"gold_loss":0.0,"damage_taken":0.0},{"damage_healed":0.0,"max_hp_gain":0.0,"max_hp_loss":0.0,"gold_gain":0.0,"event_name":"Mysterious Sphere","player_choice":"Ignored","floor":48.0,"gold_loss":0.0,"damage_taken":0.0},{"damage_healed":0.0,"max_hp_gain":0.0,"max_hp_loss":0.0,"gold_gain":0.0,"event_name":"The Woman in Blue","player_choice":"Bought 3 Potions","floor":54.0,"gold_loss":0.0,"damage_taken":0.0}],"is_beta":false,"boss_relics":[{"not_picked":["Busted Crown","Sozu"],"picked":"Cursed Key"},{"not_picked":["Black Star","Velvet Choker"],"picked":"Fusion Hammer"}],"items_purged_floors":[21,59],"is_endless":false,"potions_floor_spawned":[1,3,6,12,14,18,20,23,33,36,41,45,47],"killed_by":"paleoftheancients:N","ascension_level":20}}