{"host":"gafwejejal4v72m6","time":1610614162,"event":{"mods":["Aspiration","BaseMod","BetterRewards","Clockwork Mod","Conspire","Hermit","Hubris","Minty Spire (QoL Compilation)","Rare Cards Sparkle","Shop Mod","StSLib","The Necromancer"],"gold_per_floor":[114,114,14,14,25,25,25,25,25,25,25,38,67,67,67,162,162,175,274,291,291,38,38,38,38,61,72,97,116,16,152,152,281,281,293,293,71,87,0,0,46,46,96,96,150,200,270,311,311,311],"floor_reached":51,"language":"RUS","playtime":3616,"items_purged":["hermit:Defend_Hermit"],"score":1300,"play_id":"b86d07a8-2abf-421c-9a55-3b2b9d08ca4c","local_time":"20210114154922","is_ascension_mode":true,"campfire_choices":[{"floor":6.0,"key":"REST"},{"data":"hermit:Deadeye","floor":8.0,"key":"SMITH"},{"data":"hermit:Snapshot","floor":10.0,"key":"SMITH"},{"data":"hermit:Covet","floor":15.0,"key":"SMITH"},{"floor":23.0,"key":"REST"},{"data":"hermit:LoneWolf","floor":25.0,"key":"SMITH"},{"floor":32.0,"key":"REST"},{"data":"Discovery","floor":40.0,"key":"SMITH"},{"data":"hermit:Combo","floor":42.0,"key":"SMITH"},{"floor":44.0,"key":"REST"},{"data":"Ghostly","floor":49.0,"key":"SMITH"}],"circlet_count":0,"master_deck":["hermit:Adapt+1","hermit:Defend_Hermit","hermit:Defend_Hermit","hermit:Snapshot+1","hermit:Covet+1","hermit:Deadeye+1","hermit:Glare","Chrysalis+1","Ghostly+1","hermit:Dive+1","hermit:EyeOfTheStorm","hermit:OverwhelmingPower","hermit:Combo+1","hermit:LoneWolf+1","Bite","Bite","Bite","Bite","Bite","hermit:Dive","conspire:SpireCoStock","conspire:SpireCoStock","hermit:Quickdraw","hermit:HeroicBravado","hermit:Determination+1","hermit:ItchyTrigger","Discovery+1","hermit:WideOpen+1","hermit:Enervate","hermit:Glare","hermit:TakeAim+1"],"relics":["hermit:Momento","ClockworkSouvenir","Torii","hermit:RyeStalk","Pen Nib","hubris:Metronome","Busted Crown","hubris:Icosahedron","Membership Card","PreservedInsect","Bag of Marbles","Ice Cream","hubris:Potato","MerchantsRug","Meat on the Bone","Red Mask","Ancient Tea Set","hubris:TenFootPole","Girya","Unceasing Top"],"acts_visited":["Exordium","TheCity","TheBeyond"],"potions_floor_usage":[50,50,50],"damage_taken":[{"damage":9.0,"enemies":"Small Slimes","floor":1.0,"turns":4.0},{"damage":5.0,"enemies":"conspire:RoseBush","floor":5.0,"turns":2.0},{"damage":1.0,"enemies":"Cultist","floor":12.0,"turns":4.0},{"damage":0.0,"enemies":"3 Sentries","floor":13.0,"turns":10.0},{"damage":8.0,"enemies":"The Guardian","floor":16.0,"turns":11.0},{"damage":11.0,"enemies":"3 Byrds","floor":18.0,"turns":8.0},{"damage":11.0,"enemies":"Shell Parasite","floor":20.0,"turns":6.0},{"damage":9.0,"enemies":"Chosen and Byrds","floor":27.0,"turns":9.0},{"damage":27.0,"enemies":"conspire:Head Lice","floor":28.0,"turns":6.0},{"damage":1.0,"enemies":"Centurion and Healer","floor":29.0,"turns":5.0},{"damage":20.0,"enemies":"Colosseum Slavers","floor":31.0,"turns":5.0},{"damage":9.0,"enemies":"Colosseum Nobs","floor":31.0,"turns":4.0},{"damage":22.0,"enemies":"hubris:MusketHawk","floor":33.0,"turns":6.0},{"damage":9.0,"enemies":"Orb Walker","floor":35.0,"turns":3.0},{"damage":20.0,"enemies":"3 Shapes","floor":38.0,"turns":4.0},{"damage":25.0,"enemies":"Sphere and 2 Shapes","floor":41.0,"turns":6.0},{"damage":37.0,"enemies":"Reptomancer","floor":45.0,"turns":6.0},{"damage":0.0,"enemies":"Mind Bloom Boss Battle","floor":46.0,"turns":5.0},{"damage":1.0,"enemies":"Giant Head","floor":47.0,"turns":5.0},{"damage":9.0,"enemies":"Transient","floor":48.0,"turns":5.0},{"damage":25,"enemies":"Time Eater","floor":50,"turns":8}],"seed_played":"1347145305522740567","potions_obtained":[{"floor":5.0,"key":"PowerPotion"},{"floor":16.0,"key":"SpeedPotion"},{"floor":18.0,"key":"Energy Potion"},{"floor":20.0,"key":"hermit:Tonic"},{"floor":31.0,"key":"PowerPotion"},{"floor":35.0,"key":"Swift Potion"},{"floor":45.0,"key":"EssenceOfSteel"},{"floor":47.0,"key":"hermit:BlackBile"},{"floor":48.0,"key":"FearPotion"}],"is_trial":false,"path_per_floor":["M","?","?","?","M","R","?","R","T","R","$","M","E","T","R","B",null,"M","?","M","?","$","R","?","R","T","M","E","M","?","?","R","B",null,"M","?","$","M","?","R","M","R","T","R","E","?","E","M","R","B",null],"character_chosen":"HERMIT","items_purchased":["ClockworkSouvenir","hermit:Deadeye","hermit:Glare","Chrysalis","Membership Card","PreservedInsect","hermit:LoneWolf","MerchantsRug","Meat on the Bone","Discovery"],"campfire_rested":4,"item_purchase_floors":[0,0,0,0,22,22,22,37,37,37],"current_hp_per_floor":[43,43,43,51,46,68,68,68,68,68,68,67,67,67,67,59,71,60,60,49,49,49,71,52,52,52,44,30,37,37,26,41,29,46,45,45,45,33,33,33,32,32,32,47,32,42,51,49,49,30],"gold":311,"neow_bonus":"","is_daily":false,"chose_seed":false,"campfire_upgraded":7,"win_rate":0.0,"timestamp":1610614162,"path_taken":["M","?","?","?","M","R","?","R","T","R","$","?","E","?","R","BOSS","M","?","M","?","$","R","?","R","T","M","E","M","?","?","R","BOSS","M","?","$","?","?","R","M","R","T","R","E","?","E","M","R","BOSS"],"items_purchased_type":["Relic","Card","Card","Card","Relic","Relic","Card","Relic","Relic","Card"],"build_version":"2020-12-22","purchased_purges":1,"victory":true,"max_hp_per_floor":[75,75,75,75,75,75,75,75,75,75,75,75,75,75,75,75,75,75,75,75,75,75,75,52,52,52,52,52,52,52,52,52,52,52,52,52,52,52,52,52,52,52,52,52,52,52,52,52,52,52],"card_choices":[{"not_picked":["hermit:LowProfile","hermit:Snipe","hermit:HoleUp"],"picked":"SKIP","floor":1.0},{"not_picked":["hermit:BigShot","hermit:WideOpen"],"picked":"hermit:Dive","floor":5.0},{"not_picked":["hermit:HighCaliber","hermit:ShadowCloak","hermit:ItchyTrigger"],"picked":"SKIP","floor":12.0},{"not_picked":["hermit:Manifest","hermit:CalledShot"],"picked":"hermit:EyeOfTheStorm","floor":13.0},{"not_picked":["hermit:Purgatory","hermit:Magnum"],"picked":"hermit:OverwhelmingPower","floor":16.0},{"not_picked":[],"picked":"hermit:Combo","floor":18.0},{"not_picked":["hermit:Spite+1"],"picked":"SKIP","floor":20.0},{"not_picked":["hermit:Roulette+1"],"picked":"SKIP","floor":27.0},{"not_picked":["hermit:Roulette+1"],"picked":"SKIP","floor":27.0},{"not_picked":["hermit:Desperado"],"picked":"SKIP","floor":28.0},{"not_picked":[],"picked":"hermit:Dive","floor":29.0},{"not_picked":[],"picked":"hermit:Quickdraw","floor":31.0},{"not_picked":[],"picked":"hermit:HeroicBravado","floor":33.0},{"not_picked":[],"picked":"hermit:Determination+1","floor":35.0},{"not_picked":["hermit:SprayPray+1"],"picked":"SKIP","floor":38.0},{"not_picked":[],"picked":"hermit:WideOpen+1","floor":41.0},{"not_picked":[],"picked":"hermit:Enervate","floor":45.0},{"not_picked":[],"picked":"hermit:Glare","floor":46.0},{"not_picked":[],"picked":"hermit:TakeAim+1","floor":47.0},{"not_picked":["hermit:Showdown"],"picked":"SKIP","floor":48.0}],"player_experience":80766,"relics_obtained":[{"floor":9.0,"key":"hermit:RyeStalk"},{"floor":13.0,"key":"Pen Nib"},{"floor":14.0,"key":"hubris:Metronome"},{"floor":26.0,"key":"Bag of Marbles"},{"floor":28.0,"key":"Ice Cream"},{"floor":31.0,"key":"hubris:Potato"},{"floor":31.0,"key":"hubris:CrystalStatue"},{"floor":43.0,"key":"Ancient Tea Set"},{"floor":45.0,"key":"hubris:TenFootPole"},{"floor":46.0,"key":"Girya"},{"floor":47.0,"key":"Unceasing Top"}],"event_choices":[{"damage_healed":0.0,"max_hp_gain":0.0,"max_hp_loss":0.0,"gold_gain":0.0,"event_name":"conspire:LoneGhost","player_choice":"Argue","floor":3.0,"gold_loss":0.0,"damage_taken":0.0},{"damage_healed":0.0,"max_hp_gain":0.0,"max_hp_loss":0.0,"gold_gain":0.0,"event_name":"Upgrade Shrine","player_choice":"Upgraded","floor":7.0,"gold_loss":0.0,"damage_taken":0.0,"cards_upgraded":["hermit:Dive"]},{"damage_healed":0.0,"max_hp_gain":0.0,"max_hp_loss":0.0,"gold_gain":99.0,"event_name":"Nest","player_choice":"Stole From Cult","floor":19.0,"gold_loss":0.0,"damage_taken":0.0},{"damage_healed":0.0,"max_hp_gain":0.0,"max_hp_loss":23.0,"gold_gain":0.0,"event_name":"Vampires","player_choice":"Became a vampire","floor":24.0,"gold_loss":0.0,"damage_taken":0.0,"cards_obtained":["Bite","Bite","Bite","Bite","Bite"]},{"damage_healed":0.0,"max_hp_gain":0.0,"max_hp_loss":0.0,"gold_gain":0.0,"event_name":"conspire:Investor","player_choice":"Invest 2","floor":30.0,"gold_loss":0.0,"damage_taken":0.0},{"damage_healed":0.0,"max_hp_gain":0.0,"max_hp_loss":0.0,"gold_gain":0.0,"event_name":"Colosseum","player_choice":"Fight","floor":31.0,"gold_loss":0.0,"damage_taken":0.0},{"damage_healed":0.0,"max_hp_gain":0.0,"max_hp_loss":0.0,"gold_gain":0.0,"event_name":"Colosseum","player_choice":"Fought Nobs","floor":31.0,"gold_loss":0.0,"damage_taken":0.0},{"damage_healed":0.0,"max_hp_gain":0.0,"max_hp_loss":0.0,"gold_gain":0.0,"cards_transformed":["hermit:Defend_Hermit"],"event_name":"Transmorgrifier","player_choice":"Transformed","floor":36.0,"gold_loss":0.0,"damage_taken":0.0,"cards_obtained":["hermit:ItchyTrigger"]},{"damage_healed":0.0,"max_hp_gain":0.0,"max_hp_loss":0.0,"gold_gain":0.0,"event_name":"Tomb of Lord Red Mask","player_choice":"Paid","floor":39.0,"gold_loss":87.0,"damage_taken":0.0,"relics_obtained":["Red Mask"]},{"damage_healed":0.0,"max_hp_gain":0.0,"max_hp_loss":0.0,"gold_gain":0.0,"event_name":"MindBloom","player_choice":"Fight","floor":46.0,"gold_loss":0.0,"damage_taken":0.0}],"is_beta":false,"boss_relics":[{"not_picked":["Philosopher\u0027s Stone","hubris:RunicObelisk"],"picked":"Busted Crown"},{"not_picked":["hubris:TerracottaHorce","Fusion Hammer","hubris:GrandSneckoEye"]}],"items_purged_floors":[37],"is_endless":false,"potions_floor_spawned":[5,16,18,20,31,35,45,47,48],"ascension_level":6}}