{"host":"30wt20ujo94jt0x4","time":1610641797,"event":{"mods":["AchievementEnabler","Act Like it!","BaseMod","Bestiary","Colored Map","Gensokyo","Hermit","Highlight Path","Koishi","Marisa????????","Minty Spire (QoL Compilation)","Rare Cards Sparkle","StSLib","The IronCluck","Waifu the Spire","Yuyuko","slay the spire mod where everything is the same but ironclad has a cowboy hat"],"gold_per_floor":[112,112,125,135,154,154,104,136,184,212,224,76,104,133,145,260,322,345,371,383,395,26,26,44,58,58,58,76,76,94,20,20,119,119,134,44,60,76,26,46,46,46,126,142,154,154,165,90,90,90,90],"floor_reached":50,"language":"ENG","playtime":6595,"items_purged":["Strike_MRS"],"score":475,"play_id":"3e97def8-77cb-40b6-bf06-120b082f351d","local_time":"20210115002957","is_ascension_mode":false,"campfire_choices":[{"data":"MasterSpark","floor":6,"key":"SMITH"},{"floor":11,"key":"REST"},{"data":"OortCloud","floor":15,"key":"SMITH"},{"data":"MilkyWay","floor":23,"key":"SMITH"},{"floor":27,"key":"REST"},{"data":"MillisecondPulsars","floor":29,"key":"SMITH"},{"floor":32,"key":"REST"},{"floor":42,"key":"REST"},{"data":"AsteroidBelt","floor":46,"key":"SMITH"},{"floor":49,"key":"REST"}],"circlet_count":0,"master_deck":["Strike_MRS","Strike_MRS","Defend_MRS","Defend_MRS","Defend_MRS","Defend_MRS","MasterSpark+1","UpSweep","Flash of Steel","PropBag","ShootTheMoon","SporeBomb","GrandCross","OortCloud+1","GrandCross","PowerUp","GravityBeat","MilkyWay","LuminesStrike","PulseMagic+1","MillisecondPulsars+1","AsteroidBelt+1","PowerUp","MilkyWay+1","SprinkleStarSeal","DoubleSpark+1","SuperPerseids","DC+1","MilkyWay","UltimateShortwave","Gensokyo:CustomPotion","AsteroidBelt+1","Acceleration","Gensokyo:ReactiveArmor","Acceleration+1","OrrerysSun"],"relics":["MiniHakkero","HandmadeGrimoire","MawBank","Enchiridion","Tiny House","Molten Egg 2","Cauldron","Vajra","Lantern","SacredBark","Bottled Tornado","Mummified Hand"],"acts_visited":["Exordium","Gensokyo:Gensokyo","Gensokyo:Gensokyoer"],"potions_floor_usage":[25,30,33,33,38,45],"damage_taken":[{"damage":2,"enemies":"Gensokyo:3_Fairies","floor":1,"turns":6},{"damage":4,"enemies":"Gensokyo:2_Kodama","floor":3,"turns":3},{"damage":1,"enemies":"Gensokyo:Python","floor":4,"turns":3},{"damage":6,"enemies":"Gensokyo:2_Rabbits","floor":5,"turns":5},{"damage":23,"enemies":"Gensokyo:Mamizou","floor":8,"turns":9},{"damage":0,"enemies":"Gensokyo:LivingMonolith","floor":10,"turns":1},{"damage":1,"enemies":"Gensokyo:CorruptedTreant","floor":13,"turns":2},{"damage":0,"enemies":"Gensokyo:VengefulSpirit","floor":14,"turns":3},{"damage":19,"enemies":"Gensokyo:Kokoro","floor":16,"turns":8},{"damage":0,"enemies":"Gensokyo:2_Gloops","floor":18,"turns":2},{"damage":20,"enemies":"Gensokyo:3_Dogs","floor":19,"turns":7},{"damage":3,"enemies":"Gensokyo:3_Gloops","floor":24,"turns":6},{"damage":25,"enemies":"Gensokyo:Slime_Group","floor":25,"turns":4},{"damage":4,"enemies":"Gensokyo:Swordslinger","floor":28,"turns":4},{"damage":18,"enemies":"Gensokyo:Wraith","floor":30,"turns":4},{"damage":39,"enemies":"Gensokyo:Kaguya","floor":33,"turns":9},{"damage":8,"enemies":"Gensokyo:3_Boulders","floor":35,"turns":4},{"damage":7,"enemies":"Gensokyo:AncientGuardian","floor":37,"turns":4},{"damage":15,"enemies":"Gensokyo:3_Boulders","floor":38,"turns":5},{"damage":14,"enemies":"Gensokyo:SeedOfUnknown","floor":40,"turns":6},{"damage":0,"enemies":"Gensokyo:Dusk_and_Dawn","floor":44,"turns":3},{"damage":0,"enemies":"Gensokyo:Rafflesia","floor":45,"turns":6},{"damage":0,"enemies":"Gensokyo:Sharpion","floor":47,"turns":3},{"damage":89,"enemies":"Gensokyo:Shinki","floor":50,"turns":18}],"seed_played":"7455507283191699325","potions_obtained":[{"floor":1,"key":"PowerPotion"},{"floor":3,"key":"Weak Potion"},{"floor":4,"key":"Dexterity Potion"},{"floor":5,"key":"Explosive Potion"},{"floor":17,"key":"FearPotion"},{"floor":22,"key":"Energy Potion"},{"floor":22,"key":"Regen Potion"},{"floor":25,"key":"ShroomBrew"},{"floor":28,"key":"Block Potion"},{"floor":37,"key":"CultistPotion"},{"floor":44,"key":"DistilledChaos"}],"is_trial":false,"path_per_floor":["M","?","M","M","M","R","$","E","T","M","R","?","M","M","R","B",null,"M","M","?","T","$","R","M","M","T","R","M","R","M","$","R","B",null,"M","?","M","M","$","M","?","R","T","M","M","R","M","$","R","B"],"character_chosen":"MARISA","items_purchased":["PowerUp","SprinkleStarSeal","Cauldron","Vajra","LiquidBronze","Acceleration"],"campfire_rested":5,"item_purchase_floors":[7,22,22,22,31,39],"current_hp_per_floor":[73,73,69,68,62,62,62,39,39,39,61,61,60,60,60,41,80,80,60,60,60,60,60,57,44,44,68,64,64,46,46,70,31,80,72,72,65,50,50,36,36,60,60,60,60,60,60,60,80,0,0],"gold":90,"neow_bonus":"RANDOM_COLORLESS","is_daily":false,"chose_seed":false,"campfire_upgraded":5,"win_rate":0.0,"timestamp":1610641797,"path_taken":["M","?","M","M","M","R","?","E","T","M","R","?","M","M","R","BOSS","M","M","?","?","$","R","M","M","T","R","?","R","M","?","R","BOSS","M","?","M","M","$","M","?","R","T","?","M","R","M","?","R","BOSS"],"items_purchased_type":["Card","Card","Relic","Relic","Potion","Card"],"build_version":"2020-12-22","purchased_purges":1,"victory":false,"max_hp_per_floor":[75,75,75,75,75,75,75,75,75,75,75,75,75,75,75,75,80,80,80,80,80,80,80,80,80,80,80,80,80,80,80,80,80,80,80,80,80,80,80,80,80,80,80,80,80,80,80,80,80,80,80],"card_choices":[{"not_picked":["Impatience","Mind Blast"],"picked":"Flash of Steel","floor":0},{"not_picked":["DarkSpark","MilkyWay"],"picked":"PropBag","floor":1},{"not_picked":["NonDirectionalLaser","EnergyRecoil"],"picked":"ShootTheMoon","floor":2},{"not_picked":["DoubleSpark","ShootingEcho"],"picked":"SporeBomb","floor":2},{"not_picked":["StarlightTyphoon","IllusionStar"],"picked":"GrandCross","floor":3},{"not_picked":["MilkyWay","PowerUp"],"picked":"OortCloud","floor":4},{"not_picked":["NonDirectionalLaser","DeepEcoloBomb"],"picked":"GrandCross","floor":5},{"not_picked":["SporeBomb","6A"],"picked":"GravityBeat","floor":8},{"not_picked":["ManaRampage","StarlightTyphoon"],"picked":"MilkyWay","floor":10},{"not_picked":["ChargeUpSpray","SporeBomb"],"picked":"LuminesStrike","floor":13},{"not_picked":["PropBag","WitchLeyline"],"picked":"PulseMagic","floor":14},{"not_picked":["StarDustReverie","FinalSpark"],"picked":"MillisecondPulsars","floor":16},{"not_picked":["NonDirectionalLaser","MagicChant"],"picked":"AsteroidBelt","floor":17},{"not_picked":["SporeBomb+1","AsteroidBelt"],"picked":"PowerUp","floor":18},{"not_picked":["SporeBomb","WitchOfGreed"],"picked":"MilkyWay","floor":19},{"not_picked":["GravityBeat+1","MilkyWay+1"],"picked":"DoubleSpark+1","floor":24},{"not_picked":["FairyDestructionRay+1","EarthLightRay"],"picked":"SuperPerseids","floor":25},{"not_picked":["ChargeUpSpray+1","SporeBomb+1"],"picked":"DC+1","floor":28},{"not_picked":["SatelliteIllusion","GalacticHalo"],"picked":"MilkyWay","floor":30},{"not_picked":["StarDustReverie","BigCrunch"],"picked":"UltimateShortwave","floor":33},{"not_picked":["DC+1","LuminesStrike+1","GalacticHalo"],"picked":"SKIP","floor":35},{"not_picked":["DarkSpark+1","WitchLeyline+1","Occultation+1"],"picked":"SKIP","floor":37},{"not_picked":["EnergyRecoil+1","MilkyWay"],"picked":"AsteroidBelt+1","floor":38},{"not_picked":["PropBag","WitchLeyline+1","6A+1"],"picked":"SKIP","floor":40},{"not_picked":["SuperPerseids","CollectingQuirk+1","LuminesStrike+1"],"picked":"SKIP","floor":44},{"not_picked":["GalacticHalo","SprinkleStarSeal+1"],"picked":"Acceleration+1","floor":45},{"not_picked":["6A+1","WitchLeyline+1"],"picked":"OrrerysSun","floor":47}],"player_experience":19085,"relics_obtained":[{"floor":8,"key":"HandmadeGrimoire"},{"floor":9,"key":"MawBank"},{"floor":21,"key":"Molten Egg 2"},{"floor":26,"key":"Lantern"},{"floor":43,"key":"Bottled Tornado"}],"event_choices":[],"is_beta":false,"boss_relics":[{"not_picked":["Philosopher\u0027s Stone","Astrolabe"],"picked":"Tiny House"},{"not_picked":["Calling Bell","SlaversCollar"],"picked":"SacredBark"}],"items_purged_floors":[48],"is_endless":false,"potions_floor_spawned":[1,3,4,5,14,18,25,28,37,44],"killed_by":"Gensokyo:Shinki","ascension_level":0}}