{"host":"659h2nzl21d2gfgw","time":1610584484,"event":{"mods":["AchievementEnabler","Act Like it!","Astrologer","BaseMod","DeckTracker","Downfall","Hermit","Jorbs\u0027s Wanderer Trilogy","Marisa????????","Minty Spire (QoL Compilation)","Shade Mod","Somnambulant","StSLib","The Construct","The Hierophant","The Poker Player","The Runesmith","TheArtist","TheBandit"],"gold_per_floor":[118,118,138,158,9,9,45,45,45,57,82,94,120,173,185,327,339,365,401,33,33,49,49,49],"floor_reached":23,"language":"ENG","playtime":3248,"items_purged":["Runesmith:Strike_RS","Runesmith:Defend_RS"],"score":226,"play_id":"cdba8ae1-02cf-4690-84c0-1c8ef742a58d","local_time":"20210113193444","is_ascension_mode":false,"campfire_choices":[{"data":"Runesmith:Grindstone","floor":6,"key":"SMITH"},{"data":"Runesmith:UnlimitedPower","floor":8,"key":"SMITH"},{"data":"Runesmith:Fortify","floor":10,"key":"SMITH"},{"data":"Runesmith:Firestorm","floor":15,"key":"SMITH"}],"circlet_count":0,"master_deck":["Runesmith:Strike_RS","Runesmith:Strike_RS","Runesmith:Strike_RS","Runesmith:Defend_RS","Runesmith:Defend_RS","Runesmith:Defend_RS","Runesmith:CraftFirestone","Runesmith:Fortify+1","Runesmith:Superposition","Runesmith:Grindstone+1","Runesmith:CraftReservo","Runesmith:UnlimitedPower+1","Runesmith:Firestorm+1","Runesmith:Duplicate","Runesmith:CraftMagma","Runesmith:Empowerment","Runesmith:LithiumIon","Runesmith:CraftProtectio"],"relics":["Runesmith:BrokenRuby","Bloody Idol","Sundial","MawBank","Torii","Matryoshka","Coffee Dripper","Centennial Puzzle"],"acts_visited":["Exordium","TheCity"],"potions_floor_usage":[19,22,23],"damage_taken":[{"damage":0,"enemies":"2 Louse","floor":1,"turns":4},{"damage":4,"enemies":"Jaw Worm","floor":3,"turns":5},{"damage":4,"enemies":"Small Slimes","floor":4,"turns":4},{"damage":4,"enemies":"3 Sentries","floor":7,"turns":6},{"damage":1,"enemies":"Blue Slaver","floor":11,"turns":5},{"damage":0,"enemies":"Looter","floor":13,"turns":3},{"damage":0,"enemies":"Lagavulin","floor":14,"turns":7},{"damage":23,"enemies":"Slime Boss","floor":16,"turns":10},{"damage":20,"enemies":"2 Thieves","floor":18,"turns":4},{"damage":0,"enemies":"3 Byrds","floor":19,"turns":5},{"damage":0,"enemies":"Snecko","floor":22,"turns":4},{"damage":62,"enemies":"Gremlin Leader","floor":23,"turns":8}],"seed_played":"-8883978356302480445","potions_obtained":[{"floor":13,"key":"AttackPotion"},{"floor":14,"key":"Energy Potion"},{"floor":18,"key":"Energy Potion"},{"floor":22,"key":"LiquidBronze"}],"is_trial":false,"path_per_floor":["M","?","M","M","$","R","E","R","T","R","M","?","M","E","R","B",null,"M","M","$","?","M","E"],"character_chosen":"RUNESMITH_CLASS","items_purchased":["Runesmith:CraftReservo","Runesmith:LithiumIon","Runesmith:CraftProtectio","Centennial Puzzle"],"campfire_rested":0,"item_purchase_floors":[5,20,20,20],"current_hp_per_floor":[77,58,54,50,50,50,46,46,46,46,45,42,42,42,42,19,77,57,57,57,57,62,0,0],"gold":49,"neow_bonus":"TEN_PERCENT_HP_BONUS","is_daily":false,"chose_seed":false,"campfire_upgraded":4,"win_rate":0.0,"timestamp":1610584484,"path_taken":["M","?","M","M","$","R","E","R","T","R","M","?","M","E","R","BOSS","M","M","$","?","M","E"],"items_purchased_type":["Card","Card","Card","Relic"],"build_version":"2020-12-22","purchased_purges":2,"victory":false,"max_hp_per_floor":[77,77,77,77,77,77,77,77,77,77,77,77,77,77,77,77,77,77,77,77,77,77,77,77],"card_choices":[{"not_picked":["Runesmith:Overpower","Runesmith:HammerThrow"],"picked":"Runesmith:Superposition","floor":1},{"not_picked":["Runesmith:Firewall","Runesmith:Malloc","Runesmith:DoubleUp"],"picked":"SKIP","floor":3},{"not_picked":["Runesmith:CraftReservo","Runesmith:Retool"],"picked":"Runesmith:Grindstone","floor":4},{"not_picked":["Runesmith:HammerThrow","Runesmith:Repurpose"],"picked":"Runesmith:UnlimitedPower","floor":7},{"not_picked":["Runesmith:Discharge","Runesmith:Repurpose","Runesmith:Permafrost"],"picked":"SKIP","floor":11},{"not_picked":["Runesmith:EarthShield","Runesmith:EnergizedChisel","Runesmith:HammerThrow"],"picked":"SKIP","floor":13},{"not_picked":["Runesmith:Overpower","Runesmith:Grindstone"],"picked":"Runesmith:Firestorm","floor":14},{"not_picked":["Runesmith:GrandSlam","Runesmith:LastStand"],"picked":"Runesmith:Duplicate","floor":16},{"not_picked":["Runesmith:Repurpose","Runesmith:ChaoticBlast"],"picked":"Runesmith:CraftMagma","floor":18},{"not_picked":["Runesmith:CraftReservo+1","Runesmith:ChargedHammer+1"],"picked":"Runesmith:Empowerment","floor":19},{"not_picked":["Runesmith:PerfectChisel","Runesmith:CraftReservo","Runesmith:Repurpose"],"picked":"SKIP","floor":22}],"player_experience":162178,"relics_obtained":[{"floor":7,"key":"Sundial"},{"floor":9,"key":"MawBank"},{"floor":14,"key":"Matryoshka"}],"event_choices":[{"damage_healed":0,"gold_gain":0,"player_choice":"Take Damage","damage_taken":19,"relics_obtained":["Golden Idol"],"max_hp_gain":0,"max_hp_loss":0,"event_name":"Golden Idol","floor":2,"gold_loss":0},{"damage_healed":0,"gold_gain":0,"player_choice":"Success","damage_taken":3,"relics_obtained":["Torii"],"max_hp_gain":0,"max_hp_loss":0,"event_name":"Scrap Ooze","floor":12,"gold_loss":0},{"damage_healed":0,"gold_gain":0,"player_choice":"Gave Idol","damage_taken":0,"relics_obtained":["Bloody Idol"],"max_hp_gain":0,"max_hp_loss":0,"event_name":"Forgotten Altar","floor":21,"relics_lost":["Golden Idol"],"gold_loss":0}],"is_beta":false,"boss_relics":[{"not_picked":["Astrolabe","construct:ClawGrip"],"picked":"Coffee Dripper"}],"items_purged_floors":[5,20],"is_endless":false,"potions_floor_spawned":[13,14,18,22],"killed_by":"Gremlin Leader","ascension_level":0}}