{"host":"lck2g1j0kcwr02ez","time":1610634501,"event":{"mods":["BaseMod","CapriCore","Hermit","Jorbs\u0027s Wanderer Trilogy","Marisa£®ÏF”Í°°ƒß¿Ì…≥£©","Minty Spire (QoL Compilation)","Rare Cards Sparkle","StSLib","The Alterego","The Hierophant"],"gold_per_floor":[111,7850,7850,6587,6598,6632,6632,6666,6691,6710,6710,6727,5773,5773,5773,5876,5876,5876],"floor_reached":17,"language":"ZHS","playtime":768,"items_purged":["Strike_MRS","ShootingEcho","Strike_MRS"],"score":234,"play_id":"c01b4777-dad9-46ce-b813-452ef0da6cee","local_time":"20210114222821","is_ascension_mode":true,"campfire_choices":[{"data":"PropBag","floor":7,"key":"SMITH"},{"data":"DC","floor":11,"key":"SMITH"},{"data":"EnergyFlow","floor":15,"key":"SMITH"}],"circlet_count":0,"master_deck":["MasterSpark+1","UpSweep","DC+1","Dramatic Entrance+1","OortCloud","GravityBeat","GrandCross","LuminesStrike","OneTimeOff","PropBag+1","Secret Technique","Acceleration","SuperPerseids","PowerUp","Finesse","EnergyFlow+1","CollectingQuirk","AlicesGift","JA","LuminesStrike","EnergyFlow","MagicChant","RefractionSpark"],"relics":["MiniHakkero","NeowsBlessing","Eternal Feather","White Beast Statue","Lee\u0027s Waffle","SimpleLauncher","Gambling Chip","HornCleat","Juzu Bracelet","Nunchaku","Question Card","OrangePellets","Bottled Lightning","Pandora\u0027s Box"],"acts_visited":["Exordium","TheCity"],"potions_floor_usage":[8,16,16],"damage_taken":[{"damage":0,"enemies":"Cultist","floor":1,"turns":1},{"damage":0,"enemies":"Small Slimes","floor":5,"turns":1},{"damage":0,"enemies":"Gremlin Nob","floor":6,"turns":1},{"damage":0,"enemies":"Lagavulin","floor":8,"turns":5},{"damage":0,"enemies":"2 Louse","floor":10,"turns":2},{"damage":11,"enemies":"Gremlin Gang","floor":12,"turns":3},{"damage":27,"enemies":"The Guardian","floor":16,"turns":6}],"seed_played":"7342653173402899782","potions_obtained":[{"floor":5,"key":"SkillPotion"},{"floor":8,"key":"FearPotion"},{"floor":16,"key":"Swift Potion"}],"is_trial":false,"path_per_floor":["M","$","?","$","M","E","R","E","T","M","R","M","$","?","R","B",null],"character_chosen":"MARISA","items_purchased":["Swift Potion","Eternal Feather","White Beast Statue","Lee\u0027s Waffle","DC","Dramatic Entrance","AttackPotion","EssenceOfSteel","OortCloud","SimpleLauncher","Gambling Chip","HornCleat","PropBag","Secret Technique","Acceleration","Question Card","OrangePellets","Bottled Lightning","Finesse","EnergyFlow"],"campfire_rested":0,"item_purchase_floors":[2,2,2,2,2,2,2,2,2,4,4,4,4,4,4,13,13,13,13,13],"current_hp_per_floor":[75,82,82,82,82,82,82,82,82,82,82,71,71,55,67,40,82,82],"gold":5876,"neow_bonus":"THREE_ENEMY_KILL","is_daily":false,"chose_seed":false,"campfire_upgraded":3,"win_rate":0.0,"timestamp":1610634501,"path_taken":["M","$","?","$","M","E","R","E","T","M","R","M","$","?","R","BOSS"],"items_purchased_type":["Potion","Relic","Relic","Relic","Card","Card","Potion","Potion","Card","Relic","Relic","Relic","Card","Card","Card","Relic","Relic","Relic","Card","Card"],"build_version":"2020-12-22","purchased_purges":3,"victory":false,"max_hp_per_floor":[75,82,82,82,82,82,82,82,82,82,82,82,82,82,82,82,82,82],"card_choices":[{"not_picked":["AsteroidBelt","DragonMeteor","OrrerysSun"],"picked":"SKIP","floor":1},{"not_picked":["Occultation","EnergyFlow","ShootingEcho"],"picked":"SKIP","floor":5},{"not_picked":["WitchLeyline","GravityBeat"],"picked":"SuperPerseids","floor":6},{"not_picked":["OpenUniverse","StarlightTyphoon"],"picked":"PowerUp","floor":8},{"not_picked":["DarkSpark","GravityBeat","ManaRampage"],"picked":"SKIP","floor":10},{"not_picked":["ShootingEcho","NonDirectionalLaser","IllusionStar"],"picked":"SKIP","floor":12},{"not_picked":["SuperNova","JA","ManaRampage"],"picked":"CollectingQuirk","floor":16}],"player_experience":285959,"relics_obtained":[{"floor":6,"key":"Juzu Bracelet"},{"floor":8,"key":"Nunchaku"}],"event_choices":[{"damage_healed":0,"gold_gain":0,"player_choice":"Entered Light","damage_taken":16,"max_hp_gain":0,"max_hp_loss":0,"event_name":"Shining Light","floor":14,"gold_loss":0,"cards_upgraded":["MasterSpark","Dramatic Entrance"]}],"is_beta":false,"boss_relics":[{"not_picked":["Cursed Key","Busted Crown"],"picked":"Pandora\u0027s Box"}],"items_purged_floors":[2,4,13],"is_endless":false,"potions_floor_spawned":[5,6,8,10,12,16],"ascension_level":2}}