{"host":"ds1yr10zonoc6w4a","time":1610663973,"event":{"mods":["BaseMod","Better Match","Better Third Choice","BetterRewards","Energized Spire","Minty Spire (QoL Compilation)","StSLib","The Animator"],"gold_per_floor":[115,128,162,162,0,26,41,53,53,83,83,111,111,124,124,213,213,244,294,357,407,421,456,456,506,506,539,559,581,615,677,677,750,750,781,797,847,911,961,975,975,1025,1051,1051,818,846,0,33,33,37,49,49,49,514,564,651,651,651,123,198,290,290,11,110,190,190,36,36,36],"floor_reached":68,"language":"ENG","playtime":29128,"items_purged":["animator:Strike","animator:Strike","Regret","animator:DolaSchwi"],"score":3035,"play_id":"0f7bcccc-7fa5-4be5-b438-2ee2af5e1fb1","local_time":"20210114153933","is_ascension_mode":true,"campfire_choices":[{"data":"animator:Laby","floor":15.0,"key":"SMITH"},{"data":"animator:HigakiRinne","floor":24.0,"key":"SMITH"},{"data":"animator:Evileye","floor":32.0,"key":"SMITH"},{"data":"animator:Demiurge","floor":41,"key":"SMITH"},{"floor":44,"key":"RECALL"},{"data":"animator:PandorasActor","floor":49,"key":"SMITH"},{"data":"animator:Biyorigo","floor":53,"key":"SMITH"}],"circlet_count":0,"master_deck":["AscendersBane","animator:Defend_Overlord+1","animator:Demiurge+1","animator:Elsword+1","animator:Laby+1","animator:Mitsurugi+1","animator:Evileye+1","animator:Canti","animator:Spearman","animator:HighElfArcher+1","animator:Chung+1","animator:Witch+1","animator:Spearman+1","animator:CowGirl","animator:Chung+1","animator:Cocytus+1","animator:Spearman+1","animator:HigakiRinne+1","animator:PandorasActor","animator:DolaRiku+1","animator:Spearman+1","animator:DolaStephanie+1","animator:SwordMaiden+1","animator:LizardPriest+1","animator:Hans+1","animator:IchigoKurosaki+1","animator:Biyorigo+1","animator:LizardPriest+1","animator:Witch+1","animator:GuildGirl+1","animator:DolaStephanie+1","animator:Spearman+1","animator:Geryuganshoop+1","animator:Zero+1","animator:Melzalgald+1","animator:SilverFang+1","animator:LizardPriest","animator:Sora+1","animator:QuestionMark+1","animator:MisakiNakahara+1","animator:MamizouFutatsuiwa","animator:GoblinSlayer"],"relics":["animator:TheEgnaroPiece","animator:AncientMedallion"],"acts_visited":["Exordium","TheCity","TheBeyond","TheEnding","EYB:TheUnnamedReign"],"potions_floor_usage":[48,60,64,64,68,68],"damage_taken":[{"damage":0.0,"enemies":"2 Louse","floor":1.0,"turns":2.0},{"damage":0.0,"enemies":"Jaw Worm","floor":2.0,"turns":3.0},{"damage":4.0,"enemies":"3 Sentries","floor":6.0,"turns":4.0},{"damage":0.0,"enemies":"Cultist","floor":7.0,"turns":3.0},{"damage":0.0,"enemies":"Red Slaver","floor":8.0,"turns":3.0},{"damage":0.0,"enemies":"Gremlin Nob","floor":10.0,"turns":2.0},{"damage":0.0,"enemies":"Lagavulin","floor":12.0,"turns":5.0},{"damage":0.0,"enemies":"3 Louse","floor":14.0,"turns":1.0},{"damage":28.0,"enemies":"Hexaghost","floor":16.0,"turns":9.0},{"damage":2.0,"enemies":"Shell Parasite","floor":18.0,"turns":3.0},{"damage":5.0,"enemies":"2 Thieves","floor":20.0,"turns":3.0},{"damage":0.0,"enemies":"Shelled Parasite and Fungi","floor":22.0,"turns":4.0},{"damage":0.0,"enemies":"animator:HornedBat","floor":23.0,"turns":5.0},{"damage":0.0,"enemies":"Book of Stabbing","floor":27.0,"turns":6.0},{"damage":0.0,"enemies":"Snake Plant","floor":28.0,"turns":3.0},{"damage":0.0,"enemies":"Centurion and Healer","floor":29.0,"turns":5.0},{"damage":0.0,"enemies":"Slavers","floor":30.0,"turns":4.0},{"damage":0.0,"enemies":"Snecko","floor":31.0,"turns":5.0},{"damage":18.0,"enemies":"Automaton","floor":33.0,"turns":9.0},{"damage":6.0,"enemies":"3 Shapes","floor":35.0,"turns":3.0},{"damage":0.0,"enemies":"Orb Walker","floor":36.0,"turns":3.0},{"damage":0.0,"enemies":"Maw","floor":38.0,"turns":5.0},{"damage":0,"enemies":"Spire Growth","floor":40,"turns":4},{"damage":0,"enemies":"Sphere and 2 Shapes","floor":46,"turns":3},{"damage":0,"enemies":"Nemesis","floor":48,"turns":5},{"damage":36,"enemies":"Time Eater","floor":50,"turns":8},{"damage":21,"enemies":"Awakened One","floor":51,"turns":8},{"damage":5,"enemies":"animator:UNNAMED_CULTIST_1","floor":55,"turns":9},{"damage":4,"enemies":"animator:UNNAMED_HAT","floor":56,"turns":5},{"damage":1,"enemies":"animator:UNNAMED_CULTIST_2","floor":60,"turns":6},{"damage":6,"enemies":"animator:TRIPLE_LAGAVULIN","floor":61,"turns":5},{"damage":64,"enemies":"animator:ULTIMATE_WISP","floor":64,"turns":9},{"damage":53,"enemies":"animator:ULTIMATE_CUBE","floor":68,"turns":8}],"seed_played":"-5912133717510684102","potions_obtained":[{"floor":2.0,"key":"GamblersBrew"},{"floor":10.0,"key":"GamblersBrew"},{"floor":12.0,"key":"Swift Potion"},{"floor":14.0,"key":"EssenceOfSteel"},{"floor":18.0,"key":"Weak Potion"},{"floor":20.0,"key":"SkillPotion"},{"floor":27.0,"key":"SteroidPotion"},{"floor":29.0,"key":"SneckoOil"},{"floor":30.0,"key":"BlessingOfTheForge"},{"floor":38.0,"key":"SpeedPotion"},{"floor":55,"key":"animator:FalseLifePotion"},{"floor":56,"key":"animator:FalseLifePotion"},{"floor":60,"key":"animator:FalseLifePotion"},{"floor":64,"key":"animator:FalseLifePotion"}],"is_trial":false,"path_per_floor":["M","M","?","?","$","E","M","M","T","E","$","E","?","M","R","B",null,"M","?","M","?","M","E","R","?","T","E","M","M","E","M","R","B",null,"M","M","?","M","T","M","R","?","T","R","$","M","$","E","R","B","B",null,"R","??","M","M","T","?","$","M","M","?","$","E","T","?","$","E"],"character_chosen":"THE_ANIMATOR","items_purchased":["animator:Elsword","animator:Laby","Pantograph","ClockworkSouvenir","animator:Mitsurugi","Boot","animator:Hoodie","animator:Canti","animator:ColorlessFragment","animator:Zero","animator:SilverFang","animator:OldCoffin","OrangePellets","Red Skull","SkillPotion","animator:AncientMedallion","animator:AncientMedallion","animator:AncientMedallion","animator:GoblinSlayer"],"campfire_rested":0,"item_purchase_floors":[0,0,0,0,0,0,0,0,5,45,47,47,47,47,47,59,59,63,67],"current_hp_per_floor":[57,60,60,60,60,56,59,62,62,65,65,68,68,71,71,53,74,72,72,67,46,49,52,67,67,67,70,76,79,82,85,102,85,99,93,96,96,99,99,102,112,112,112,112,112,115,115,118,118,82,86,110,118,91,86,86,86,86,86,90,85,75,75,27,27,27,27,0,0],"gold":36,"neow_bonus":"","is_daily":false,"chose_seed":false,"campfire_upgraded":6,"win_rate":0.0,"timestamp":1610663973,"path_taken":["M","M","?","?","$","E","M","?","T","E","?","E","?","M","R","BOSS","M","?","?","?","M","E","R","?","T","E","M","M","E","?","R","BOSS","M","M","?","?","?","M","R","?","T","R","$","M","$","E","R","BOSS","BOSS","R","??","M","M","T","?","$","M","M","?","$","E","T","?","$","E"],"items_purchased_type":["Card","Card","Relic","Relic","Card","Relic","Relic","Card","Relic","Card","Card","Relic","Relic","Relic","Potion","Relic","Relic","Relic","Card"],"build_version":"2020-12-22","purchased_purges":4,"victory":false,"max_hp_per_floor":[63,66,66,66,66,66,69,72,72,75,75,78,78,81,81,81,81,81,81,81,81,84,87,87,87,87,90,93,96,99,102,102,103,103,103,106,106,109,109,112,112,112,112,112,112,115,115,118,118,118,118,118,118,91,91,91,91,91,91,91,91,91,91,91,91,91,91,91,91],"card_choices":[{"not_picked":["animator:Sloth","animator:RoyMustang"],"picked":"animator:Spearman","floor":1.0},{"not_picked":["animator:Hitei","animator:Tatsumaki"],"picked":"animator:HighElfArcher","floor":2.0},{"not_picked":["animator:Shiro","animator:PandorasActor"],"picked":"animator:Witch","floor":6.0},{"not_picked":["animator:Emonzaemon","animator:Megumin"],"picked":"animator:Spearman","floor":7.0},{"not_picked":["animator:LizardPriest","animator:Witch"],"picked":"animator:CowGirl","floor":8.0},{"not_picked":["animator:Lu","animator:Raven"],"picked":"animator:Chung","floor":10.0},{"not_picked":["animator:Azekura","animator:Melzalgald"],"picked":"animator:Cocytus","floor":12.0},{"not_picked":["animator:LizardPriest","animator:HighElfArcher"],"picked":"animator:Spearman","floor":14.0},{"not_picked":["animator:Saber","animator:Albedo"],"picked":"animator:HigakiRinne","floor":16.0},{"not_picked":["animator:ElricAlphonse","animator:GuildGirl"],"picked":"animator:PandorasActor","floor":18.0},{"not_picked":["animator:Azekura","animator:DolaCouronne+1"],"picked":"animator:DolaRiku","floor":20.0},{"not_picked":["animator:LizardPriest","animator:Witch"],"picked":"animator:Spearman","floor":22.0},{"not_picked":["animator:LizardPriest","animator:ZankiKiguchi"],"picked":"animator:DolaStephanie+1","floor":23.0},{"not_picked":["animator:Spearman","animator:Sebas"],"picked":"animator:SwordMaiden","floor":27.0},{"not_picked":["animator:HighElfArcher","animator:GuildGirl"],"picked":"animator:LizardPriest","floor":28.0},{"not_picked":["animator:Vanir","animator:DolaRiku","animator:Chris"],"picked":"SKIP","floor":29.0},{"not_picked":["animator:Alexander","animator:Vanir"],"picked":"animator:Hans","floor":30.0},{"not_picked":["animator:NononJakuzure","animator:Cirno"],"picked":"animator:IchigoKurosaki","floor":31.0},{"not_picked":["animator:Gilgamesh","animator:Hans"],"picked":"animator:Biyorigo","floor":33.0},{"not_picked":["animator:DolaRiku","animator:FielNirvalen"],"picked":"animator:DolaStephanie+1","floor":35.0},{"not_picked":["animator:Konayuki","animator:Demiurge+1","animator:Kazuma"],"picked":"SKIP","floor":36.0},{"not_picked":["animator:Konayuki","animator:Demiurge+1","animator:Kazuma"],"picked":"SKIP","floor":36.0},{"not_picked":["animator:LizardPriest","animator:CowGirl"],"picked":"animator:Spearman","floor":38.0},{"not_picked":["animator:TsurugaMeisai","animator:YunYun+1"],"picked":"animator:Geryuganshoop","floor":40},{"not_picked":["animator:GuildGirl","animator:WinryRockbell"],"picked":"animator:Melzalgald","floor":46},{"not_picked":["animator:CowGirl","animator:Spearman"],"picked":"animator:LizardPriest","floor":48},{"not_picked":["animator:Shalltear+1","animator:Elsword","animator:LizardPriest"],"picked":"SKIP","floor":55},{"not_picked":["animator:FielNirvalen","animator:Entoma","animator:LizardPriest"],"picked":"SKIP","floor":56},{"not_picked":["animator:Saitama+1","animator:Greed+1"],"picked":"animator:Sora+1","floor":58},{"not_picked":["animator:Demiurge","animator:Assassin","animator:ElricEdward"],"picked":"SKIP","floor":60},{"not_picked":["animator:Emonzaemon","animator:Kazuma","animator:Alexander"],"picked":"SKIP","floor":61},{"not_picked":["animator:MisaKurobane","animator:NononJakuzure"],"picked":"animator:QuestionMark","floor":62},{"not_picked":["animator:TakanashiRikka","animator:NononJakuzure"],"picked":"animator:MisakiNakahara","floor":62},{"not_picked":["animator:Urushihara","animator:Cirno"],"picked":"animator:MamizouFutatsuiwa","floor":62},{"not_picked":["animator:Add","animator:Megumin","animator:Darkness"],"picked":"SKIP","floor":64}],"player_experience":749279,"relics_obtained":[{"floor":6.0,"key":"Unceasing Top"},{"floor":9.0,"key":"Letter Opener"},{"floor":10.0,"key":"Vajra"},{"floor":12.0,"key":"Mummified Hand"},{"floor":21.0,"key":"Enchiridion"},{"floor":23.0,"key":"Eternal Feather"},{"floor":27.0,"key":"Tiny Chest"},{"floor":30.0,"key":"Paper Crane"},{"floor":43,"key":"Oddly Smooth Stone"},{"floor":48,"key":"animator:HeavyHalberd"},{"floor":54,"key":"animator:TheEgnaroPiece"},{"floor":54,"key":"animator:AncientMedallion"},{"floor":57,"key":"animator:AncientMedallion"},{"floor":64,"key":"animator:AncientMedallion"},{"floor":65,"key":"animator:AncientMedallion"}],"event_choices":[{"damage_healed":0.0,"max_hp_gain":0.0,"max_hp_loss":0.0,"gold_gain":0.0,"cards_transformed":["animator:Strike"],"event_name":"Transmorgrifier","player_choice":"Transformed","floor":4.0,"gold_loss":0.0,"damage_taken":0.0,"cards_obtained":["animator:Chung"]},{"damage_healed":0.0,"max_hp_gain":0.0,"max_hp_loss":0.0,"gold_gain":0.0,"event_name":"FaceTrader","player_choice":"Trade","floor":13.0,"gold_loss":0.0,"damage_taken":0.0,"relics_obtained":["SsserpentHead"]},{"cards_removed":["animator:Defend"],"damage_healed":0.0,"max_hp_gain":0.0,"max_hp_loss":0.0,"gold_gain":0.0,"event_name":"Purifier","player_choice":"Purged","floor":19.0,"gold_loss":0.0,"damage_taken":0.0},{"damage_healed":0.0,"max_hp_gain":0.0,"max_hp_loss":0.0,"gold_gain":0.0,"event_name":"Cursed Tome","player_choice":"Obtained Book","floor":21.0,"gold_loss":0.0,"damage_taken":21.0},{"cards_removed":["animator:Cocytus"],"damage_healed":0.0,"max_hp_gain":0.0,"max_hp_loss":0.0,"gold_gain":0.0,"event_name":"WeMeetAgain","player_choice":"Gave Card","floor":25.0,"gold_loss":0.0,"damage_taken":0.0,"relics_obtained":["Champion Belt"]},{"damage_healed":0.0,"max_hp_gain":0.0,"max_hp_loss":0.0,"gold_gain":0.0,"event_name":"Upgrade Shrine","player_choice":"Upgraded","floor":37.0,"gold_loss":0.0,"damage_taken":0.0,"cards_upgraded":["animator:LizardPriest"]},{"damage_healed":0,"gold_gain":0,"player_choice":"Ignored","damage_taken":0,"max_hp_gain":0,"max_hp_loss":0,"event_name":"Tomb of Lord Red Mask","floor":42,"gold_loss":0},{"damage_healed":0,"gold_gain":0,"player_choice":"Memory 3","damage_taken":10,"max_hp_gain":0,"max_hp_loss":0,"event_name":"SensoryStone","floor":62,"gold_loss":0}],"is_beta":false,"boss_relics":[{"not_picked":["energizedSpire:StickyHand","energizedSpire:HugeHouse"],"picked":"Cursed Key"},{"not_picked":["energizedSpire:DeadBattery","Calling Bell"],"picked":"animator:RacePiece"}],"items_purged_floors":[0,0,45,47],"is_endless":false,"potions_floor_spawned":[2,10,12,14,18,20,27,29,30,38,48,56,64],"killed_by":"animator:ULTIMATE_CUBE","ascension_level":20}}