{"host":"Qube","time":1610595142,"event":{"mods":["AchievementEnabler","BaseMod","Colored Map","Colored Powertips","Minty Spire (QoL Compilation)","Quick Restart","Random Character Button","StSLib"],"gold_per_floor":[118,134,145,164,11,37,37,37,37],"floor_reached":8,"language":"ENG","playtime":344,"items_purged":[],"score":116,"play_id":"56c182bc-06f1-427c-923f-cd3fd4ce8127","local_time":"20210113193222","is_ascension_mode":true,"campfire_choices":[{"floor":7.0,"key":"REST"}],"circlet_count":0,"master_deck":["AscendersBane","Strike_R","Strike_R","Strike_R","Strike_R","Strike_R","Defend_R","Defend_R","Defend_R","Defend_R","Bash","Headbutt","Twin Strike","Cleave","Spot Weakness","Battle Trance","Inflame","Reaper"],"relics":["Runic Dome","Calipers"],"acts_visited":["Exordium"],"potions_floor_usage":[8],"damage_taken":[{"damage":1.0,"enemies":"Cultist","floor":1.0,"turns":3.0},{"damage":4.0,"enemies":"2 Louse","floor":2.0,"turns":3.0},{"damage":2.0,"enemies":"Jaw Worm","floor":3.0,"turns":3.0},{"damage":12.0,"enemies":"Lots of Slimes","floor":4.0,"turns":4.0},{"damage":35.0,"enemies":"Lagavulin","floor":6.0,"turns":4.0},{"damage":20,"enemies":"3 Sentries","floor":8,"turns":3}],"seed_played":"6305361871206899987","potions_obtained":[{"floor":3.0,"key":"ElixirPotion"},{"floor":6.0,"key":"FearPotion"}],"is_trial":false,"path_per_floor":["M","M","M","M","$","E","R","E"],"character_chosen":"IRONCLAD","items_purchased":["Battle Trance","Inflame"],"campfire_rested":1,"item_purchase_floors":[5,5],"current_hp_per_floor":[67,63,61,49,49,14,36,37,37],"gold":37,"neow_bonus":"BOSS_RELIC","is_daily":false,"chose_seed":false,"campfire_upgraded":0,"win_rate":0.0,"timestamp":1610595142,"path_taken":["M","M","M","M","?","E","R","E"],"items_purchased_type":["Card","Card"],"build_version":"2020-12-18","purchased_purges":0,"victory":false,"max_hp_per_floor":[75,75,75,75,75,75,75,75,75],"card_choices":[{"not_picked":["Ghostly Armor","Clash"],"picked":"Headbutt","floor":1.0},{"not_picked":["Heavy Blade","Sword Boomerang"],"picked":"Twin Strike","floor":2.0},{"not_picked":["Sever Soul","Metallicize"],"picked":"Cleave","floor":3.0},{"not_picked":["Pommel Strike","Iron Wave"],"picked":"Spot Weakness","floor":4.0},{"not_picked":["Clash","Seeing Red"],"picked":"Reaper","floor":6.0}],"player_experience":898252,"relics_obtained":[{"floor":6.0,"key":"Calipers"}],"event_choices":[],"is_beta":true,"boss_relics":[],"items_purged_floors":[],"is_endless":false,"potions_floor_spawned":[3,6],"killed_by":"3 Sentries","ascension_level":20}}