{"host":"a331l7x7bue2m35h","time":1610646391,"event":{"mods":["BaseMod","Lobotomy","Minty Spire (QoL Compilation)","Replay The Spire","StSLib","The Cursed"],"gold_per_floor":[111,111,186,186,200,200,223,246,295,310,333,369,319,319,319,319,319],"floor_reached":16,"language":"KOR","playtime":681,"items_purged":[],"score":105,"play_id":"7e3225ea-9be7-4a6a-ac69-986e4b7c35b4","local_time":"20210115024631","is_ascension_mode":true,"campfire_choices":[{"data":"Zap","floor":6,"key":"SMITH"},{"data":"Defragment","floor":15,"key":"SMITH"}],"circlet_count":0,"master_deck":["Strike_B","Strike_B","Defend_B","Zap+1","Dualcast","Redo+1","White Noise+1","Machine Learning","Conserve Battery","Coolheaded","Redo","Defragment+1"],"relics":["Astrolabe","Prayer Wheel","Golden Idol","ReplayTheSpireMod:TigerMarble","ReplayTheSpireMod:Lightbulb","Lantern","Darkstone Periapt"],"acts_visited":["Exordium"],"potions_floor_usage":[],"damage_taken":[{"damage":21,"enemies":"Jaw Worm","floor":1,"turns":5},{"damage":2,"enemies":"2 Louse","floor":5,"turns":2},{"damage":0,"enemies":"Small Slimes","floor":7,"turns":3},{"damage":3,"enemies":"Looter","floor":10,"turns":4},{"damage":1,"enemies":"Red Slaver","floor":11,"turns":2},{"damage":10,"enemies":"Lagavulin","floor":12,"turns":7},{"damage":19,"enemies":"The Guardian","floor":16,"turns":2}],"seed_played":"-5064113209509532782","potions_obtained":[{"floor":7,"key":"Elixir"},{"floor":10,"key":"Elixir"}],"is_trial":false,"path_per_floor":["M","?","?","?","M","R","M","T","T","M","M","E","?","?","R","B"],"character_chosen":"DEFECT","items_purchased":[],"campfire_rested":0,"item_purchase_floors":[],"current_hp_per_floor":[54,54,43,36,34,34,34,34,34,31,30,20,20,13,13,0,0],"gold":319,"neow_bonus":"BOSS_RELIC","is_daily":false,"chose_seed":false,"campfire_upgraded":2,"win_rate":0.0,"timestamp":1610646391,"path_taken":["M","?","?","?","M","R","M","?","T","?","?","E","?","?","R","BOSS"],"items_purchased_type":[],"build_version":"2020-12-22","purchased_purges":0,"victory":false,"max_hp_per_floor":[75,69,69,69,69,69,69,69,69,69,69,69,69,69,69,69,69],"card_choices":[{"not_picked":["Static Discharge","ReplaySolidLightProjector"],"picked":"Conserve Battery","floor":1},{"not_picked":["Conserve Battery","Go for the Eyes","Barrage"],"picked":"SKIP","floor":1},{"not_picked":["Rebound","Go for the Eyes"],"picked":"Coolheaded","floor":5},{"not_picked":["Rebound","Darkness","Go for the Eyes"],"picked":"SKIP","floor":5},{"not_picked":["All For One","ReplaySort"],"picked":"Redo","floor":7},{"not_picked":["Go for the Eyes","Cold Snap","Stack"],"picked":"SKIP","floor":7},{"not_picked":["Conserve Battery","Darkness","Lockon"],"picked":"SKIP","floor":10},{"not_picked":["Reprogram","Go for the Eyes","Redo"],"picked":"SKIP","floor":10},{"not_picked":["ReplayTheSpireMod:Repulse","Double Energy"],"picked":"Defragment","floor":11},{"not_picked":["Redo","Cold Snap","ReplayTheSpireMod:Reroute Power"],"picked":"SKIP","floor":11},{"not_picked":["Crystallizer","Panic Button","Steam"],"picked":"SKIP","floor":12}],"player_experience":161736,"relics_obtained":[{"floor":8,"key":"ReplayTheSpireMod:Lightbulb"},{"floor":9,"key":"Lantern"},{"floor":12,"key":"Darkstone Periapt"}],"event_choices":[{"damage_healed":0,"gold_gain":0,"player_choice":"Lose Max HP","damage_taken":0,"relics_obtained":["Golden Idol"],"max_hp_gain":0,"max_hp_loss":6,"event_name":"Golden Idol","floor":2,"gold_loss":0},{"damage_healed":0,"gold_gain":75,"player_choice":"Gather Gold","damage_taken":11,"max_hp_gain":0,"max_hp_loss":0,"event_name":"World of Goop","floor":3,"gold_loss":0},{"damage_healed":0,"gold_gain":0,"player_choice":"Success","damage_taken":7,"relics_obtained":["ReplayTheSpireMod:TigerMarble"],"max_hp_gain":0,"max_hp_loss":0,"event_name":"Scrap Ooze","floor":4,"gold_loss":0},{"cards_removed":["Strike_B"],"damage_healed":0,"gold_gain":0,"player_choice":"Card Removal","damage_taken":0,"max_hp_gain":0,"max_hp_loss":0,"event_name":"The Cleric","floor":13,"gold_loss":50},{"cards_removed":["Strike_B"],"damage_healed":0,"gold_gain":0,"player_choice":"Card Removal","damage_taken":7,"max_hp_gain":0,"max_hp_loss":0,"event_name":"Golden Wing","floor":14,"gold_loss":0}],"is_beta":false,"boss_relics":[],"items_purged_floors":[],"is_endless":false,"potions_floor_spawned":[7,10],"killed_by":"The Guardian","ascension_level":1}}