{"host":"jvd5k9mqzerszifx","time":1610642965,"event":{"mods":["AchievementEnabler","Act Like it!","BaseMod","Better Note","Better Third Choice","Colored Map","Colored Powertips","Conspire","Gensokyo","Hallownest","Hermit","Hubris","Koishi","Marisa（F雨　魔理沙）","Minty Spire (QoL Compilation)","MostiFishMod","Relic Stats","Replay The Spire","Reworked Bosses","Spicy Shops","StSLib","The Administrix","The Bug Knight","The Factory","The Hierophant","The Jungle","【功能Mod】聪明的最终Boss"],"gold_per_floor":[2045,2090,2135,2180,1372,1489,1561,1606,1681,1681,1753,1753,1433,1478,1532,1832,1832,1877,1949,1994,2066,781,835,943,994,1069,1096,1204,1061,548,713,767,1202,1202,1316,1418,1418,1514,1607,1634,1775,1802,1952,2090,2153,2153,113,113,167,299],"floor_reached":51,"language":"ZHS","playtime":3545,"items_purged":[],"score":1180,"play_id":"babafe49-7017-40e5-8f42-7beada00e6a8","local_time":"20210115004925","daily_mods":["Insanity","Uncertain Future","Binary"],"is_ascension_mode":false,"campfire_choices":[{"data":"hubris:SlightOfHand","floor":12,"key":"PURGE"},{"data":"Masterful Stab","floor":12,"key":"PURGE"},{"data":"ReplayTheSpireMod:Tripwire","floor":12,"key":"PURGE"},{"data":"Poisoned Stab","floor":12,"key":"PURGE"},{"data":"Distraction","floor":12,"key":"PURGE"},{"data":"Dodge and Roll","floor":12,"key":"PURGE"},{"data":"Dodge and Roll","floor":12,"key":"PURGE"},{"data":"Poisoned Stab","floor":12,"key":"PURGE"},{"data":"conspire:DoublingDagger","floor":12,"key":"PURGE"},{"data":"MostiFishMod:ThornCasing","floor":12,"key":"PURGE"},{"data":"Expertise","floor":12,"key":"PURGE"},{"data":"Poisoned Stab","floor":12,"key":"PURGE"},{"data":"Bane","floor":12,"key":"PURGE"},{"data":"Quick Slash","floor":12,"key":"PURGE"},{"data":"Cloak And Dagger","floor":12,"key":"PURGE"},{"data":"Predator","floor":12,"key":"PURGE"},{"data":"Blade Dance","floor":12,"key":"PURGE"},{"data":"Poisoned Stab","floor":12,"key":"PURGE"},{"data":"Quick Slash","floor":12,"key":"PURGE"},{"data":"Acrobatics","floor":12,"key":"PURGE"},{"data":"hubris:Counter","floor":12,"key":"PURGE"},{"data":"hubris:Counter","floor":12,"key":"PURGE"},{"data":"Blade Dance+1","floor":12,"key":"PURGE"},{"data":"conspire:DoublingDagger","floor":12,"key":"PURGE"},{"data":"hubris:Sniper","floor":12,"key":"PURGE"},{"data":"All Out Attack","floor":12,"key":"PURGE"},{"data":"Dagger Throw","floor":12,"key":"PURGE"},{"data":"Flying Knee","floor":12,"key":"PURGE"},{"data":"Hidden Blade+1","floor":12,"key":"PURGE"},{"data":"PiercingWail","floor":12,"key":"PURGE"},{"data":"Dash","floor":15,"key":"PURGE"},{"data":"Finisher","floor":15,"key":"SMITH"},{"data":"Footwork","floor":15,"key":"SMITH"},{"data":"Deflect","floor":15,"key":"SMITH"},{"data":"Blur","floor":15,"key":"SMITH"},{"data":"Sucker Punch","floor":15,"key":"SMITH"},{"data":"ReplayTheSpireMod:The Works","floor":15,"key":"SMITH"},{"data":"Riddle With Holes","floor":15,"key":"SMITH"},{"data":"Caltrops","floor":15,"key":"SMITH"},{"data":"Bouncing Flask","floor":15,"key":"SMITH"},{"data":"Outmaneuver","floor":15,"key":"SMITH"},{"data":"Sucker Punch","floor":15,"key":"SMITH"},{"data":"Acrobatics","floor":15,"key":"SMITH"},{"data":"Deflect","floor":15,"key":"SMITH"},{"data":"Outmaneuver","floor":15,"key":"SMITH"},{"data":"Backflip","floor":15,"key":"SMITH"},{"data":"Bouncing Flask","floor":15,"key":"SMITH"},{"data":"Outmaneuver","floor":15,"key":"SMITH"},{"data":"Infinite Blades","floor":15,"key":"SMITH"},{"data":"Prepared","floor":15,"key":"SMITH"},{"data":"Terror","floor":15,"key":"SMITH"},{"data":"Bane","floor":15,"key":"SMITH"},{"data":"PiercingWail","floor":15,"key":"SMITH"},{"data":"Slice","floor":15,"key":"SMITH"},{"data":"Sucker Punch","floor":15,"key":"SMITH"},{"floor":15,"key":"REST"},{"floor":15,"key":"REST"},{"data":"Finisher+1","floor":23,"key":"PURGE"},{"data":"Sucker Punch+1","floor":23,"key":"PURGE"},{"data":"Sucker Punch+1","floor":23,"key":"PURGE"},{"data":"Quick Slash","floor":23,"key":"SMITH"},{"data":"Specialist","floor":23,"key":"SMITH"},{"data":"Slice","floor":23,"key":"SMITH"},{"floor":23,"key":"REST"},{"floor":23,"key":"REST"},{"floor":27,"key":"REST"},{"data":"Slice","floor":32,"key":"SMITH"},{"data":"Specialist","floor":32,"key":"SMITH"},{"data":"Slice","floor":32,"key":"SMITH"},{"floor":32,"key":"REST"},{"floor":32,"key":"REST"},{"data":"MostiFishMod:VineMother","floor":40,"key":"SMITH"},{"data":"hubris:SlightOfHand+1","floor":40,"key":"PURGE"},{"floor":40,"key":"REST"},{"floor":42,"key":"REST"},{"data":"Outmaneuver+1","floor":49,"key":"PURGE"},{"data":"Outmaneuver+1","floor":49,"key":"PURGE"},{"data":"Deflect+1","floor":49,"key":"PURGE"},{"data":"Bouncing Flask+1","floor":49,"key":"PURGE"},{"data":"Outmaneuver+1","floor":49,"key":"PURGE"},{"data":"Quick Slash+1","floor":49,"key":"PURGE"},{"data":"Deflect+1","floor":49,"key":"PURGE"},{"data":"Deflect+1","floor":49,"key":"PURGE"},{"data":"Deflect+1","floor":49,"key":"PURGE"},{"data":"Deflect+1","floor":49,"key":"PURGE"},{"data":"Deflect+1","floor":49,"key":"PURGE"},{"data":"Slice+1","floor":49,"key":"PURGE"},{"data":"Slice+1","floor":49,"key":"PURGE"},{"data":"Slice+1","floor":49,"key":"PURGE"},{"data":"Slice+1","floor":49,"key":"PURGE"},{"data":"Deflect+1","floor":49,"key":"PURGE"},{"data":"conspire:PoisonWeapons+1","floor":49,"key":"PURGE"},{"data":"Specialist+1","floor":49,"key":"PURGE"},{"data":"Prepared+1","floor":49,"key":"PURGE"},{"data":"Deflect+1","floor":49,"key":"PURGE"},{"floor":49,"key":"REST"},{"floor":49,"key":"REST"}],"circlet_count":0,"master_deck":["Footwork+1","Blur+1","Sucker Punch+1","ReplayTheSpireMod:The Works+1","Riddle With Holes+1","Caltrops+1","Bouncing Flask+1","Acrobatics+1","Outmaneuver+1","Backflip+1","Infinite Blades+1","Prepared+1","Terror+1","Bane+1","PiercingWail+1","MostiFishMod:PerfectParry+1","Specialist+1","ReplayTheSpireMod:The Works+1","Concentrate+1","MostiFishMod:SpreadingSpore+1","MostiFishMod:VineMother+1","Catalyst+1","conspire:PoisonWeapons+1","Slice+1","Deflect+1","Escape Plan+1","Adrenaline+1"],"relics":["Ring of the Snake","Peace Pipe","Ginger","Turnip","Unceasing Top","Omamori","Ice Cream","The Specimen","The Courier","Medical Kit","WingedGreaves","DaveBox","MetatronsCube","SynthV:TestCard","Oddly Smooth Stone","Bag of Marbles","SynthV","Gremlin Horn","Toxic Egg 2","Bag of Preparation","CeramicFish","Dream Catcher","Mummified Hand","Lee\u0027s Waffle","RhineSuit","hubris:HerbalPaste","hubris:TenFootPole","Blue Doll","Snake Skull","Juzu Bracelet","ReplayTheSpireMod:Ninjato","Replay:Bandana","hubris:PeanutButter","Bronze Scales","Bottled Tornado","hubris:SlimyHat","DianDianMeat","Nunchaku","Replay:Baseball","hubris:SphereOfDissonance","Boot","hubris:CuriousFeather","Replay:Rubber Ducky","hubris:Towel","Dodecahedron","Sling","Shuriken","Darkstone Periapt","Orichalcum","Byrd Skull","conspire:DeflatedDodgeball","conspire:BottledYoYo","ReplayTheSpireMod:Shallot","Ancient Tea Set","Mercury Hourglass","Happy Flower","Ring of Fangs"],"acts_visited":["Exordium","Exordium","TheBeyond"],"potions_floor_usage":[21],"damage_taken":[{"damage":1,"enemies":"Cultist","floor":1,"turns":3},{"damage":0,"enemies":"2 Louse","floor":2,"turns":2},{"damage":0,"enemies":"Small Slimes","floor":3,"turns":2},{"damage":7,"enemies":"Blue Slaver","floor":4,"turns":2},{"damage":0,"enemies":"Lagavulin","floor":6,"turns":4},{"damage":0,"enemies":"3 Louse","floor":7,"turns":1},{"damage":0,"enemies":"Gremlin Gang","floor":8,"turns":1},{"damage":0,"enemies":"Red Slaver","floor":11,"turns":1},{"damage":9,"enemies":"Blue Slaver","floor":14,"turns":2},{"damage":0,"enemies":"Hexaghost","floor":16,"turns":3},{"damage":0,"enemies":"theJungle:MUSHROOMGANG","floor":18,"turns":2},{"damage":0,"enemies":"theJungle:GiantWrat","floor":19,"turns":3},{"damage":0,"enemies":"theJungle:JungleHuntersEncounter","floor":20,"turns":2},{"damage":0,"enemies":"theJungle:2_Flameangoes","floor":21,"turns":2},{"damage":0,"enemies":"theJungle:SlimyTreeVines","floor":24,"turns":2},{"damage":0,"enemies":"conspire:MimicChest","floor":25,"turns":2},{"damage":0,"enemies":"theJungle:Lyon","floor":28,"turns":2},{"damage":0,"enemies":"theJungle:Cassacara","floor":31,"turns":1},{"damage":0,"enemies":"theJungle:FunGuy","floor":33,"turns":2},{"damage":0,"enemies":"3 Darklings","floor":35,"turns":1},{"damage":0,"enemies":"3 Shapes","floor":36,"turns":2},{"damage":0,"enemies":"Jaw Worm Horde","floor":38,"turns":1},{"damage":0,"enemies":"Spire Growth","floor":39,"turns":1},{"damage":0,"enemies":"Nemesis","floor":41,"turns":1},{"damage":0,"enemies":"Transient","floor":44,"turns":2},{"damage":0,"enemies":"Sphere and 2 Shapes","floor":45,"turns":2},{"damage":0,"enemies":"bossMod:newShapes","floor":50,"turns":3}],"seed_played":"-4891952413640654339","potions_obtained":[{"floor":1,"key":"AttackPotion"},{"floor":2,"key":"Weak Potion"},{"floor":7,"key":"DuplicationPotion"},{"floor":25,"key":"SpeedPotion"}],"is_trial":false,"path_per_floor":["M","M","M","M","$","E","M","M","T","?","M","R","$","M","R","B",null,"M","M","M","M","$","R","M","?","T","R","M","?","$","E","R","B",null,"M","M","?","M","M","R","E","R","T","M","M","?","$","?","R","B",null],"character_chosen":"THE_SILENT","items_purchased":["Oddly Smooth Stone","Bag of Marbles","SynthV","Gremlin Horn","Toxic Egg 2","Bag of Preparation","Mummified Hand","Lee\u0027s Waffle","hubris:HerbalPaste","hubris:TenFootPole","Blue Doll","Snake Skull","Juzu Bracelet","ReplayTheSpireMod:Ninjato","Replay:Bandana","hubris:PeanutButter","Bronze Scales","Specialist","Slice","Nunchaku","Replay:Baseball","hubris:SphereOfDissonance","Boot","Specialist","Dodecahedron","Sling","Shuriken","Darkstone Periapt","Orichalcum","Byrd Skull","conspire:DeflatedDodgeball","conspire:BottledYoYo","ReplayTheSpireMod:Shallot","Ancient Tea Set","Mercury Hourglass","Happy Flower"],"campfire_rested":11,"item_purchase_floors":[5,5,5,5,5,5,13,13,22,22,22,22,22,22,22,22,22,22,22,30,30,30,30,30,47,47,47,47,47,47,47,47,47,47,47,47],"current_hp_per_floor":[69,69,69,62,62,62,62,62,62,48,48,48,77,68,77,77,77,77,77,77,77,77,77,77,77,77,77,77,77,78,80,87,92,92,98,105,105,113,113,122,132,143,143,155,155,155,155,155,182,182],"gold":299,"neow_bonus":"","is_daily":true,"chose_seed":false,"campfire_upgraded":31,"win_rate":0.0,"timestamp":1610642965,"path_taken":["M","M","M","?","?","E","M","M","T","?","M","R","$","M","R","BOSS","M","M","M","M","$","R","M","?","T","R","M","?","?","E","R","BOSS","M","M","?","M","M","R","E","R","T","M","M","?","$","?","R","BOSS"],"items_purchased_type":["Relic","Relic","Relic","Relic","Relic","Relic","Relic","Relic","Relic","Relic","Relic","Relic","Relic","Relic","Relic","Relic","Relic","Card","Card","Relic","Relic","Relic","Relic","Card","Relic","Relic","Relic","Relic","Relic","Relic","Relic","Relic","Relic","Relic","Relic","Relic"],"build_version":"2020-12-22","purchased_purges":0,"victory":true,"max_hp_per_floor":[70,70,70,70,70,70,70,70,70,70,70,70,77,77,77,77,77,77,77,77,77,77,77,77,77,77,77,77,77,78,80,87,92,92,98,105,105,113,113,122,132,143,143,155,155,155,155,155,182,182],"relic_stats":{"Darkstone Periapt":0,"Lee\u0027s Waffle":29,"Gremlin Horn":[14,14],"Happy Flower":[1],"counters":[27,52],"CeramicFish":756,"Snake Skull":[123],"Bag of Preparation":[46],"Juzu Bracelet":1,"Ginger":[6],"Orichalcum":[6],"Medical Kit":[1],"Boot":[0],"Mercury Hourglass":[26],"Peace Pipe":58,"Dream Catcher":11,"Nunchaku":[5],"Mummified Hand":[61],"Shuriken":[2],"Bronze Scales":[15],"Turnip":[0],"obtain_stats":[{"Ice Cream":0,"Gremlin Horn":5,"CeramicFish":6,"Ginger":0,"Bottled Tornado":25,"Boot":30,"Sling":47,"hubris:HerbalPaste":22,"Toxic Egg 2":5,"Byrd Skull":47,"DianDianMeat":29,"Dodecahedron":47,"Happy Flower":47,"Oddly Smooth Stone":5,"hubris:SphereOfDissonance":30,"Replay:Baseball":30,"ReplayTheSpireMod:Shallot":47,"Shuriken":47,"Bronze Scales":22,"hubris:PeanutButter":22,"hubris:TenFootPole":22,"conspire:BottledYoYo":47,"Unceasing Top":0,"MetatronsCube":1,"Darkstone Periapt":47,"DaveBox":0,"SynthV":5,"RhineSuit":17,"Blue Doll":22,"Snake Skull":22,"Bag of Preparation":5,"Juzu Bracelet":22,"hubris:SlimyHat":26,"Ancient Tea Set":47,"Replay:Rubber Ducky":43,"Dream Catcher":9,"Replay:Bandana":22,"Nunchaku":30,"Ring of Fangs":48,"Mummified Hand":13,"WingedGreaves":0,"hubris:CuriousFeather":41,"Ring of the Snake":0,"Lee\u0027s Waffle":13,"ReplayTheSpireMod:Ninjato":22,"The Specimen":0,"The Courier":0,"Omamori":0,"hubris:Towel":46,"Orichalcum":47,"Medical Kit":0,"Mercury Hourglass":47,"Peace Pipe":0,"SynthV:TestCard":1,"Turnip":0,"Bag of Marbles":5,"conspire:DeflatedDodgeball":47},{"Ice Cream":0,"Gremlin Horn":4,"CeramicFish":5,"Ginger":0,"Bottled Tornado":16,"Boot":17,"Sling":26,"hubris:HerbalPaste":14,"Toxic Egg 2":4,"Byrd Skull":26,"DianDianMeat":17,"Dodecahedron":26,"Happy Flower":26,"Oddly Smooth Stone":4,"hubris:SphereOfDissonance":17,"Replay:Baseball":17,"ReplayTheSpireMod:Shallot":26,"Shuriken":26,"Bronze Scales":14,"hubris:PeanutButter":14,"hubris:TenFootPole":14,"conspire:BottledYoYo":26,"Unceasing Top":0,"MetatronsCube":1,"Darkstone Periapt":26,"DaveBox":0,"SynthV":4,"RhineSuit":10,"Blue Doll":14,"Snake Skull":14,"Bag of Preparation":4,"Juzu Bracelet":14,"hubris:SlimyHat":16,"Ancient Tea Set":26,"Replay:Rubber Ducky":24,"Dream Catcher":7,"Replay:Bandana":14,"Nunchaku":17,"Ring of Fangs":26,"Mummified Hand":8,"WingedGreaves":0,"hubris:CuriousFeather":24,"Ring of the Snake":0,"Lee\u0027s Waffle":8,"ReplayTheSpireMod:Ninjato":14,"The Specimen":0,"The Courier":0,"Omamori":0,"hubris:Towel":26,"Orichalcum":26,"Medical Kit":0,"Mercury Hourglass":26,"Peace Pipe":0,"SynthV:TestCard":1,"Turnip":0,"Bag of Marbles":4,"conspire:DeflatedDodgeball":26},{"Ice Cream":0,"Gremlin Horn":9,"CeramicFish":13,"Ginger":0,"Bottled Tornado":34,"Boot":36,"Sling":49,"hubris:HerbalPaste":30,"Toxic Egg 2":9,"Byrd Skull":49,"DianDianMeat":36,"Dodecahedron":49,"Happy Flower":49,"Oddly Smooth Stone":9,"hubris:SphereOfDissonance":36,"Replay:Baseball":36,"ReplayTheSpireMod:Shallot":49,"Shuriken":49,"Bronze Scales":30,"hubris:PeanutButter":30,"hubris:TenFootPole":30,"conspire:BottledYoYo":49,"Unceasing Top":0,"MetatronsCube":1,"Darkstone Periapt":49,"DaveBox":0,"SynthV":9,"RhineSuit":21,"Blue Doll":30,"Snake Skull":30,"Bag of Preparation":9,"Juzu Bracelet":30,"hubris:SlimyHat":34,"Ancient Tea Set":49,"Replay:Rubber Ducky":45,"Dream Catcher":15,"Replay:Bandana":30,"Nunchaku":36,"Ring of Fangs":49,"Mummified Hand":16,"WingedGreaves":0,"hubris:CuriousFeather":45,"Ring of the Snake":0,"Lee\u0027s Waffle":16,"ReplayTheSpireMod:Ninjato":30,"The Specimen":0,"The Courier":0,"Omamori":0,"hubris:Towel":49,"Orichalcum":49,"Medical Kit":0,"Mercury Hourglass":49,"Peace Pipe":0,"SynthV:TestCard":3,"Turnip":0,"Bag of Marbles":9,"conspire:DeflatedDodgeball":49}],"Unceasing Top":[138],"Ring of the Snake":[54]},"card_choices":[{"not_picked":["Deadly Poison"],"picked":"PiercingWail","floor":1},{"not_picked":["MostiFishMod:PerfectParry","Corpse Explosion","Dagger Spray"],"picked":"Slice","floor":2},{"not_picked":["Leg Sweep","Predator","Escape Plan"],"picked":"Quick Slash","floor":3},{"not_picked":["hubris:SlightOfHand","Crippling Poison","Heel Hook"],"picked":"Sucker Punch","floor":4},{"not_picked":["Flying Knee","Concentrate+1","Deflect+1"],"picked":"conspire:PoisonWeapons+1","floor":6},{"not_picked":["Deadly Poison+1","Hidden Blade+1","Reflex+1"],"picked":"Poisoned Stab","floor":7},{"not_picked":["PiercingWail+1","Deflect+1","Cloak And Dagger+1","Prepared+1"],"picked":"SKIP","floor":8},{"not_picked":["Slice","conspire:DoublingDagger+1","Poisoned Stab"],"picked":"MostiFishMod:PerfectParry+1","floor":11},{"not_picked":["MostiFishMod:ThornCasing","Calculated Gamble+1","Draining Mist+1","hubris:TrickCloak+1"],"picked":"SKIP","floor":14},{"not_picked":["Calculated Gamble+1","Corpse Explosion+1","All Out Attack"],"picked":"Outmaneuver+1","floor":15},{"not_picked":["Well Laid Plans","Cloak And Dagger+1","Replay:Poison Smokescreen+1"],"picked":"Deflect+1","floor":15},{"not_picked":["Dodge and Roll+1","Acrobatics+1","Sneak Up+1","MostiFishMod:PerfectParry+1"],"picked":"SKIP","floor":18},{"not_picked":["Flying Knee","Dagger Spray+1","Blade Dance+1"],"picked":"hubris:SlightOfHand+1","floor":19},{"not_picked":["Quick Slash","Deadly Poison+1","hubris:Counter","Expertise+1"],"picked":"SKIP","floor":20},{"not_picked":["Blade Dance+1","Poisoned Stab","Well Laid Plans"],"picked":"Quick Slash","floor":21},{"not_picked":["MostiFishMod:InvigoratingSolution+1","Calculated Gamble+1","Bullet Time+1"],"picked":"ReplayTheSpireMod:The Works+1","floor":23},{"not_picked":["Footwork","Underhanded Strike","MostiFishMod:FrostNova+1"],"picked":"Deflect+1","floor":23},{"not_picked":["Cloak And Dagger+1","hubris:TrickCloak+1","Dagger Throw+1"],"picked":"Deflect+1","floor":24},{"not_picked":["MostiFishMod:PreservedThorns+1","Bane","Acrobatics+1"],"picked":"Slice","floor":27},{"not_picked":["Prepared+1","Cloak And Dagger+1","Dagger Throw"],"picked":"Concentrate+1","floor":28},{"not_picked":["Blade Dance+1","Infinite Blades+1","ReplayTheSpireMod:Tripwire+1"],"picked":"Slice","floor":31},{"not_picked":["MostiFishMod:PerfectParry+1","Footwork","Underhanded Strike"],"picked":"MostiFishMod:SpreadingSpore+1","floor":32},{"not_picked":["MostiFishMod:PerfectParry+1","Hidden Blade+1","PiercingWail+1"],"picked":"Deflect+1","floor":32},{"not_picked":["Night Terror+1","MostiFishMod:Confrontation+1","ReplayTheSpireMod:From All Sides"],"picked":"MostiFishMod:VineMother","floor":33},{"not_picked":["Sucker Punch+1","Backstab+1","Dagger Throw+1"],"picked":"Catalyst+1","floor":35},{"not_picked":["Quick Slash+1","MostiFishMod:PreservedThorns+1","ReplayTheSpireMod:Exploit Weakness+1"],"picked":"conspire:PoisonWeapons+1","floor":36},{"not_picked":["Outmaneuver+1","Noxious Fumes","Deadly Poison+1"],"picked":"Deflect+1","floor":38},{"not_picked":["Setup+1","PiercingWail+1","Dagger Spray","Accuracy"],"picked":"SKIP","floor":39},{"not_picked":["Toxin Wave+1","Corpse Explosion+1","Prepared+1"],"picked":"Deflect+1","floor":40},{"not_picked":["Dagger Throw","Blade Dance+1","Bane+1"],"picked":"Prepared+1","floor":41},{"not_picked":["Footwork+1","Cloak And Dagger+1","Fluid Movement"],"picked":"Slice+1","floor":42},{"not_picked":["Acrobatics+1","Dagger Throw+1","hubris:Sniper+1"],"picked":"Deflect+1","floor":44},{"not_picked":["Expertise+1","Dagger Spray+1","ReplayTheSpireMod:Speed Training+1","Toxin Wave+1"],"picked":"SKIP","floor":45},{"not_picked":["Draining Mist+1","hubris:Counter+1","Hidden Blade+1"],"picked":"Escape Plan+1","floor":49},{"not_picked":["Bane+1","Noxious Fumes","hubris:SlightOfHand+1"],"picked":"Adrenaline+1","floor":49}],"player_experience":250857,"relics_obtained":[{"floor":1,"key":"SynthV:TestCard"},{"floor":6,"key":"CeramicFish"},{"floor":9,"key":"Dream Catcher"},{"floor":25,"key":"Bottled Tornado"},{"floor":26,"key":"hubris:SlimyHat"},{"floor":41,"key":"hubris:CuriousFeather"},{"floor":43,"key":"Replay:Rubber Ducky"},{"floor":48,"key":"Ring of Fangs"}],"event_choices":[{"damage_healed":62,"gold_gain":0,"player_choice":"Upgrade","damage_taken":14,"max_hp_gain":0,"max_hp_loss":70,"event_name":"betterThird:BetterShining","floor":10,"gold_loss":1,"cards_upgraded":["Blade Dance","Hidden Blade"]},{"damage_healed":0,"gold_gain":0,"player_choice":"Paid Gold","damage_taken":0,"relics_obtained":["DianDianMeat"],"max_hp_gain":0,"max_hp_loss":0,"event_name":"WeMeetAgain","floor":29,"gold_loss":143},{"damage_healed":0,"gold_gain":0,"player_choice":"Leave","damage_taken":0,"max_hp_gain":0,"max_hp_loss":0,"event_name":"conspire:Investor","floor":37,"gold_loss":0}],"is_beta":false,"boss_relics":[{"not_picked":["hubris:GrandSneckoEye","BloodWine"],"picked":"RhineSuit"},{"not_picked":["Ring of Chaos","hubris:BlackHole","conspire:SeveredTorchhead"]}],"items_purged_floors":[],"is_endless":false,"potions_floor_spawned":[1,2,7,8,16,19,20,25,33,38,45],"ascension_level":0}}