{"host":"wha9hktbkslqvblg","time":1610630758,"event":{"mods":["BaseMod","Colored Map","Minty Spire (QoL Compilation)","Relic Stats","SuperFastMode","everything is the same but u backflip on backflip"],"gold_per_floor":[115,134,134,134,134,177,193,28,28,28,28,49,80,3,3,3,3],"floor_reached":16,"language":"KOR","playtime":290,"items_purged":["Strike_R"],"score":266,"play_id":"b31dbf30-f483-4ba7-8568-66dd446e14fe","local_time":"20210114222558","is_ascension_mode":true,"campfire_choices":[{"data":"Blood for Blood","floor":11,"key":"SMITH"},{"floor":15,"key":"DIG"}],"circlet_count":0,"master_deck":["AscendersBane","Strike_R","Strike_R","Strike_R","Defend_R","Defend_R","Defend_R","Defend_R","Bash","Blood for Blood+1","Pommel Strike","Flash of Steel","Disarm","Shrug It Off","Double Tap"],"relics":["Burning Blood","NeowsBlessing","Golden Idol","TungstenRod","Shovel","Matryoshka","Bottled Lightning"],"acts_visited":["Exordium"],"potions_floor_usage":[16,16],"damage_taken":[{"damage":0,"enemies":"Jaw Worm","floor":1,"turns":1},{"damage":0,"enemies":"Small Slimes","floor":2,"turns":1},{"damage":0,"enemies":"Lagavulin","floor":6,"turns":1},{"damage":0,"enemies":"Cultist","floor":7,"turns":4},{"damage":7,"enemies":"Blue Slaver","floor":12,"turns":2},{"damage":30,"enemies":"Gremlin Nob","floor":13,"turns":4},{"damage":36,"enemies":"The Guardian","floor":16,"turns":10}],"seed_played":"7630266343490172336","potions_obtained":[{"floor":1,"key":"Swift Potion"},{"floor":12,"key":"LiquidBronze"}],"is_trial":false,"path_per_floor":["M","M","?","?","?","E","M","$","T","$","R","M","E","$","R","B"],"character_chosen":"IRONCLAD","items_purchased":["Flash of Steel","Double Tap"],"campfire_rested":0,"item_purchase_floors":[8,14],"current_hp_per_floor":[74,75,68,68,68,68,68,68,68,68,68,67,43,43,43,7,7],"gold":3,"neow_bonus":"THREE_ENEMY_KILL","is_daily":false,"chose_seed":false,"campfire_upgraded":1,"win_rate":0.0,"timestamp":1610630758,"path_taken":["M","M","?","?","?","E","M","$","T","$","R","?","E","$","R","BOSS"],"items_purchased_type":["Card","Card"],"build_version":"2020-12-22","purchased_purges":1,"victory":false,"max_hp_per_floor":[75,75,75,68,68,68,68,68,68,68,68,68,68,68,68,68,68],"relic_stats":{"Shovel":1,"counters":[7,23],"Golden Idol":22,"obtain_stats":[{"Shovel":9,"Matryoshka":13,"NeowsBlessing":0,"Golden Idol":4,"Bottled Lightning":15,"Burning Blood":0,"TungstenRod":6},{"Shovel":4,"Matryoshka":6,"NeowsBlessing":0,"Golden Idol":2,"Bottled Lightning":6,"Burning Blood":0,"TungstenRod":3},{"Shovel":7,"Matryoshka":13,"NeowsBlessing":0,"Golden Idol":2,"Bottled Lightning":13,"Burning Blood":0,"TungstenRod":3}],"Burning Blood":19,"TungstenRod":9},"card_choices":[{"not_picked":["Rage","True Grit","Heavy Blade"],"picked":"SKIP","floor":1},{"not_picked":["True Grit","Pummel"],"picked":"Blood for Blood","floor":2},{"not_picked":["Havoc","Whirlwind","Warcry"],"picked":"SKIP","floor":6},{"not_picked":["Sword Boomerang","Iron Wave"],"picked":"Pommel Strike","floor":7},{"not_picked":["Heavy Blade","Rampage"],"picked":"Disarm","floor":12},{"not_picked":["Havoc","Brutality"],"picked":"Shrug It Off","floor":13}],"player_experience":972222,"relics_obtained":[{"floor":6,"key":"TungstenRod"},{"floor":9,"key":"Shovel"},{"floor":13,"key":"Matryoshka"},{"floor":15,"key":"Bottled Lightning"}],"event_choices":[{"cards_removed":["Strike_R"],"damage_healed":0,"gold_gain":0,"player_choice":"Card Removal","damage_taken":7,"max_hp_gain":0,"max_hp_loss":0,"event_name":"Golden Wing","floor":3,"gold_loss":0},{"damage_healed":0,"gold_gain":0,"player_choice":"Lose Max HP","damage_taken":0,"relics_obtained":["Golden Idol"],"max_hp_gain":0,"max_hp_loss":7,"event_name":"Golden Idol","floor":4,"gold_loss":0},{"damage_healed":0,"gold_gain":0,"player_choice":"Full Heal","damage_taken":0,"max_hp_gain":0,"max_hp_loss":0,"event_name":"Wheel of Change","floor":5,"gold_loss":0}],"is_beta":false,"boss_relics":[],"items_purged_floors":[8],"is_endless":false,"potions_floor_spawned":[1,12,13],"killed_by":"The Guardian","ascension_level":20}}