{"host":"blwn7tlm3h5q6xoq","time":1610605512,"event":{"mods":["BaseMod","Minty Spire (QoL Compilation)","StSLib","The Runesmith"],"gold_per_floor":[111,125,125,148,148,148,183,183,183,249,292,98,122,137,137,261,261,280,296,296,108,126,126,160,160,186,219,234,333,19,44,44,164,164,189,189,189],"floor_reached":36,"language":"ENG","playtime":2046,"items_purged":[],"score":462,"play_id":"3246f4c1-425a-4b66-b888-3f694778527e","local_time":"20210114042512","is_ascension_mode":false,"campfire_choices":[{"data":"Runesmith:FieryHammer","floor":6,"key":"SMITH"},{"data":"Runesmith:Fortify","floor":8,"key":"SMITH"},{"floor":15,"key":"REST"},{"data":"Runesmith:FieryHammer+2","floor":23,"key":"SMITH"},{"floor":25,"key":"REST"},{"floor":32,"key":"REST"}],"circlet_count":0,"master_deck":["Runesmith:Strike_RS","Runesmith:Strike_RS","Runesmith:Strike_RS","Runesmith:Strike_RS","Runesmith:Defend_RS","Runesmith:Defend_RS","Runesmith:Defend_RS","Runesmith:Defend_RS","Runesmith:CraftFirestone","Runesmith:Fortify+1","Runesmith:FieryHammer+3","Runesmith:HeatedChisel","Runesmith:Empowerment","Runesmith:Reinforce","Runesmith:ReplicatingBarrier+1","Runesmith:CraftProtectio","Runesmith:HammerThrow","Runesmith:UnlimitedPower+1","Runesmith:LithiumIon+1","Runesmith:EarthShield","Runesmith:CraftProtectio","Runesmith:PoweredAnvil+1","Runesmith:GenerateForcefield","Runesmith:OneForEveryone+1"],"relics":["Runesmith:BrokenRuby","NeowsBlessing","Golden Idol","Mercury Hourglass","Bottled Lightning","Frozen Egg 2","Matryoshka","Runesmith:UraniumAnvil","Omamori","Bottled Tornado","Blood Vial","Bronze Scales","HornCleat","Coffee Dripper"],"acts_visited":["Exordium","TheCity","TheBeyond"],"potions_floor_usage":[22,24,28,33],"damage_taken":[{"damage":0,"enemies":"Cultist","floor":1,"turns":1},{"damage":0,"enemies":"2 Louse","floor":2,"turns":1},{"damage":0,"enemies":"Jaw Worm","floor":4,"turns":1},{"damage":10,"enemies":"3 Sentries","floor":7,"turns":6},{"damage":15,"enemies":"Gremlin Nob","floor":11,"turns":4},{"damage":8,"enemies":"2 Fungi Beasts","floor":13,"turns":3},{"damage":8,"enemies":"Blue Slaver","floor":14,"turns":3},{"damage":11,"enemies":"Hexaghost","floor":16,"turns":11},{"damage":24,"enemies":"2 Thieves","floor":18,"turns":4},{"damage":13,"enemies":"Spheric Guardian","floor":19,"turns":4},{"damage":3,"enemies":"Cultist and Chosen","floor":22,"turns":5},{"damage":9,"enemies":"Gremlin Leader","floor":24,"turns":4},{"damage":8,"enemies":"Book of Stabbing","floor":27,"turns":6},{"damage":7,"enemies":"Sentry and Sphere","floor":28,"turns":5},{"damage":0,"enemies":"Snake Plant","floor":31,"turns":4},{"damage":0,"enemies":"Champ","floor":33,"turns":17},{"damage":0,"enemies":"3 Shapes","floor":35,"turns":2},{"damage":0,"enemies":"2 Orb Walkers","floor":36,"turns":1}],"seed_played":"-219165817453356814","potions_obtained":[{"floor":1,"key":"BlessingOfTheForge"},{"floor":11,"key":"LiquidBronze"},{"floor":13,"key":"Swift Potion"},{"floor":22,"key":"BlessingOfTheForge"},{"floor":27,"key":"BlessingOfTheForge"},{"floor":28,"key":"ColorlessPotion"},{"floor":35,"key":"CultistPotion"}],"is_trial":false,"path_per_floor":["M","M","?","M","T","R","E","R","T","?","E","$","M","M","R","B",null,"M","M","?","$","M","R","E","R","T","E","M","?","$","M","R","B",null,"M","?"],"character_chosen":"RUNESMITH_CLASS","items_purchased":["Runesmith:ReplicatingBarrier+1","Runesmith:CraftProtectio","Runesmith:LithiumIon+1","Omamori","Runesmith:PoweredAnvil+1","HornCleat"],"campfire_rested":3,"item_purchase_floors":[12,12,21,21,30,30],"current_hp_per_floor":[70,70,53,53,53,53,43,43,43,43,28,28,20,12,33,22,70,46,33,33,33,30,30,21,42,42,36,31,31,31,33,54,56,70,70,70,70],"gold":189,"neow_bonus":"THREE_ENEMY_KILL","is_daily":false,"chose_seed":false,"campfire_upgraded":3,"win_rate":0.0,"timestamp":1610605512,"path_taken":["M","?","?","M","?","R","E","R","T","?","E","$","M","M","R","BOSS","M","M","?","$","M","R","E","R","T","E","?","?","$","M","R","BOSS","M","?"],"items_purchased_type":["Card","Card","Card","Relic","Card","Relic"],"build_version":"2020-12-22","purchased_purges":0,"victory":false,"max_hp_per_floor":[70,70,70,70,70,70,70,70,70,70,70,70,70,70,70,70,70,70,70,70,70,70,70,70,70,70,70,70,70,70,70,70,70,70,70,70,70],"card_choices":[{"not_picked":["Runesmith:HammerThrow","Runesmith:ShiftingStrike"],"picked":"Runesmith:FieryHammer","floor":1},{"not_picked":["Runesmith:WhiteBalance","Runesmith:Augment"],"picked":"Runesmith:HeatedChisel","floor":2},{"not_picked":["Runesmith:HeatExchange","Runesmith:EnergizedChisel"],"picked":"Runesmith:Empowerment","floor":4},{"not_picked":["Runesmith:RuneHurl","Runesmith:ChiselStab","Runesmith:MakeshiftArmor"],"picked":"SKIP","floor":7},{"not_picked":["Runesmith:Terraform","Runesmith:Firestorm+1"],"picked":"Runesmith:Reinforce","floor":11},{"not_picked":["Runesmith:ShiftingStrike","Runesmith:ChiselStab"],"picked":"Runesmith:HammerThrow","floor":13},{"not_picked":["Runesmith:HeatedChisel","Runesmith:ChaoticBlast","Runesmith:HeatExchange"],"picked":"SKIP","floor":14},{"not_picked":["Runesmith:CraftMedicinae","Runesmith:Duplicate"],"picked":"Runesmith:UnlimitedPower+1","floor":16},{"not_picked":["Runesmith:UnstableHammer","Runesmith:ShiftingStrike","Runesmith:BackupBattery"],"picked":"SKIP","floor":18},{"not_picked":["Runesmith:Firewall","Runesmith:EnergizedChisel","Runesmith:HammerTime"],"picked":"SKIP","floor":19},{"not_picked":["Runesmith:Overpower","Runesmith:UnstableHammer+1","Runesmith:NegativeSpace"],"picked":"SKIP","floor":22},{"not_picked":["Runesmith:PoweredAnvil+1","Runesmith:ArcReactor+1","Runesmith:ShiftingStrike+1"],"picked":"SKIP","floor":24},{"not_picked":["Runesmith:UnstableHammer+1","Runesmith:GoWithTheFlow"],"picked":"Runesmith:EarthShield","floor":27},{"not_picked":["Runesmith:HammerThrow","Runesmith:HeatedChisel+1"],"picked":"Runesmith:CraftProtectio","floor":28},{"not_picked":["Runesmith:StaticCage","Runesmith:Refine","Runesmith:Repurpose"],"picked":"SKIP","floor":31},{"not_picked":["Runesmith:FissionHammer","Runesmith:Supernova"],"picked":"Runesmith:GenerateForcefield","floor":33},{"not_picked":["Runesmith:RuneHurl+1","Runesmith:CraftObretio"],"picked":"Runesmith:OneForEveryone+1","floor":35}],"player_experience":428918,"relics_obtained":[{"floor":5,"key":"Mercury Hourglass"},{"floor":7,"key":"Bottled Lightning"},{"floor":9,"key":"Frozen Egg 2"},{"floor":11,"key":"Matryoshka"},{"floor":24,"key":"Bottled Tornado"},{"floor":26,"key":"Blood Vial"},{"floor":27,"key":"Bronze Scales"}],"event_choices":[{"damage_healed":0,"gold_gain":0,"player_choice":"Take Damage","damage_taken":17,"relics_obtained":["Golden Idol"],"max_hp_gain":0,"max_hp_loss":0,"event_name":"Golden Idol","floor":3,"gold_loss":0},{"damage_healed":0,"gold_gain":66,"player_choice":"Gained Gold","damage_taken":0,"max_hp_gain":0,"max_hp_loss":0,"event_name":"Golden Wing","floor":10,"gold_loss":0},{"damage_healed":0,"gold_gain":0,"player_choice":"Upgraded","damage_taken":0,"max_hp_gain":0,"max_hp_loss":0,"event_name":"Upgrade Shrine","floor":20,"gold_loss":0,"cards_upgraded":["Runesmith:FieryHammer"]},{"damage_healed":0,"gold_gain":99,"player_choice":"Stole From Cult","damage_taken":0,"max_hp_gain":0,"max_hp_loss":0,"event_name":"Nest","floor":29,"gold_loss":0},{"damage_healed":0,"gold_gain":0,"player_choice":"Fight","damage_taken":0,"max_hp_gain":0,"max_hp_loss":0,"event_name":"Mysterious Sphere","floor":36,"gold_loss":0}],"is_beta":false,"boss_relics":[{"not_picked":["SlaversCollar","Runic Pyramid"],"picked":"Runesmith:UraniumAnvil"},{"not_picked":["Tiny House","Fusion Hammer"],"picked":"Coffee Dripper"}],"items_purged_floors":[],"is_endless":false,"potions_floor_spawned":[1,11,13,22,27,28,35],"killed_by":"2 Orb Walkers","ascension_level":0}}