{"host":"j6mgjir4ee1lqn1j","time":1610629654,"event":{"mods":["BaseMod","Colored Map","Colored Powertips","DeckTracker","Highlight Path","Keyboard Shortcuts","Minty Spire (QoL Compilation)","Permanent Neow","Quick Restart","Rare Cards Sparkle","Shop Mod","StSLib","SuperFastMode"],"gold_per_floor":[110,110,122,136,136,163,174,184,184,32,32,32,32,48,48,149,149,159,159,2,13,13,28,28,41,110,141,156,169,169,203,203,299,299,310,310,322,309,327,360,360,375,375,4,14,29,54,69,69,69],"floor_reached":51,"language":"ENG","playtime":8687,"items_purged":["Strike_G","Strike_G","Regret"],"score":878,"play_id":"56734635-1bd0-4c82-a778-159db59ef8fc","local_time":"20210114080734","is_ascension_mode":false,"campfire_choices":[{"data":"Noxious Fumes","floor":15,"key":"SMITH"},{"floor":30,"key":"REST"},{"floor":32,"key":"REST"},{"floor":49,"key":"REST"}],"circlet_count":0,"master_deck":["Strike_G","Defend_G","Defend_G+1","Defend_G","Defend_G","Defend_G","Survivor","Neutralize+1","Acrobatics","Slice","Expertise","Deadly Poison","Dodge and Roll","Calculated Gamble+1","Noxious Fumes+1","Blur","Bullet Time+1","Backflip","Apotheosis","Writhe","Calculated Gamble+1","Tactician+1","Leg Sweep","Burst","Tools of the Trade","Expertise","Acrobatics","Noxious Fumes","Burst"],"relics":["Ring of the Snake","MerchantsRug","Bag of Preparation","Kunai","Fusion Hammer","HornCleat","Ice Cream","Cursed Key","Ninja Scroll","Letter Opener","InkBottle"],"acts_visited":["Exordium","TheCity","TheBeyond"],"potions_floor_usage":[7,29,31,50],"damage_taken":[{"damage":0,"enemies":"2 Louse","floor":1,"turns":4},{"damage":0,"enemies":"Cultist","floor":3,"turns":4},{"damage":0,"enemies":"Small Slimes","floor":4,"turns":5},{"damage":33,"enemies":"3 Sentries","floor":6,"turns":14},{"damage":12,"enemies":"Exordium Thugs","floor":7,"turns":4},{"damage":0,"enemies":"Exordium Wildlife","floor":8,"turns":6},{"damage":2,"enemies":"Large Slime","floor":14,"turns":7},{"damage":10,"enemies":"Hexaghost","floor":16,"turns":10},{"damage":1,"enemies":"Shell Parasite","floor":18,"turns":6},{"damage":0,"enemies":"Chosen","floor":21,"turns":5},{"damage":7,"enemies":"Sentry and Sphere","floor":23,"turns":6},{"damage":0,"enemies":"Centurion and Healer","floor":25,"turns":7},{"damage":0,"enemies":"Book of Stabbing","floor":27,"turns":9},{"damage":0,"enemies":"Snake Plant","floor":28,"turns":5},{"damage":14,"enemies":"Chosen and Byrds","floor":29,"turns":8},{"damage":0,"enemies":"Slavers","floor":31,"turns":8},{"damage":6,"enemies":"Automaton","floor":33,"turns":13},{"damage":0,"enemies":"3 Darklings","floor":35,"turns":8},{"damage":0,"enemies":"Orb Walker","floor":37,"turns":5},{"damage":5,"enemies":"Transient","floor":39,"turns":5},{"damage":0,"enemies":"Giant Head","floor":40,"turns":9},{"damage":7,"enemies":"4 Shapes","floor":42,"turns":6},{"damage":0,"enemies":"Spire Growth","floor":45,"turns":6},{"damage":0,"enemies":"Maw","floor":46,"turns":7},{"damage":8,"enemies":"Reptomancer","floor":47,"turns":7},{"damage":0,"enemies":"4 Shapes","floor":48,"turns":4},{"damage":0,"enemies":"Donu and Deca","floor":50,"turns":9}],"seed_played":"-7218150959093368699","potions_obtained":[{"floor":3,"key":"FearPotion"},{"floor":4,"key":"LiquidMemories"},{"floor":5,"key":"FearPotion"},{"floor":8,"key":"Block Potion"},{"floor":21,"key":"Swift Potion"},{"floor":35,"key":"AttackPotion"},{"floor":40,"key":"SkillPotion"},{"floor":46,"key":"Strength Potion"},{"floor":47,"key":"EssenceOfSteel"}],"is_trial":false,"path_per_floor":["M","?","M","M","?","E","M","M","T","$","T","?","?","M","R","B",null,"M","?","$","M","?","M","?","M","T","E","M","M","R","E","R","B",null,"M","?","M","$","M","E","?","M","T","$","M","M","E","M","R","B",null],"character_chosen":"THE_SILENT","items_purchased":["MerchantsRug","Noxious Fumes","Apotheosis","Letter Opener","Noxious Fumes"],"campfire_rested":3,"item_purchase_floors":[10,10,20,44,44],"current_hp_per_floor":[70,70,70,70,70,37,25,25,35,35,35,35,28,26,26,16,80,79,64,64,64,64,57,57,57,57,57,57,43,68,68,85,79,85,85,85,85,85,80,80,80,73,73,73,73,73,65,65,81,81],"gold":69,"neow_bonus":"UPGRADE_CARD","is_daily":false,"chose_seed":false,"campfire_upgraded":1,"win_rate":0.0,"timestamp":1610629654,"path_taken":["M","?","?","M","?","E","M","M","T","?","?","?","?","?","R","BOSS","M","?","$","M","?","M","?","?","T","E","M","M","R","E","R","BOSS","M","?","M","$","M","E","?","M","T","$","M","M","E","M","R","BOSS"],"items_purchased_type":["Relic","Card","Card","Relic","Card"],"build_version":"2020-12-13","purchased_purges":3,"victory":true,"max_hp_per_floor":[70,70,70,70,70,70,70,70,80,80,80,80,80,80,80,80,80,80,85,85,85,85,85,85,85,85,85,85,85,85,85,85,85,85,85,85,85,85,85,85,81,81,81,81,81,81,81,81,81,81],"card_choices":[{"not_picked":["Finisher","Outmaneuver"],"picked":"Acrobatics","floor":1},{"not_picked":["Quick Slash","Riddle With Holes"],"picked":"Slice","floor":3},{"not_picked":["Crippling Poison","Leg Sweep"],"picked":"Expertise","floor":4},{"not_picked":["Prepared","Backflip"],"picked":"Deadly Poison","floor":6},{"not_picked":["PiercingWail","Backstab"],"picked":"Dodge and Roll","floor":7},{"not_picked":["Quick Slash","Leg Sweep"],"picked":"Calculated Gamble","floor":8},{"not_picked":["Prepared","Underhanded Strike"],"picked":"Blur","floor":14},{"not_picked":["Phantasmal Killer","Die Die Die"],"picked":"Bullet Time","floor":16},{"not_picked":["Deadly Poison+1","Finisher"],"picked":"Backflip","floor":18},{"not_picked":["Deadly Poison","Sucker Punch","Flying Knee"],"picked":"SKIP","floor":21},{"not_picked":["Deadly Poison+1","Blade Dance","Poisoned Stab"],"picked":"SKIP","floor":23},{"not_picked":["Quick Slash","Outmaneuver"],"picked":"Calculated Gamble+1","floor":25},{"not_picked":["Dodge and Roll","Flechettes"],"picked":"Tactician+1","floor":27},{"not_picked":["All Out Attack","Expertise","Dagger Spray+1"],"picked":"SKIP","floor":28},{"not_picked":["Quick Slash","Backflip"],"picked":"Leg Sweep","floor":29},{"not_picked":["Deflect+1","Tactician+1"],"picked":"Burst","floor":31},{"not_picked":["Unload+1","Doppelganger"],"picked":"Tools of the Trade","floor":33},{"not_picked":["Skewer+1","Choke+1","Endless Agony+1"],"picked":"SKIP","floor":35},{"not_picked":["Flying Knee+1","Infinite Blades+1","Choke+1"],"picked":"SKIP","floor":37},{"not_picked":["Distraction+1","Poisoned Stab+1","Choke+1"],"picked":"SKIP","floor":39},{"not_picked":["Endless Agony","Dagger Throw"],"picked":"Expertise","floor":40},{"not_picked":["Deadly Poison+1","Dagger Throw+1"],"picked":"Acrobatics","floor":42},{"not_picked":["Blade Dance","Predator"],"picked":"Burst","floor":45},{"not_picked":["Underhanded Strike","Endless Agony+1","Acrobatics"],"picked":"SKIP","floor":46},{"not_picked":["Distraction+1","Flying Knee+1","PiercingWail+1"],"picked":"SKIP","floor":47},{"not_picked":["Endless Agony+1","Underhanded Strike+1","Bouncing Flask"],"picked":"SKIP","floor":48}],"player_experience":7057,"relics_obtained":[{"floor":6,"key":"Matryoshka"},{"floor":9,"key":"Pear"},{"floor":9,"key":"White Beast Statue"},{"floor":11,"key":"Bag of Preparation"},{"floor":11,"key":"Kunai"},{"floor":26,"key":"HornCleat"},{"floor":27,"key":"Ice Cream"},{"floor":31,"key":"Molten Egg 2"},{"floor":40,"key":"TungstenRod"},{"floor":43,"key":"Ninja Scroll"},{"floor":47,"key":"InkBottle"}],"event_choices":[{"cards_removed":["Strike_G"],"damage_healed":0,"gold_gain":0,"player_choice":"Card Removal","damage_taken":0,"max_hp_gain":0,"max_hp_loss":0,"event_name":"Wheel of Change","floor":2,"gold_loss":0},{"damage_healed":0,"gold_gain":0,"player_choice":"Got Potions","damage_taken":0,"max_hp_gain":0,"max_hp_loss":0,"event_name":"Lab","floor":5,"gold_loss":0},{"damage_healed":0,"gold_gain":0,"player_choice":"Grow","damage_taken":0,"max_hp_gain":0,"max_hp_loss":0,"event_name":"Living Wall","floor":12,"gold_loss":0,"cards_upgraded":["Calculated Gamble"]},{"cards_removed":["Strike_G"],"damage_healed":0,"gold_gain":0,"player_choice":"Card Removal","damage_taken":7,"max_hp_gain":0,"max_hp_loss":0,"event_name":"Golden Wing","floor":13,"gold_loss":0},{"damage_healed":0,"gold_gain":0,"player_choice":"Shed Blood","damage_taken":20,"max_hp_gain":5,"max_hp_loss":0,"event_name":"Forgotten Altar","floor":19,"gold_loss":0},{"damage_healed":0,"gold_gain":0,"player_choice":"Opened","damage_taken":0,"relics_obtained":["War Paint"],"max_hp_gain":0,"max_hp_loss":0,"event_name":"The Mausoleum","floor":22,"gold_loss":0,"cards_obtained":["Writhe"]},{"damage_healed":0,"gold_gain":0,"player_choice":"Ignored","damage_taken":0,"max_hp_gain":0,"max_hp_loss":0,"event_name":"Vampires","floor":24,"gold_loss":0},{"damage_healed":0,"gold_gain":0,"player_choice":"Memory 1","damage_taken":0,"max_hp_gain":0,"max_hp_loss":0,"event_name":"SensoryStone","floor":36,"gold_loss":0},{"damage_healed":0,"gold_gain":0,"player_choice":"Max HP","damage_taken":0,"max_hp_gain":0,"max_hp_loss":4,"event_name":"Winding Halls","floor":41,"gold_loss":0}],"is_beta":false,"boss_relics":[{"not_picked":["Velvet Choker","Ectoplasm"],"picked":"Fusion Hammer"},{"not_picked":["Snecko Eye","Ring of the Serpent"],"picked":"Cursed Key"}],"items_purged_floors":[20,38,44],"is_endless":false,"potions_floor_spawned":[3,4,6,8,14,18,21,27,28,35,40,46,47],"ascension_level":0}}