{"host":"2xew5rlm8yvz3q5e","time":1610630239,"event":{"mods":["2.2 Compatiblity","Act Like it!","BaseMod","Better Match","Better Note","Better Third Choice","Better Vampires","Clawfect","Downfall","Hermit","Highlight Path","Hubris","Infinite Spire","Magitek Elite","Marked Mod","Minty Spire (QoL Compilation)","Quick Restart","Rare Cards Sparkle","Replay The Spire","StSLib","Td1madao Mod","The Cursed","The Poker Player","The Runesmith","The Servant 0.9.4","TheArtist","TheFirefly","vexMod"],"gold_per_floor":[112,112,125,1,12,12,45,45,45,78,93,104,129,129,129,232,232,251,251,46,59,39,71,71,89,89,123,133,147,164,181,181,277,277,292,308,324,324,324,324,35,70,70,87,105,117,142,156,156,156],"floor_reached":51,"language":"ENG","playtime":6556,"items_purged":["Sucker Punch","Well Laid Plans","Infinite Blades"],"score":969,"play_id":"ea9779c5-77e5-465f-a828-d49fe648b920","local_time":"20210114141719","daily_mods":["Draft","Heirloom"],"is_ascension_mode":true,"campfire_choices":[{"data":"Hidden Blade","floor":6,"key":"SMITH"},{"data":"hubris:TrickCloak","floor":8,"key":"SMITH"},{"data":"Accuracy","floor":8,"key":"SMITH"},{"data":"infinitespire:Starlight","floor":15,"key":"SMITH"},{"data":"Prepared","floor":15,"key":"SMITH"},{"data":"Pot Of Greed","floor":24,"key":"SMITH"},{"data":"Pot Of Greed","floor":24,"key":"SMITH"},{"data":"Pot Of Greed","floor":32,"key":"SMITH"},{"data":"Hidden Blade","floor":32,"key":"SMITH"},{"data":"Hidden Blade","floor":40,"key":"SMITH"},{"data":"Storm of Steel","floor":40,"key":"SMITH"},{"data":"Acrobatics","floor":49,"key":"SMITH"},{"data":"ReplayTheSpireMod:The Works","floor":49,"key":"SMITH"}],"circlet_count":0,"master_deck":["ReplayTheSpireMod:The Works","Cloak And Dagger","ReplayTheSpireMod:Shiv Toss","Blade Dance","Blade Dance","Deflect","Acrobatics+1","Prepared+1","ReplayTheSpireMod:Speed Training","Hidden Blade+1","Accuracy+1","PiercingWail","Die Die Die+1","Backflip","Hidden Blade+1","hubris:TrickCloak+1","Hidden Blade+1","Dodge and Roll","infinitespire:Starlight+1","Storm of Steel+1","Pot Of Greed+1","Pot Of Greed+1","Adrenaline+1","Backflip","Pot Of Greed+1","ReplayTheSpireMod:The Works+1","Prepared+1","Burst","Acrobatics+1","Calculated Gamble","Escape Plan+1","Concentrate+1"],"relics":["Ring of the Serpent","Replay:PocketPolymizer","Replay:Arrowhead","Mango","vexMod:MemoryStick","Omamori","hubris:Backtick","Grinning Jar","Toy Ornithopter","Lantern","hubris:64BitClover","infinitespire:CheckeredPen","infinitespire:ShieldingShard","Bag of Preparation"],"acts_visited":["Exordium","TheCity","TheBeyond"],"potions_floor_usage":[16,37],"damage_taken":[{"damage":0,"enemies":"2 Louse","floor":1,"turns":2},{"damage":0,"enemies":"Small Slimes","floor":3,"turns":2},{"damage":0,"enemies":"Jaw Worm","floor":5,"turns":1},{"damage":6,"enemies":"Lagavulin","floor":7,"turns":5},{"damage":9,"enemies":"3 Sentries","floor":10,"turns":4},{"damage":0,"enemies":"Looter","floor":11,"turns":2},{"damage":12,"enemies":"Exordium Thugs","floor":12,"turns":3},{"damage":1,"enemies":"Lagavulin","floor":13,"turns":5},{"damage":30,"enemies":"The Guardian","floor":16,"turns":7},{"damage":0,"enemies":"3 Byrds","floor":18,"turns":2},{"damage":0,"enemies":"Shell Parasite","floor":21,"turns":2},{"damage":0,"enemies":"Gremlin Leader","floor":23,"turns":3},{"damage":0,"enemies":"Snecko","floor":25,"turns":3},{"damage":0,"enemies":"Book of Stabbing","floor":27,"turns":1},{"damage":0,"enemies":"Chosen and Byrds","floor":28,"turns":1},{"damage":0,"enemies":"Sentry and Sphere","floor":29,"turns":3},{"damage":0,"enemies":"Snake Plant","floor":30,"turns":1},{"damage":0,"enemies":"Centurion and Healer","floor":31,"turns":1},{"damage":0,"enemies":"Champ","floor":33,"turns":1},{"damage":0,"enemies":"Orb Walker","floor":35,"turns":1},{"damage":0,"enemies":"3 Shapes","floor":36,"turns":1},{"damage":0,"enemies":"Jaw Worm Horde","floor":37,"turns":2},{"damage":9,"enemies":"Reptomancer","floor":42,"turns":2},{"damage":0,"enemies":"4 Shapes","floor":44,"turns":1},{"damage":0,"enemies":"Sphere and 2 Shapes","floor":45,"turns":1},{"damage":0,"enemies":"3 Darklings","floor":46,"turns":1},{"damage":0,"enemies":"Nemesis","floor":47,"turns":1},{"damage":0,"enemies":"Maw","floor":48,"turns":1},{"damage":0,"enemies":"infinitespire:MassOfShapes","floor":50,"turns":1}],"seed_played":"-7693705210240796914","potions_obtained":[{"floor":3,"key":"SpeedPotion"},{"floor":7,"key":"SpeedPotion"},{"floor":10,"key":"Elixir"},{"floor":12,"key":"Poison Potion"},{"floor":21,"key":"BlessingOfTheForge"},{"floor":22,"key":"hexamod:EctoCoolerPotion"},{"floor":23,"key":"Swift Potion"},{"floor":36,"key":"Ancient Potion"},{"floor":39,"key":"sneckomod:MuddlingPotion"},{"floor":47,"key":"SteroidPotion"}],"is_trial":true,"path_per_floor":["M","?","M","$","M","R","E","R","T","E","M","M","E","?","R","B",null,"M","?","$","M","?","E","R","M","T","E","M","M","M","M","R","B",null,"M","M","M","?","?","R","$","E","T","M","M","M","E","M","R","B",null],"character_chosen":"THE_SILENT","items_purchased":["Backflip","Adrenaline+1","Calculated Gamble","GhostInAJar"],"campfire_rested":0,"item_purchase_floors":[4,20,41,41],"current_hp_per_floor":[70,70,70,70,70,70,64,64,78,69,69,57,56,56,56,41,84,84,84,84,84,84,84,84,84,84,84,84,84,84,84,84,84,84,84,84,84,84,84,84,84,84,84,84,84,84,84,84,84,84],"gold":156,"neow_bonus":"","is_daily":false,"chose_seed":false,"campfire_upgraded":13,"win_rate":0.0,"timestamp":1610630239,"path_taken":["M","?","M","$","M","R","E","R","T","E","M","M","E","?","R","BOSS","M","?","$","M","?","E","R","M","T","E","M","M","M","M","R","BOSS","M","M","M","?","?","R","$","E","T","M","M","M","E","M","R","BOSS"],"items_purchased_type":["Card","Card","Card","Potion"],"build_version":"2020-12-22","purchased_purges":3,"victory":true,"max_hp_per_floor":[70,70,70,70,70,70,70,70,84,84,84,84,84,84,84,84,84,84,84,84,84,84,84,84,84,84,84,84,84,84,84,84,84,84,84,84,84,84,84,84,84,84,84,84,84,84,84,84,84,84],"card_choices":[{"not_picked":["hubris:SlightOfHand","Sucker Punch"],"picked":"ReplayTheSpireMod:The Works","floor":0},{"not_picked":["Eviscerate","ReplayTheSpireMod:Tripwire"],"picked":"Cloak And Dagger","floor":0},{"not_picked":["Bane","Hidden Blade"],"picked":"ReplayTheSpireMod:Shiv Toss","floor":0},{"not_picked":["Riddle With Holes","Footwork"],"picked":"Backflip","floor":0},{"not_picked":["Acrobatics","hubris:SlightOfHand"],"picked":"Blade Dance","floor":0},{"not_picked":["Dash","Bouncing Flask"],"picked":"Infinite Blades","floor":0},{"not_picked":["Dagger Throw","Poisoned Stab"],"picked":"Blade Dance","floor":0},{"not_picked":["Poisoned Stab","Skewer"],"picked":"Sucker Punch","floor":0},{"not_picked":["Sucker Punch","Quick Slash"],"picked":"Well Laid Plans","floor":0},{"not_picked":["Deadly Poison","Well Laid Plans"],"picked":"Deflect","floor":0},{"not_picked":["Footwork","Draining Mist"],"picked":"Acrobatics","floor":0},{"not_picked":["Slice","Replay:Poison Smokescreen"],"picked":"Prepared","floor":0},{"not_picked":["All Out Attack","Bane"],"picked":"ReplayTheSpireMod:Speed Training","floor":0},{"not_picked":["Choke","Bane"],"picked":"Hidden Blade","floor":0},{"not_picked":["Quick Slash","Slice"],"picked":"Accuracy","floor":0},{"not_picked":["Tactician","Bouncing Flask"],"picked":"PiercingWail","floor":1},{"not_picked":["Outmaneuver","Bane","ReplayTheSpireMod:Exploit Weakness"],"picked":"SKIP","floor":3},{"not_picked":["Outmaneuver","Bane","ReplayTheSpireMod:Exploit Weakness"],"picked":"SKIP","floor":3},{"not_picked":["Infinite Blades","Bane"],"picked":"Hidden Blade","floor":5},{"not_picked":["Expertise","ReplayTheSpireMod:Tripwire"],"picked":"hubris:TrickCloak","floor":7},{"not_picked":["Dash","Predator"],"picked":"Hidden Blade","floor":10},{"not_picked":["Dagger Spray","Poison Darts","Slice"],"picked":"SKIP","floor":11},{"not_picked":["Choke","Skewer"],"picked":"Dodge and Roll","floor":12},{"not_picked":["Envenom","Prepared","Predator"],"picked":"SKIP","floor":13},{"not_picked":["infinitespire:Execution","ReplayTheSpireMod:Black Plague"],"picked":"infinitespire:Starlight","floor":14},{"not_picked":["Night Terror","Envenom"],"picked":"Storm of Steel","floor":16},{"not_picked":["Underhanded Strike","Reflex","Replay:Poison Smokescreen+1"],"picked":"SKIP","floor":18},{"not_picked":["Outmaneuver","hubris:SlightOfHand+1"],"picked":"Backflip","floor":21},{"not_picked":["Atom Bomb","ReplayTheSpireMod:Exploit Weakness"],"picked":"ReplayTheSpireMod:The Works","floor":23},{"not_picked":["Leg Sweep","Catalyst","Underhanded Strike"],"picked":"SKIP","floor":25},{"not_picked":["Deadly Poison+1","Underhanded Strike","Expertise"],"picked":"SKIP","floor":27},{"not_picked":["Quick Slash","Slice","Dodge and Roll"],"picked":"SKIP","floor":28},{"not_picked":["ReplayTheSpireMod:Exploit Weakness","Outmaneuver"],"picked":"Prepared","floor":29},{"not_picked":["ReplayTheSpireMod:Speed Training","Flying Knee","Slice+1"],"picked":"SKIP","floor":30},{"not_picked":["Blur","Acrobatics","hubris:TrickCloak"],"picked":"SKIP","floor":31},{"not_picked":["infinitespire:Neurotoxin","Wraith Form v2"],"picked":"Burst","floor":33},{"not_picked":["Prepared","Dagger Throw+1","ReplayTheSpireMod:Speed Training+1"],"picked":"SKIP","floor":35},{"not_picked":["Skewer+1","Catalyst+1","Flying Knee"],"picked":"SKIP","floor":36},{"not_picked":["Bane+1","Dagger Spray+1"],"picked":"Acrobatics+1","floor":37},{"not_picked":["All Out Attack","Backflip+1"],"picked":"Escape Plan+1","floor":42},{"not_picked":["Underhanded Strike+1","Sucker Punch"],"picked":"Concentrate+1","floor":44},{"not_picked":["Sucker Punch","All Out Attack","Draining Mist+1"],"picked":"SKIP","floor":45},{"not_picked":["ReplayTheSpireMod:From All Sides","Outmaneuver","Dodge and Roll"],"picked":"SKIP","floor":46},{"not_picked":["Caltrops+1","Toxin Wave","ReplayTheSpireMod:Shiv Toss"],"picked":"SKIP","floor":47},{"not_picked":["Footwork","Dash","Toxin Wave"],"picked":"SKIP","floor":48}],"player_experience":407916,"relics_obtained":[{"floor":7,"key":"Replay:Arrowhead"},{"floor":9,"key":"Mango"},{"floor":10,"key":"vexMod:MemoryStick"},{"floor":13,"key":"Omamori"},{"floor":23,"key":"Toy Ornithopter"},{"floor":26,"key":"Lantern"},{"floor":27,"key":"hubris:64BitClover"},{"floor":42,"key":"infinitespire:CheckeredPen"},{"floor":43,"key":"infinitespire:ShieldingShard"},{"floor":47,"key":"Bag of Preparation"}],"event_choices":[{"damage_healed":0,"gold_gain":0,"player_choice":"Ignored","damage_taken":0,"max_hp_gain":0,"max_hp_loss":0,"event_name":"Ghosts","floor":19,"gold_loss":0},{"damage_healed":0,"gold_gain":0,"player_choice":"Bought 1 Potion","damage_taken":0,"max_hp_gain":0,"max_hp_loss":0,"event_name":"The Woman in Blue","floor":22,"gold_loss":0}],"is_beta":false,"boss_relics":[{"not_picked":["Cursed Key","hubris:Stopwatch"],"picked":"hubris:Backtick"},{"not_picked":["hubris:CrackedHourglass","Replay:Bronze Core"],"picked":"Ring of the Serpent"}],"items_purged_floors":[4,20,41],"is_endless":false,"potions_floor_spawned":[3,7,10,12,21,23,25,28,33,36,42,46,47],"ascension_level":1}}