{"host":"k7udt7atmcuzf6l0","time":1610610802,"event":{"mods":["AchievementEnabler","BaseMod","Colored Map","Colored Powertips","Highlight Path","Minty Spire (QoL Compilation)","Quick Restart","Rare Cards Sparkle","StSLib","UnlockEverythingMod"],"gold_per_floor":[113,113,132,152,152,152,165,165,165,198,214,214,248,248,248,348,348,368,380,380,407,113,138,138,163,209,222,222,18,35,63,63,164,164,176,4,4,18,68,93,93,93,140,169,169,129,160,160,160,160],"floor_reached":51,"language":"ZHT","playtime":1083,"items_purged":[],"score":897,"play_id":"6d712c92-5677-42ee-b414-ab6469553d97","local_time":"20210114155322","is_ascension_mode":false,"campfire_choices":[{"data":"Flex","floor":6,"key":"SMITH"},{"data":"Pommel Strike","floor":8,"key":"SMITH"},{"data":"Bloodletting","floor":12,"key":"SMITH"},{"data":"Bash","floor":15,"key":"SMITH"},{"data":"Flex","floor":24,"key":"SMITH"},{"data":"Reaper","floor":28,"key":"SMITH"},{"data":"Heavy Blade","floor":32,"key":"SMITH"},{"data":"Pummel","floor":41,"key":"SMITH"},{"data":"Spot Weakness","floor":45,"key":"SMITH"},{"data":"Offering","floor":49,"key":"SMITH"}],"circlet_count":0,"master_deck":["Strike_R+1","Strike_R+1","Strike_R+1","Strike_R+1","Strike_R+1","Defend_R+1","Defend_R+1","Defend_R+1","Bash+1","Flex+1","Pommel Strike+1","Cleave+1","Bloodletting+1","Clash","Brutality+1","Reaper+1","Flex+1","Bloodletting+1","Iron Wave+1","Twin Strike+1","Thunderclap+1","Offering+1","Heavy Blade+1","Berserk+1","Pommel Strike+1","Reaper+1","Spot Weakness+1","Dramatic Entrance","Pummel+1","Armaments+1","Offering+1"],"relics":["Burning Blood","NeowsBlessing","StrikeDummy","Frozen Egg 2","Mercury Hourglass","White Beast Statue","Mark of Pain","Red Mask","Brimstone","Whetstone","Smiling Mask","Anchor","Bag of Preparation","War Paint","Coffee Dripper","Ginger","Meat on the Bone","Art of War","Juzu Bracelet","Self Forming Clay","Oddly Smooth Stone"],"acts_visited":["Exordium","TheCity","TheBeyond"],"potions_floor_usage":[13,16,16,18,19,21,21,23,25,27,31,33,33,39,40,44,44,47,50],"damage_taken":[{"damage":0,"enemies":"2 Louse","floor":1,"turns":1},{"damage":0,"enemies":"Small Slimes","floor":3,"turns":1},{"damage":0,"enemies":"Cultist","floor":4,"turns":1},{"damage":5,"enemies":"3 Louse","floor":7,"turns":3},{"damage":0,"enemies":"Gremlin Nob","floor":10,"turns":2},{"damage":10,"enemies":"Looter","floor":11,"turns":2},{"damage":11,"enemies":"Lagavulin","floor":13,"turns":3},{"damage":54,"enemies":"Hexaghost","floor":16,"turns":5},{"damage":10,"enemies":"2 Thieves","floor":18,"turns":3},{"damage":1,"enemies":"Spheric Guardian","floor":19,"turns":2},{"damage":11,"enemies":"Masked Bandits","floor":21,"turns":3},{"damage":12,"enemies":"Gremlin Leader","floor":23,"turns":4},{"damage":28,"enemies":"Book of Stabbing","floor":25,"turns":3},{"damage":1,"enemies":"Snake Plant","floor":27,"turns":2},{"damage":1,"enemies":"Cultist and Chosen","floor":30,"turns":2},{"damage":10,"enemies":"Slavers","floor":31,"turns":2},{"damage":26,"enemies":"Champ","floor":33,"turns":4},{"damage":0,"enemies":"3 Darklings","floor":35,"turns":1},{"damage":6,"enemies":"3 Shapes","floor":38,"turns":1},{"damage":5,"enemies":"Mind Bloom Boss Battle","floor":39,"turns":3},{"damage":7,"enemies":"Reptomancer","floor":40,"turns":2},{"damage":16,"enemies":"Giant Head","floor":44,"turns":4},{"damage":35,"enemies":"Reptomancer","floor":47,"turns":3},{"damage":61,"enemies":"Awakened One","floor":50,"turns":5}],"seed_played":"5417468483935851744","potions_obtained":[{"floor":1,"key":"Ancient Potion"},{"floor":10,"key":"FearPotion"},{"floor":11,"key":"LiquidMemories"},{"floor":13,"key":"Fire Potion"},{"floor":16,"key":"Dexterity Potion"},{"floor":18,"key":"Dexterity Potion"},{"floor":19,"key":"Ancient Potion"},{"floor":21,"key":"HeartOfIron"},{"floor":23,"key":"FearPotion"},{"floor":25,"key":"Dexterity Potion"},{"floor":27,"key":"Swift Potion"},{"floor":30,"key":"BlessingOfTheForge"},{"floor":31,"key":"Weak Potion"},{"floor":33,"key":"Block Potion"},{"floor":35,"key":"Energy Potion"},{"floor":38,"key":"Regen Potion"},{"floor":39,"key":"SkillPotion"},{"floor":40,"key":"DistilledChaos"},{"floor":44,"key":"Fire Potion"},{"floor":47,"key":"FearPotion"}],"is_trial":false,"path_per_floor":["M","?","M","M","?","R","M","R","T","E","M","R","E","?","R","B",null,"M","M","?","?","$","E","R","E","T","M","R","$","M","E","R","B",null,"M","$","?","M","?","E","R","?","T","E","R","?","E","?","R","B",null],"character_chosen":"IRONCLAD","items_purchased":["Brimstone","Whetstone","Offering","Energy Potion","Reaper","Spot Weakness"],"campfire_rested":0,"item_purchase_floors":[22,22,29,29,36,36],"current_hp_per_floor":[80,73,79,80,73,73,74,74,74,80,76,76,71,71,71,23,80,76,80,80,76,76,80,80,58,58,63,63,63,80,76,76,56,80,80,80,80,80,80,80,80,80,80,80,80,80,51,51,51,60],"gold":160,"neow_bonus":"THREE_ENEMY_KILL","is_daily":false,"chose_seed":false,"campfire_upgraded":10,"win_rate":0.0,"timestamp":1610610802,"path_taken":["M","?","M","M","?","R","M","R","T","E","M","R","E","?","R","BOSS","M","?","?","?","$","E","R","E","T","M","R","?","M","E","R","BOSS","M","$","?","M","?","E","R","?","T","E","R","?","E","?","R","BOSS"],"items_purchased_type":["Relic","Relic","Card","Potion","Card","Card"],"build_version":"2020-12-22","purchased_purges":0,"victory":true,"max_hp_per_floor":[80,80,80,80,80,80,80,80,80,80,80,80,80,80,80,80,80,80,80,80,80,80,80,80,80,80,80,80,80,80,80,80,80,80,80,80,80,80,80,80,80,80,80,80,80,80,80,80,80,80],"card_choices":[{"not_picked":["Warcry","Anger"],"picked":"Twin Strike","floor":1},{"not_picked":["Twin Strike","Shrug It Off"],"picked":"Flex","floor":3},{"not_picked":["Evolve","Intimidate"],"picked":"Pommel Strike","floor":4},{"not_picked":["Clothesline","Evolve"],"picked":"Cleave","floor":7},{"not_picked":["Armaments","Cleave"],"picked":"Bloodletting","floor":10},{"not_picked":["Rupture+1","Ghostly Armor"],"picked":"Clash","floor":11},{"not_picked":["Burning Pact","Seeing Red"],"picked":"Brutality+1","floor":13},{"not_picked":["Limit Break","Impervious"],"picked":"Reaper","floor":16},{"not_picked":["Clash","Heavy Blade"],"picked":"Flex","floor":18},{"not_picked":["Cleave","Metallicize+1"],"picked":"Bloodletting+1","floor":19},{"not_picked":["Ghostly Armor","Carnage"],"picked":"Iron Wave","floor":21},{"not_picked":["Searing Blow","Havoc"],"picked":"Twin Strike+1","floor":23},{"not_picked":["Clothesline","Perfected Strike","Shrug It Off"],"picked":"SKIP","floor":25},{"not_picked":["Anger","Infernal Blade+1"],"picked":"Thunderclap+1","floor":27},{"not_picked":["Armaments","Wild Strike","Twin Strike"],"picked":"SKIP","floor":30},{"not_picked":["Thunderclap","Havoc"],"picked":"Heavy Blade","floor":31},{"not_picked":["Offering","Bludgeon"],"picked":"Berserk+1","floor":33},{"not_picked":["Searing Blow+1","Thunderclap+1"],"picked":"Pommel Strike+1","floor":35},{"not_picked":["Good Instincts","Forethought"],"picked":"Dramatic Entrance","floor":37},{"not_picked":["Power Through+1","Wild Strike+1","Clothesline"],"picked":"SKIP","floor":38},{"not_picked":["Pommel Strike","Headbutt"],"picked":"Pummel","floor":40},{"not_picked":["Clash","Flex"],"picked":"Armaments+1","floor":44},{"not_picked":["Rampage+1","Sentinel"],"picked":"Offering","floor":47}],"player_experience":66492,"relics_obtained":[{"floor":9,"key":"Frozen Egg 2"},{"floor":10,"key":"Mercury Hourglass"},{"floor":13,"key":"White Beast Statue"},{"floor":21,"key":"Red Mask"},{"floor":23,"key":"Smiling Mask"},{"floor":25,"key":"Anchor"},{"floor":26,"key":"Bag of Preparation"},{"floor":31,"key":"War Paint"},{"floor":39,"key":"Ginger"},{"floor":40,"key":"Meat on the Bone"},{"floor":43,"key":"Art of War"},{"floor":44,"key":"Juzu Bracelet"},{"floor":47,"key":"Self Forming Clay"},{"floor":48,"key":"Oddly Smooth Stone"}],"event_choices":[{"damage_healed":0,"gold_gain":0,"player_choice":"Success","damage_taken":7,"relics_obtained":["StrikeDummy"],"max_hp_gain":0,"max_hp_loss":0,"event_name":"Scrap Ooze","floor":2,"gold_loss":0},{"cards_removed":["Defend_R"],"damage_healed":0,"gold_gain":0,"player_choice":"Card Removal","damage_taken":7,"max_hp_gain":0,"max_hp_loss":0,"event_name":"Golden Wing","floor":5,"gold_loss":0},{"damage_healed":0,"gold_gain":0,"player_choice":"Upgraded","damage_taken":0,"max_hp_gain":0,"max_hp_loss":0,"event_name":"Upgrade Shrine","floor":14,"gold_loss":0,"cards_upgraded":["Cleave"]},{"damage_healed":0,"gold_gain":0,"player_choice":"Simplicity","damage_taken":0,"max_hp_gain":0,"max_hp_loss":0,"event_name":"Back to Basics","floor":20,"gold_loss":0,"cards_upgraded":["Strike_R","Strike_R","Strike_R","Strike_R","Strike_R","Defend_R","Defend_R","Defend_R"]},{"damage_healed":0,"gold_gain":0,"player_choice":"Fought Bandits","damage_taken":0,"max_hp_gain":0,"max_hp_loss":0,"event_name":"Masked Bandits","floor":21,"gold_loss":0},{"damage_healed":0,"gold_gain":0,"player_choice":"Memory 1","damage_taken":0,"max_hp_gain":0,"max_hp_loss":0,"event_name":"SensoryStone","floor":37,"gold_loss":0},{"damage_healed":0,"gold_gain":0,"player_choice":"Fight","damage_taken":0,"max_hp_gain":0,"max_hp_loss":0,"event_name":"MindBloom","floor":39,"gold_loss":0},{"cards_removed":["Twin Strike"],"damage_healed":0,"gold_gain":0,"player_choice":"Removed Attack","damage_taken":0,"max_hp_gain":0,"max_hp_loss":0,"event_name":"Falling","floor":42,"gold_loss":0},{"damage_healed":0,"gold_gain":0,"player_choice":"Upgrade","damage_taken":0,"max_hp_gain":0,"max_hp_loss":0,"event_name":"Designer","floor":46,"gold_loss":40,"cards_upgraded":["Reaper"]},{"damage_healed":0,"gold_gain":0,"player_choice":"Relic","damage_taken":0,"max_hp_gain":0,"max_hp_loss":0,"event_name":"Wheel of Change","floor":48,"gold_loss":0}],"is_beta":false,"boss_relics":[{"not_picked":["Runic Dome","Velvet Choker"],"picked":"Mark of Pain"},{"not_picked":["SlaversCollar","Astrolabe"],"picked":"Coffee Dripper"}],"items_purged_floors":[],"is_endless":false,"potions_floor_spawned":[1,10,11,13,16,18,19,21,23,25,27,30,31,33,35,38,39,40,44,47],"ascension_level":0}}