{"host":"dpbezu80jg8zk7un","time":1610600872,"event":{"mods":["BaseMod","Colored Map","Colored Powertips","Custom Start","DeckTracker","Minty Spire (QoL Compilation)","Quick Restart","StSLib","SuperFastMode"],"gold_per_floor":[110,110,110,123,139,139,155,155,223,223,261,282,207,132,132,227,227,240,259,159,249,262,262,277,277,277,321,321,335,371,380,380,479,551,571,446,466,529,195,235,269,269,269,318,358,358,392,392,392,392,392,392,392,122,158,158],"floor_reached":57,"language":"KOR","playtime":1706,"items_purged":["Defend_P","Defend_P","Strike_P","Strike_P","FlurryOfBlows+1"],"score":3743,"play_id":"306d850f-7b62-468c-be89-79078111e3bf","local_time":"20210114140752","is_ascension_mode":true,"campfire_choices":[{"data":"Eruption","floor":6.0,"key":"SMITH"},{"data":"FlurryOfBlows","floor":8.0,"key":"SMITH"},{"data":"MentalFortress","floor":15.0,"key":"SMITH"},{"data":"Adaptation","floor":23.0,"key":"SMITH"},{"data":"Scrawl","floor":25.0,"key":"SMITH"},{"floor":28.0,"key":"REST"},{"data":"InnerPeace","floor":32.0,"key":"SMITH"},{"data":"CrushJoints","floor":42.0,"key":"SMITH"},{"data":"Scrawl","floor":46,"key":"SMITH"},{"floor":49,"key":"RECALL"},{"data":"FearNoEvil","floor":53,"key":"SMITH"}],"circlet_count":0,"master_deck":["AscendersBane","Defend_P+1","Eruption+1","Vigilance","EmptyFist","MentalFortress+1","Adaptation+1","Scrawl+1","InnerPeace+1","FearNoEvil+1","CrushJoints+1","Scrawl+1"],"relics":["PureWater","Ancient Tea Set","Pear","Golden Idol","FossilizedHelix","Philosopher\u0027s Stone","Shuriken","CeramicFish","TeardropLocket","Tiny House","WingedGreaves","TheAbacus","Bronze Scales","Happy Flower","The Courier","Du-Vu Doll","Eternal Feather","Art of War","Pen Nib"],"acts_visited":["Exordium","TheCity","TheBeyond","TheEnding"],"potions_floor_usage":[56,56],"damage_taken":[{"damage":1.0,"enemies":"Small Slimes","floor":1.0,"turns":4.0},{"damage":0.0,"enemies":"2 Louse","floor":4.0,"turns":3.0},{"damage":2.0,"enemies":"Jaw Worm","floor":5.0,"turns":6.0},{"damage":1.0,"enemies":"Looter","floor":7.0,"turns":3.0},{"damage":14.0,"enemies":"Gremlin Nob","floor":11.0,"turns":3.0},{"damage":0.0,"enemies":"Gremlin Gang","floor":12.0,"turns":4.0},{"damage":0.0,"enemies":"Hexaghost","floor":16.0,"turns":6.0},{"damage":0.0,"enemies":"2 Thieves","floor":18.0,"turns":3.0},{"damage":0.0,"enemies":"Shell Parasite","floor":19.0,"turns":4.0},{"damage":11.0,"enemies":"Snake Plant","floor":22.0,"turns":4.0},{"damage":0.0,"enemies":"Snecko","floor":24.0,"turns":3.0},{"damage":0.0,"enemies":"Gremlin Leader","floor":27.0,"turns":3.0},{"damage":0.0,"enemies":"3 Cultists","floor":29.0,"turns":2.0},{"damage":0.0,"enemies":"Book of Stabbing","floor":30.0,"turns":3.0},{"damage":0.0,"enemies":"Collector","floor":33.0,"turns":1.0},{"damage":0.0,"enemies":"3 Darklings","floor":35.0,"turns":1.0},{"damage":0.0,"enemies":"3 Shapes","floor":37.0,"turns":1.0},{"damage":0.0,"enemies":"2 Orb Walkers","floor":38.0,"turns":2.0},{"damage":0.0,"enemies":"Giant Head","floor":40.0,"turns":1.0},{"damage":0.0,"enemies":"Nemesis","floor":41.0,"turns":1.0},{"damage":0.0,"enemies":"Giant Head","floor":44.0,"turns":1.0},{"damage":0,"enemies":"Nemesis","floor":45,"turns":3},{"damage":0,"enemies":"Reptomancer","floor":47,"turns":1},{"damage":0,"enemies":"Donu and Deca","floor":50,"turns":4},{"damage":0,"enemies":"Time Eater","floor":51,"turns":4},{"damage":0,"enemies":"Shield and Spear","floor":55,"turns":1},{"damage":7,"enemies":"The Heart","floor":56,"turns":4}],"seed_played":"-1327710273671167706","potions_obtained":[{"floor":5.0,"key":"Strength Potion"},{"floor":11.0,"key":"GamblersBrew"},{"floor":19.0,"key":"GamblersBrew"},{"floor":24.0,"key":"Explosive Potion"},{"floor":34.0,"key":"Strength Potion"},{"floor":35.0,"key":"DistilledChaos"}],"is_trial":false,"path_per_floor":["M","?","?","M","M","R","M","R","T","?","E","M","$","?","R","B",null,"M","M","$","?","M","R","M","R","T","E","R","M","E","?","R","B",null,"M","$","M","?","$","E","E","R","T","E","E","R","E","?","R","B","B",null,"R","$","E","B",null],"character_chosen":"WATCHER","items_purchased":["TheAbacus","CrushJoints","Art of War"],"campfire_rested":1,"item_purchase_floors":[39,39,54],"current_hp_per_floor":[60,53,35,35,33,33,32,32,42,42,28,28,28,28,28,28,60,60,60,60,48,37,37,37,37,37,37,58,58,58,58,58,58,73,73,73,73,73,73,73,73,73,73,73,73,73,73,73,76,76,76,76,76,76,76,69],"gold":158,"neow_bonus":"REMOVE_CARD","is_daily":false,"chose_seed":false,"campfire_upgraded":9,"win_rate":0.0,"timestamp":1610600872,"path_taken":["M","?","?","M","M","R","M","R","T","?","E","M","$","?","R","BOSS","M","M","$","?","?","R","M","R","T","E","R","?","E","?","R","BOSS","M","$","M","?","$","E","E","R","T","E","E","R","E","?","R","BOSS","BOSS","R","$","E","BOSS"],"items_purchased_type":["Relic","Card","Relic"],"build_version":"2020-12-22","purchased_purges":5,"victory":true,"max_hp_per_floor":[68,68,68,68,68,68,68,68,78,71,71,71,71,71,71,71,71,71,71,71,71,71,71,71,71,71,71,71,71,71,71,71,71,76,76,76,76,76,76,76,76,76,76,76,76,76,76,76,76,76,76,76,76,76,76,76],"card_choices":[{"not_picked":["Protect","PathToVictory","SashWhip"],"picked":"SKIP","floor":1.0},{"not_picked":["Fasting2","ThirdEye"],"picked":"FlurryOfBlows","floor":4.0},{"not_picked":["Consecrate","BowlingBash","LikeWater"],"picked":"SKIP","floor":5.0},{"not_picked":["Weave","SpiritShield"],"picked":"EmptyFist","floor":7.0},{"not_picked":["EmptyBody","EmptyFist"],"picked":"MentalFortress","floor":11.0},{"not_picked":["WindmillStrike","SashWhip"],"picked":"Adaptation","floor":12.0},{"not_picked":["ConjureBlade","DevaForm"],"picked":"Scrawl","floor":16.0},{"not_picked":["JustLucky","Wallop","BattleHymn"],"picked":"SKIP","floor":18.0},{"not_picked":["FlurryOfBlows","MentalFortress","ThirdEye+1"],"picked":"SKIP","floor":19.0},{"not_picked":["FlyingSleeves","Crescendo","Worship"],"picked":"SKIP","floor":22.0},{"not_picked":["Crescendo","Prostrate","ClearTheMind"],"picked":"SKIP","floor":24.0},{"not_picked":["EmptyBody","MasterReality","Consecrate"],"picked":"SKIP","floor":27.0},{"not_picked":["FlurryOfBlows","Wallop","Indignation"],"picked":"SKIP","floor":29.0},{"not_picked":["Prostrate","EmptyFist","Collect"],"picked":"SKIP","floor":30.0},{"not_picked":["CutThroughFate","ThirdEye+1"],"picked":"FearNoEvil","floor":34.0},{"not_picked":["Pray","TalkToTheHand","SashWhip"],"picked":"SKIP","floor":35.0},{"not_picked":["CutThroughFate","Halt","Sanctity"],"picked":"SKIP","floor":37.0},{"not_picked":["Crescendo+1","Omniscience","Fasting2"],"picked":"SKIP","floor":40.0},{"not_picked":["Wireheading","JustLucky+1","EmptyFist"],"picked":"SKIP","floor":41.0},{"not_picked":["PathToVictory+1","CutThroughFate"],"picked":"Scrawl","floor":44.0},{"not_picked":["PathToVictory","DeceiveReality+1","Brilliance"],"picked":"SKIP","floor":45},{"not_picked":["CrushJoints","WheelKick","FlyingSleeves+1"],"picked":"SKIP","floor":47},{"not_picked":["WindmillStrike","Study","Tantrum"],"picked":"SKIP","floor":55}],"player_experience":2876508,"relics_obtained":[{"floor":9.0,"key":"Pear"},{"floor":11.0,"key":"FossilizedHelix"},{"floor":26.0,"key":"Shuriken"},{"floor":27.0,"key":"CeramicFish"},{"floor":30.0,"key":"TeardropLocket"},{"floor":38.0,"key":"WingedGreaves"},{"floor":40.0,"key":"Bronze Scales"},{"floor":41.0,"key":"Happy Flower"},{"floor":44.0,"key":"The Courier"},{"floor":45,"key":"Du-Vu Doll"},{"floor":47,"key":"Eternal Feather"},{"floor":55,"key":"Pen Nib"}],"event_choices":[{"cards_removed":["Strike_P"],"damage_healed":0.0,"max_hp_gain":0.0,"max_hp_loss":0.0,"gold_gain":0.0,"event_name":"Golden Wing","player_choice":"Card Removal","floor":2.0,"gold_loss":0.0,"damage_taken":7.0},{"damage_healed":0.0,"max_hp_gain":0.0,"max_hp_loss":0.0,"gold_gain":0.0,"event_name":"Scrap Ooze","player_choice":"Success","floor":3.0,"gold_loss":0.0,"damage_taken":18.0,"relics_obtained":["Ancient Tea Set"]},{"damage_healed":0.0,"max_hp_gain":0.0,"max_hp_loss":7.0,"gold_gain":0.0,"event_name":"Golden Idol","player_choice":"Lose Max HP","floor":10.0,"gold_loss":0.0,"damage_taken":0.0,"relics_obtained":["Golden Idol"]},{"cards_removed":["Strike_P"],"damage_healed":0.0,"max_hp_gain":0.0,"max_hp_loss":0.0,"gold_gain":0.0,"event_name":"The Cleric","player_choice":"Card Removal","floor":14.0,"gold_loss":75.0,"damage_taken":0.0},{"damage_healed":0.0,"max_hp_gain":0.0,"max_hp_loss":0.0,"gold_gain":90.0,"event_name":"Knowing Skull","player_choice":"GOLD ","floor":21.0,"potions_obtained":[],"gold_loss":0.0,"damage_taken":12.0,"cards_obtained":[]},{"damage_healed":0.0,"max_hp_gain":0.0,"max_hp_loss":0.0,"gold_gain":0.0,"event_name":"The Library","player_choice":"Read","floor":31.0,"gold_loss":0.0,"damage_taken":0.0,"cards_obtained":["InnerPeace"]},{"damage_healed":0.0,"max_hp_gain":0.0,"max_hp_loss":0.0,"gold_gain":0.0,"event_name":"Mysterious Sphere","player_choice":"Fight","floor":38.0,"gold_loss":0.0,"damage_taken":0.0},{"damage_healed":0,"gold_gain":0,"player_choice":"Ignored","damage_taken":0,"max_hp_gain":0,"max_hp_loss":0,"event_name":"Tomb of Lord Red Mask","floor":48,"gold_loss":0}],"is_beta":false,"boss_relics":[{"not_picked":["Busted Crown","Runic Dome"],"picked":"Philosopher\u0027s Stone"},{"not_picked":["Velvet Choker","Fusion Hammer"],"picked":"Tiny House"}],"items_purged_floors":[13,20,36,39,54],"is_endless":false,"potions_floor_spawned":[5,11,19,24,33,35,38,41,44],"ascension_level":20}}