{"host":"d85gwtocd8go8gx0","time":1610664206,"event":{"mods":["BaseMod","Highlight Path","Minty Spire (QoL Compilation)","Permanent Neow","Quick Restart"],"gold_per_floor":[116,128,146,159,334,367,367,388,413,444,457,457,457,471,471,575,575,590,610,535,554,568,597,611,611,611,625,625,640,640,672,672,774,774,792,806,817,293,307,307,19,34,34,45,55,55,74,54,54,54,54],"floor_reached":50,"language":"ENG","playtime":2361,"items_purged":["Strike_R"],"score":577,"play_id":"b6419f0f-3f75-4318-b7e3-ddfe0e06e5a6","local_time":"20210114144326","is_ascension_mode":false,"campfire_choices":[{"data":"Bash","floor":7.0,"key":"SMITH"},{"data":"Seeing Red","floor":12.0,"key":"SMITH"},{"data":"Rupture","floor":15.0,"key":"SMITH"},{"floor":25.0,"key":"REST"},{"floor":30.0,"key":"REST"},{"data":"Spot Weakness","floor":32.0,"key":"SMITH"},{"data":"Uppercut","floor":40.0,"key":"SMITH"},{"data":"Heavy Blade","floor":46.0,"key":"SMITH"},{"floor":49.0,"key":"REST"}],"circlet_count":0,"master_deck":["Strike_R","Strike_R","Strike_R","Strike_R","Defend_R","Defend_R","Defend_R","Defend_R","Bash+1","Immolate","Havoc","Heavy Blade+1","Pommel Strike","Seeing Red+1","Anger","Bloodletting","Double Tap","Rupture+1","Ghostly Armor","Offering","Warcry","Spot Weakness+1","Twin Strike","Flex","Warcry","Seeing Red","Uppercut+1","Warcry","Demon Form","Battle Trance","Twin Strike+1","Battle Trance+1","Mind Blast","Intimidate","Ghostly Armor+1","Normality","Exhume","Heavy Blade+1","Perfected Strike+1"],"relics":["Burning Blood","Regal Pillow","Odd Mushroom","Centennial Puzzle","Potion Belt","Eternal Feather","Cursed Key","Turnip","Pear","Bird Faced Urn","Mark of Pain","FossilizedHelix","Brimstone","HornCleat"],"acts_visited":["Exordium","TheCity","TheBeyond"],"potions_floor_usage":[50,50,50,50,50],"damage_taken":[{"damage":1.0,"enemies":"Cultist","floor":1.0,"turns":3.0},{"damage":6.0,"enemies":"Jaw Worm","floor":2.0,"turns":3.0},{"damage":7.0,"enemies":"2 Louse","floor":3.0,"turns":2.0},{"damage":10.0,"enemies":"Looter","floor":4.0,"turns":3.0},{"damage":12.0,"enemies":"3 Sentries","floor":6.0,"turns":5.0},{"damage":13.0,"enemies":"The Mushroom Lair","floor":8.0,"turns":2.0},{"damage":24.0,"enemies":"Lagavulin","floor":10.0,"turns":6.0},{"damage":0.0,"enemies":"Large Slime","floor":11.0,"turns":3.0},{"damage":0.0,"enemies":"Gremlin Gang","floor":14.0,"turns":1.0},{"damage":60.0,"enemies":"The Guardian","floor":16.0,"turns":9.0},{"damage":13.0,"enemies":"Chosen","floor":18.0,"turns":4.0},{"damage":26.0,"enemies":"2 Thieves","floor":19.0,"turns":2.0},{"damage":14.0,"enemies":"Chosen and Byrds","floor":21.0,"turns":3.0},{"damage":19.0,"enemies":"Shelled Parasite and Fungi","floor":22.0,"turns":4.0},{"damage":4.0,"enemies":"Book of Stabbing","floor":23.0,"turns":3.0},{"damage":29.0,"enemies":"Snecko","floor":24.0,"turns":4.0},{"damage":19.0,"enemies":"Centurion and Healer","floor":27.0,"turns":4.0},{"damage":36.0,"enemies":"Sentry and Sphere","floor":29.0,"turns":6.0},{"damage":9.0,"enemies":"Gremlin Leader","floor":31.0,"turns":3.0},{"damage":56.0,"enemies":"Champ","floor":33.0,"turns":8.0},{"damage":16.0,"enemies":"Orb Walker","floor":35.0,"turns":3.0},{"damage":31.0,"enemies":"3 Darklings","floor":36.0,"turns":4.0},{"damage":17.0,"enemies":"Spire Growth","floor":37.0,"turns":3.0},{"damage":12.0,"enemies":"Sphere and 2 Shapes","floor":39.0,"turns":3.0},{"damage":27.0,"enemies":"Writhing Mass","floor":42.0,"turns":3.0},{"damage":13.0,"enemies":"Transient","floor":44.0,"turns":5.0},{"damage":14.0,"enemies":"4 Shapes","floor":45.0,"turns":4.0},{"damage":0.0,"enemies":"Jaw Worm Horde","floor":47.0,"turns":3.0},{"damage":128,"enemies":"Awakened One","floor":50,"turns":7}],"seed_played":"9121347628227892124","potions_obtained":[{"floor":2.0,"key":"PowerPotion"},{"floor":4.0,"key":"SpeedPotion"},{"floor":8.0,"key":"Ancient Potion"},{"floor":14.0,"key":"EssenceOfSteel"},{"floor":18.0,"key":"AttackPotion"},{"floor":19.0,"key":"Swift Potion"},{"floor":29.0,"key":"Dexterity Potion"},{"floor":31.0,"key":"FearPotion"},{"floor":37.0,"key":"SpeedPotion"},{"floor":42.0,"key":"SteroidPotion"},{"floor":48.0,"key":"CultistPotion"}],"is_trial":false,"path_per_floor":["M","M","M","M","?","E","R","?","T","E","M","R","?","M","R","B",null,"M","M","?","M","M","E","M","R","T","M","?","M","R","E","R","B",null,"M","M","M","$","M","R","$","M","T","M","M","R","M","?","R","B"],"character_chosen":"IRONCLAD","items_purchased":["FossilizedHelix","Brimstone","Mind Blast","BloodPotion","Regen Potion","Intimidate"],"campfire_rested":3,"item_purchase_floors":[38,38,41,41,41,41],"current_hp_per_floor":[80,80,79,75,75,69,69,62,62,44,50,50,43,49,61,7,80,73,53,53,45,32,34,11,65,75,62,62,32,89,86,90,42,90,80,59,48,48,42,60,60,41,41,36,30,51,57,57,90,0,0],"gold":54,"neow_bonus":"ONE_RANDOM_RARE_CARD","is_daily":false,"chose_seed":false,"campfire_upgraded":6,"win_rate":0.0,"timestamp":1610664206,"path_taken":["M","?","M","M","?","E","R","?","T","E","M","R","?","M","R","BOSS","M","M","?","M","M","E","M","R","T","M","?","M","R","E","R","BOSS","M","M","M","$","M","R","$","M","T","?","M","R","M","?","R","BOSS"],"items_purchased_type":["Relic","Relic","Card","Potion","Potion","Card"],"build_version":"2020-12-22","purchased_purges":1,"victory":false,"max_hp_per_floor":[80,80,80,80,80,80,80,80,80,80,80,80,80,80,80,80,80,80,80,80,80,80,80,80,80,90,90,90,90,90,90,90,90,90,90,90,90,90,90,90,90,90,90,90,90,90,90,90,90,90,90],"card_choices":[{"not_picked":["Armaments","Clash"],"picked":"Havoc","floor":1.0},{"not_picked":["Armaments","Body Slam"],"picked":"Heavy Blade","floor":2.0},{"not_picked":["True Grit","Sever Soul"],"picked":"Pommel Strike","floor":3.0},{"not_picked":["Feel No Pain","Pummel"],"picked":"Seeing Red","floor":4.0},{"not_picked":["Rampage","Shockwave"],"picked":"Anger","floor":6.0},{"not_picked":["Shockwave","Sword Boomerang"],"picked":"Bloodletting","floor":8.0},{"not_picked":["Havoc","Wild Strike"],"picked":"Double Tap","floor":10.0},{"not_picked":["Dual Wield","Dark Embrace"],"picked":"Rupture","floor":11.0},{"not_picked":["Sword Boomerang","Wild Strike"],"picked":"Ghostly Armor","floor":14.0},{"not_picked":["Brutality","Feed"],"picked":"Offering","floor":16.0},{"not_picked":["Whirlwind","Shrug It Off+1"],"picked":"Warcry","floor":18.0},{"not_picked":["Havoc","Armaments"],"picked":"Spot Weakness","floor":19.0},{"not_picked":["Dual Wield","Iron Wave"],"picked":"Twin Strike","floor":21.0},{"not_picked":["Rupture","Clash"],"picked":"Flex","floor":22.0},{"not_picked":["Sword Boomerang","Ghostly Armor"],"picked":"Warcry","floor":23.0},{"not_picked":["Infernal Blade+1","Body Slam+1"],"picked":"Seeing Red","floor":24.0},{"not_picked":["Shrug It Off","Second Wind+1"],"picked":"Uppercut","floor":27.0},{"not_picked":["Rampage","Intimidate","Sever Soul"],"picked":"SKIP","floor":29.0},{"not_picked":["Infernal Blade","Rampage"],"picked":"Warcry","floor":31.0},{"not_picked":["Immolate","Fiend Fire"],"picked":"Demon Form","floor":33.0},{"not_picked":["Perfected Strike+1","Anger"],"picked":"Battle Trance","floor":35.0},{"not_picked":["Body Slam+1","Anger+1"],"picked":"Twin Strike+1","floor":36.0},{"not_picked":["Burning Pact","Armaments","Body Slam+1"],"picked":"SKIP","floor":37.0},{"not_picked":["Cleave","Rampage+1"],"picked":"Battle Trance+1","floor":39.0},{"not_picked":["Searing Blow","Rampage+1"],"picked":"Ghostly Armor+1","floor":42.0},{"not_picked":["Iron Wave+1","Twin Strike"],"picked":"Exhume","floor":44.0},{"not_picked":["Dropkick+1","Havoc"],"picked":"Heavy Blade+1","floor":45.0},{"not_picked":["Pommel Strike","Flame Barrier"],"picked":"Perfected Strike+1","floor":47.0}],"player_experience":3547,"relics_obtained":[{"floor":6.0,"key":"Regal Pillow"},{"floor":8.0,"key":"Odd Mushroom"},{"floor":9.0,"key":"Centennial Puzzle"},{"floor":10.0,"key":"Potion Belt"},{"floor":23.0,"key":"Turnip"},{"floor":26.0,"key":"Pear"},{"floor":31.0,"key":"Bird Faced Urn"},{"floor":43.0,"key":"HornCleat"}],"event_choices":[{"damage_healed":0.0,"max_hp_gain":0.0,"max_hp_loss":0.0,"gold_gain":175.0,"event_name":"Liars Game","player_choice":"AGREE","floor":5.0,"gold_loss":0.0,"damage_taken":0.0,"cards_obtained":["Doubt"]},{"damage_healed":0.0,"max_hp_gain":0.0,"max_hp_loss":0.0,"gold_gain":0.0,"event_name":"Mushrooms","player_choice":"Fought Mushrooms","floor":8.0,"gold_loss":0.0,"damage_taken":0.0},{"damage_healed":0.0,"max_hp_gain":0.0,"max_hp_loss":0.0,"gold_gain":0.0,"event_name":"Scrap Ooze","player_choice":"Success","floor":13.0,"gold_loss":0.0,"damage_taken":7.0,"relics_obtained":["Eternal Feather"]},{"cards_removed":["Doubt"],"damage_healed":0.0,"max_hp_gain":0.0,"max_hp_loss":0.0,"gold_gain":0.0,"event_name":"Beggar","player_choice":"Gave Gold","floor":20.0,"gold_loss":75.0,"damage_taken":0.0},{"cards_removed":["Injury"],"damage_healed":0.0,"max_hp_gain":0.0,"max_hp_loss":0.0,"gold_gain":0.0,"event_name":"Fountain of Cleansing","player_choice":"Removed Curses","floor":28.0,"gold_loss":0.0,"damage_taken":0.0},{"damage_healed":0.0,"max_hp_gain":0.0,"max_hp_loss":0.0,"gold_gain":0.0,"event_name":"The Woman in Blue","player_choice":"Bought 1 Potion","floor":48.0,"gold_loss":0.0,"damage_taken":0.0}],"is_beta":false,"boss_relics":[{"not_picked":["Black Blood","Velvet Choker"],"picked":"Cursed Key"},{"not_picked":["Busted Crown","Calling Bell"],"picked":"Mark of Pain"}],"items_purged_floors":[38],"is_endless":false,"potions_floor_spawned":[2,4,8,14,18,19,22,29,31,37,42,44,47],"killed_by":"Awakened One","ascension_level":0}}