{"host":"7zf4clf2edgxyvhi","time":1610658051,"event":{"mods":["2.2 Compatiblity","Act Like it!","Ascension Reborn","Aspiration","Bard","BaseMod","Beaked The Cultist","Block Reminder","CatGirl Mod","Chat Monstrosity","Colored Map","Colored Powertips","Conspire","Defective Defect","Dio Mod","Downfall","Duelist Mod","Energized Spire","Fireblade Mod","GifTheSpireLib","Googly Eyes","GungeonMod","Hallownest","Hermit","Hubris","Infinite Spire","Mari Mod (Legacy)","Mari\u0027s V1 Patch","Marked Mod","Minty Spire (QoL Compilation)","Pale of the Ancients","Permanent Neow","Quarter Circle Forward PUNCH!","Quick Restart","RatMod","Relic Stats","Replay The Spire","Reworked Bosses","Shop Mod","ShortenTheSpire","Small Relic Pack","Spicy Shops","Spikes Relics","StSLib","Stuff the Spire","SuperFastMode","TestMod","The Accelerator","The Animator","The Blackbeard","The Bladedancer","The Bug Knight","The Construct","The Cursed","The Disciple","The Factory","The Ghost of Christmas Present","The IronCluck","The Jungle","The Necromancer","The Runesmith","The Wild Card","TheHeartMod","Trackpad","slay the spire mod where everything is the same but ironclad has a cowboy hat","vexMod","???Mod??????Boss"],"gold_per_floor":[134,173,210,210,210,210,210],"floor_reached":6,"language":"ENG","playtime":2035,"items_purged":[],"score":34,"play_id":"265bccfe-50f4-4825-b7cb-fb014d44d743","local_time":"20210114160051","is_ascension_mode":true,"campfire_choices":[],"circlet_count":0,"master_deck":["beaked:Strike_Y","beaked:Strike_Y","beaked:Strike_Y","beaked:Strike_Y","beaked:Strike_Y","beaked:Strike_Y","beaked:Defend_Y","beaked:Defend_Y","beaked:Defend_Y","beaked:Defend_Y","beaked:Ceremony","beaked:Ceremony","beaked:Ceremony","vexMod:UltimateCard","hubris:Greed","Hallownest:curseDreamersLament","beaked:FeelMyPain","beaked:RitualOfBody","beaked:Roost","beaked:BarbedWire","hubris:Greed"],"relics":["beaked:MendingPlumage","testmod-TestBox","aspiration:Nostalgia","theDuelist:MillenniumPuzzle","testmod-Laevatain","DemoMod:GlassGuonStoneRelic","infinitespire:Bottled Soul","Replay:Wax Seal"],"acts_visited":["Exordium"],"potions_floor_usage":[6],"damage_taken":[{"damage":17,"enemies":"Hallownest:monsterHuskGuard","floor":1,"turns":5},{"damage":38,"enemies":"conspire:MimicChest","floor":2,"turns":5},{"damage":11,"enemies":"Hallownest:monsterHuskWarrior","floor":3,"turns":3},{"damage":14,"enemies":"Hallownest:eliteCrystalGuardian","floor":6,"turns":2}],"seed_played":"7288516658233310087","potions_obtained":[{"floor":1,"key":"Weak Potion"}],"is_trial":false,"path_per_floor":["M","?","M","?","$","E"],"character_chosen":"BEAKED_THE_CULTIST","items_purchased":["Replay:Wax Seal"],"campfire_rested":0,"item_purchase_floors":[5],"current_hp_per_floor":[40,15,12,12,7,0,0],"gold":210,"neow_bonus":"NOSTALGIA","is_daily":false,"chose_seed":false,"campfire_upgraded":0,"win_rate":0.0,"timestamp":1610658051,"path_taken":["M","?","M","?","?","E"],"items_purchased_type":["Relic"],"build_version":"2020-12-22","purchased_purges":0,"victory":false,"max_hp_per_floor":[50,50,50,50,50,50,50],"relic_stats":{"counters":[4,15],"obtain_stats":[{"testmod-TestBox":0,"aspiration:Nostalgia":0,"testmod-Laevatain":0,"infinitespire:Bottled Soul":2,"DemoMod:GlassGuonStoneRelic":1,"theDuelist:MillenniumPuzzle":0,"beaked:MendingPlumage":0,"Replay:Wax Seal":5},{"testmod-TestBox":0,"aspiration:Nostalgia":0,"testmod-Laevatain":0,"infinitespire:Bottled Soul":2,"DemoMod:GlassGuonStoneRelic":1,"theDuelist:MillenniumPuzzle":0,"beaked:MendingPlumage":0,"Replay:Wax Seal":3},{"testmod-TestBox":0,"aspiration:Nostalgia":0,"testmod-Laevatain":0,"infinitespire:Bottled Soul":10,"DemoMod:GlassGuonStoneRelic":5,"theDuelist:MillenniumPuzzle":0,"beaked:MendingPlumage":0,"Replay:Wax Seal":13}]},"card_choices":[{"not_picked":["beaked:Mantra","beaked:CursingBlood"],"picked":"beaked:FeelMyPain","floor":1},{"not_picked":["ReplayTheSpireMod:Wings of Steel","beaked:Tradeoff"],"picked":"beaked:RitualOfBody","floor":2},{"not_picked":["beaked:Recite","beaked:Overexert"],"picked":"beaked:Roost","floor":3}],"player_experience":588775,"relics_obtained":[{"floor":2,"key":"infinitespire:Bottled Soul"}],"event_choices":[],"is_beta":false,"boss_relics":[],"items_purged_floors":[],"is_endless":false,"potions_floor_spawned":[1],"killed_by":"Hallownest:eliteCrystalGuardian","ascension_level":0}}