{"host":"tw7a6rmo9h75ssrt","time":1610624577,"event":{"mods":["AchievementEnabler","Act Like it!","BaseMod","Better Debug","Colored Map","Dark Map","Highlight Path","Minty Spire (QoL Compilation)","Quick Restart","StSLib","SuperFastMode"],"gold_per_floor":[99,24,73,23,23,52,52,78,90,119,131,163,192,222,234,348,360,387,414,158,178,224,224,252,252,252,252,267,293,293,309,309,404,404,423,442,462,462,481,515,0,0,71,71,101,51,51,63,63,63],"floor_reached":51,"language":"ZHS","playtime":3176,"items_purged":["Strike_R","Bash","Clash","Rage"],"score":1150,"play_id":"5ad30dd2-b32e-4aa5-84dd-7bd4b2afd21f","local_time":"20210114194257","is_ascension_mode":true,"campfire_choices":[{"data":"Armaments","floor":7.0,"key":"SMITH"},{"data":"True Grit","floor":11.0,"key":"SMITH"},{"data":"Body Slam","floor":15.0,"key":"SMITH"},{"data":"Dark Embrace","floor":23.0,"key":"SMITH"},{"data":"Corruption","floor":27.0,"key":"SMITH"},{"data":"Bloodletting","floor":30.0,"key":"SMITH"},{"data":"Pommel Strike","floor":32.0,"key":"SMITH"},{"data":"Dark Embrace","floor":42,"key":"SMITH"},{"data":"Offering","floor":44,"key":"SMITH"},{"data":"Pommel Strike","floor":49,"key":"SMITH"}],"circlet_count":0,"master_deck":["Armaments+1","Pommel Strike+1","True Grit+1","Impervious","Body Slam+1","Corruption+1","Body Slam+1","Pommel Strike+1","Bloodletting+1","Impervious","Dark Embrace+1","Battle Trance","Offering+1","Exhume","Entrench+1","Shrug It Off","Dark Embrace+1"],"relics":["Burning Blood","NeowsBlessing","Bronze Scales","Smiling Mask","MawBank","Mercury Hourglass","Pandora\u0027s Box","ClockworkSouvenir","Toy Ornithopter","Champion Belt","Bottled Tornado","Incense Burner","Philosopher\u0027s Stone","Meat on the Bone","Singing Bowl","Frozen Eye","StrikeDummy","Omamori","Mango"],"acts_visited":["Exordium","TheCity","TheBeyond"],"potions_floor_usage":[50],"damage_taken":[{"damage":0.0,"enemies":"Cultist","floor":1.0,"turns":1.0},{"damage":0.0,"enemies":"Gremlin Nob","floor":6.0,"turns":1.0},{"damage":0.0,"enemies":"3 Sentries","floor":8.0,"turns":2.0},{"damage":2.0,"enemies":"Jaw Worm","floor":10.0,"turns":3.0},{"damage":0.0,"enemies":"Small Slimes","floor":12.0,"turns":3.0},{"damage":0.0,"enemies":"Red Slaver","floor":13.0,"turns":4.0},{"damage":0.0,"enemies":"Blue Slaver","floor":14.0,"turns":2.0},{"damage":41.0,"enemies":"Hexaghost","floor":16.0,"turns":9.0},{"damage":20.0,"enemies":"Shell Parasite","floor":18.0,"turns":4.0},{"damage":3.0,"enemies":"Chosen","floor":19.0,"turns":3.0},{"damage":3.0,"enemies":"Snecko","floor":21.0,"turns":3.0},{"damage":11.0,"enemies":"Book of Stabbing","floor":24.0,"turns":3.0},{"damage":8.0,"enemies":"Snake Plant","floor":28.0,"turns":2.0},{"damage":9.0,"enemies":"Slavers","floor":29.0,"turns":1.0},{"damage":9.0,"enemies":"3 Cultists","floor":31.0,"turns":2.0},{"damage":12.0,"enemies":"Collector","floor":33.0,"turns":1.0},{"damage":6.0,"enemies":"3 Shapes","floor":35.0,"turns":1.0},{"damage":1,"enemies":"Orb Walker","floor":36,"turns":2},{"damage":6,"enemies":"Sphere and 2 Shapes","floor":37,"turns":1},{"damage":12,"enemies":"Jaw Worm Horde","floor":39,"turns":1},{"damage":21,"enemies":"Reptomancer","floor":40,"turns":2},{"damage":9,"enemies":"Giant Head","floor":45,"turns":1},{"damage":9,"enemies":"Maw","floor":48,"turns":2},{"damage":36,"enemies":"Time Eater","floor":50,"turns":3}],"seed_played":"-2446945020457626108","potions_obtained":[{"floor":8.0,"key":"Swift Potion"},{"floor":16.0,"key":"Weak Potion"},{"floor":19.0,"key":"Ancient Potion"},{"floor":21.0,"key":"Fire Potion"},{"floor":35.0,"key":"SpeedPotion"}],"is_trial":false,"path_per_floor":["M","$","T","?","$","E","R","E","T","M","R","M","M","M","R","B",null,"M","M","$","M","T","R","E","?","T","R","M","E","R","M","R","B",null,"M","M","M","?","M","E","$","R","T","R","E","$","?","M","R","B",null],"character_chosen":"IRONCLAD","items_purchased":["ClockworkSouvenir","Battle Trance","Dark Embrace","Singing Bowl","Frozen Eye"],"campfire_rested":0,"item_purchase_floors":[20,20,41,41,41],"current_hp_per_floor":[80,80,80,80,80,80,80,80,80,80,80,80,80,80,80,45,71,57,60,60,63,63,63,58,58,58,58,56,53,53,50,50,49,72,72,77,77,77,71,56,56,56,56,56,55,55,69,68,68,55],"gold":63,"neow_bonus":"THREE_ENEMY_KILL","is_daily":false,"chose_seed":false,"campfire_upgraded":10,"win_rate":0.0,"timestamp":1610624577,"path_taken":["M","$","?","?","?","E","R","E","T","M","R","M","?","M","R","BOSS","M","M","?","M","?","R","E","?","T","R","M","E","R","M","R","BOSS","M","M","M","?","?","E","$","R","T","R","E","$","?","?","R","BOSS"],"items_purchased_type":["Relic","Card","Card","Relic","Relic"],"build_version":"2020-12-22","purchased_purges":4,"victory":true,"max_hp_per_floor":[80,80,80,80,80,80,80,80,80,80,80,80,80,80,80,80,80,80,80,80,80,80,80,80,80,80,80,80,80,80,80,80,80,80,80,80,80,80,80,80,80,80,80,80,82,82,96,98,98,98],"card_choices":[{"not_picked":["Rupture","Warcry"],"picked":"Armaments","floor":1.0},{"not_picked":["Thunderclap","Hemokinesis","Infernal Blade"],"picked":"SKIP","floor":6.0},{"not_picked":["Warcry","Fire Breathing"],"picked":"Pommel Strike","floor":8.0},{"not_picked":["Feel No Pain","Wild Strike"],"picked":"True Grit","floor":10.0},{"not_picked":["Havoc","Spot Weakness"],"picked":"Impervious","floor":12.0},{"not_picked":["Clash","True Grit"],"picked":"Body Slam","floor":13.0},{"not_picked":["True Grit","Whirlwind","Infernal Blade"],"picked":"SKIP","floor":14.0},{"not_picked":["Cleave","Intimidate"],"picked":"Dark Embrace","floor":18.0},{"not_picked":["Inflame+1","Cleave","Intimidate"],"picked":"SKIP","floor":19.0},{"not_picked":["Clash+1","Armaments","Heavy Blade"],"picked":"SKIP","floor":21.0},{"not_picked":["Warcry","Anger","Seeing Red"],"picked":"SKIP","floor":24.0},{"not_picked":["Cleave","Clothesline"],"picked":"Offering","floor":28.0},{"not_picked":["Flex","Uppercut+1","Hemokinesis"],"picked":"SKIP","floor":29.0},{"not_picked":["Seeing Red","Wild Strike","True Grit"],"picked":"SKIP","floor":31.0},{"not_picked":["Demon Form","Double Tap"],"picked":"Exhume","floor":33.0},{"not_picked":["Evolve+1","Pommel Strike","Disarm"],"picked":"SKIP","floor":35.0},{"not_picked":["Battle Trance+1","Twin Strike"],"picked":"Entrench+1","floor":36},{"not_picked":["Metallicize+1","Battle Trance","Armaments"],"picked":"SKIP","floor":37},{"not_picked":["Cleave","True Grit"],"picked":"Shrug It Off","floor":39},{"not_picked":["Limit Break","Double Tap","Thunderclap"],"picked":"SKIP","floor":40},{"not_picked":["Inflame","Sever Soul+1","Sword Boomerang"],"picked":"Singing Bowl","floor":45},{"not_picked":["Uppercut+1","Ghostly Armor","Cleave+1"],"picked":"Singing Bowl","floor":48}],"player_experience":23468,"relics_obtained":[{"floor":3.0,"key":"Bronze Scales"},{"floor":6.0,"key":"Smiling Mask"},{"floor":8.0,"key":"MawBank"},{"floor":9.0,"key":"Mercury Hourglass"},{"floor":22.0,"key":"Toy Ornithopter"},{"floor":24.0,"key":"Champion Belt"},{"floor":26.0,"key":"Bottled Tornado"},{"floor":29.0,"key":"Incense Burner"},{"floor":40,"key":"Meat on the Bone"},{"floor":43,"key":"StrikeDummy"},{"floor":45,"key":"Omamori"},{"floor":47,"key":"Mango"}],"event_choices":[{"cards_removed":["Strike_R"],"damage_healed":0.0,"max_hp_gain":0.0,"max_hp_loss":0.0,"gold_gain":0.0,"event_name":"The Cleric","player_choice":"Card Removal","floor":4.0,"gold_loss":50.0,"damage_taken":0.0},{"damage_healed":0.0,"max_hp_gain":0.0,"max_hp_loss":0.0,"gold_gain":0.0,"cards_transformed":["Evolve","Carnage"],"event_name":"Drug Dealer","player_choice":"Became Test Subject","floor":25.0,"gold_loss":0.0,"damage_taken":0.0,"cards_obtained":["Rage","Clash"]},{"damage_healed":0,"gold_gain":0,"player_choice":"Forge","damage_taken":0,"max_hp_gain":0,"max_hp_loss":0,"event_name":"Accursed Blacksmith","floor":38,"gold_loss":0,"cards_upgraded":["Body Slam"]},{"damage_healed":0,"gold_gain":0,"player_choice":"Relic","damage_taken":0,"max_hp_gain":0,"max_hp_loss":0,"event_name":"Wheel of Change","floor":47,"gold_loss":0}],"is_beta":false,"boss_relics":[{"not_picked":["Runic Dome","Runic Pyramid"],"picked":"Pandora\u0027s Box"},{"not_picked":["Calling Bell","Black Star"],"picked":"Philosopher\u0027s Stone"}],"items_purged_floors":[2,20,41,46],"is_endless":false,"potions_floor_spawned":[8,16,19,21,24,28,31,35,37,40],"ascension_level":5}}