{"host":"njruw0b0uprlitpx","time":1610583718,"event":{"mods":["2.2 Compatiblity","Bartender","BaseMod","Better Altar","Better Match","Better Note","Better Sensory Stone","Better Skull","Better Third Choice","BetterRewards","Block Reminder","Colored Map","Colored Powertips","Energized Spire","Jedi Mod","Keyboard Shortcuts","Minty Spire (QoL Compilation)","Quick Restart","Rare Cards Sparkle","Relic Stats","Replay The Spire","SacredBarkPlus","Spicy Shops","StSLib","SuperFastMode","The Construct","The Dragon Tamer","The Marked","The Mystic","The Spell Scribe","Wandering Minibosses"],"gold_per_floor":[114,114,114,129,6,6,6,6,21,36,36,36,12,27,27,57,57,157,157,172,172,187,202,11,11,11,11,11,11,11,11,11,11,11,11,11,11,11,11,1037,709,718,29,29,38,47,77,132,132,167,207,207,286],"floor_reached":54,"language":"ENG","playtime":1399,"items_purged":["Normality","Normality"],"score":1098,"play_id":"2d8babed-05e6-4f0c-af67-7c75ba9f5338","local_time":"20210113182158","daily_mods":["Cursed Run","Vintage","Lethality"],"is_ascension_mode":false,"campfire_choices":[{"data":"Vigilance","floor":6,"key":"SMITH"},{"floor":12,"key":"REST"},{"data":"Judgement","floor":17,"key":"SMITH"},{"data":"BattleHymn","floor":27,"key":"SMITH"},{"data":"Wish","floor":30,"key":"SMITH"},{"data":"Wish","floor":35,"key":"SMITH"},{"data":"Ragnarok","floor":39,"key":"SMITH"},{"data":"Discovery","floor":44,"key":"SMITH"},{"data":"Tantrum","floor":49,"key":"SMITH"},{"data":"Prostrate","floor":52,"key":"SMITH"}],"circlet_count":0,"master_deck":["Strike_P","Strike_P","Strike_P","Strike_P","Defend_P","Defend_P","Defend_P","Eruption+1","Vigilance+1","Indignation","Replay:BluntJabs","Evaluate","ClearTheMind","CarveReality","InnerPeace","BattleHymn+1","FlyingSleeves","Judgement+1","ReplayTheSpireMod:Faulty Equipment","Wish+1","Wish+1","Ragnarok+1","BowlingBash","Shame","CrushJoints+1","ConjureBlade+1","jedi:frostbite","Protect","Doubt","Hallucinations","Vault+1","Normality","Vault+1","FollowUp","Protect","FlurryOfBlows","Flash of Steel","Master of Strategy","Prostrate+1","Tantrum+1","Wireheading","Discovery+1","Halt","Amnesia","Normality","Looming Evil"],"relics":["Cursed Key","Darkstone Periapt","Du-Vu Doll","Tiny Chest","Boot","Omamori","Pet Ghost","jedi:archwizardhat","Orrery","Bag of Preparation","Replay:Ringing Soul","White_Cape","Akabeko","Philosopher\u0027s Stone","jedi:arcanewood","Regal Pillow","Mirror","jedi:ominousloannote","Replay:Bottled Flurry","Juzu Bracelet","Pen Nib","MawBank","Replay:Bandana","CeramicFish","Red Mask","Bag of Marbles","Smiling Mask","Snecko Eye","Ancient Tea Set","BargainBundle","Replay:Wax Seal","DollysMirror","Oddly Smooth Stone","Damaru","Mummified Hand","Toolbox","jedi:heavyjacket","Ring of Chaos","ReplayTheSpireMod:Ring of Addiction","Potion Belt","Toy Ornithopter","ReplayTheSpireMod:Ninjato","Molten Egg 2","Quantum Egg","Incense Burner","Kunai"],"acts_visited":["Exordium","TheCity","TheBeyond"],"potions_floor_usage":[14,18,18,26,36,36,45,51,53,53,53],"damage_taken":[{"damage":0,"enemies":"Cultist","floor":1,"turns":2},{"damage":1,"enemies":"Jaw Worm","floor":4,"turns":2},{"damage":0,"enemies":"2 Louse","floor":9,"turns":1},{"damage":17,"enemies":"Exordium Thugs","floor":10,"turns":4},{"damage":16,"enemies":"Exordium Wildlife","floor":14,"turns":2},{"damage":0,"enemies":"Gremlin Nob","floor":16,"turns":2},{"damage":35,"enemies":"The Guardian","floor":18,"turns":5},{"damage":0,"enemies":"Spheric Guardian","floor":20,"turns":1},{"damage":0,"enemies":"2 Thieves","floor":22,"turns":1},{"damage":16,"enemies":"Snake Plant","floor":23,"turns":2},{"damage":0,"enemies":"Gremlin Leader","floor":26,"turns":3},{"damage":8,"enemies":"Book of Stabbing","floor":28,"turns":2},{"damage":0,"enemies":"Masked Bandits","floor":31,"turns":1},{"damage":0,"enemies":"Snecko","floor":33,"turns":2},{"damage":21,"enemies":"Collector","floor":36,"turns":5},{"damage":1,"enemies":"Orb Walker","floor":38,"turns":2},{"damage":0,"enemies":"3 Shapes","floor":47,"turns":2},{"damage":0,"enemies":"3 Darklings","floor":48,"turns":1},{"damage":0,"enemies":"Spire Growth","floor":50,"turns":1},{"damage":3,"enemies":"4 Shapes","floor":51,"turns":2},{"damage":0,"enemies":"Awakened One","floor":53,"turns":3}],"seed_played":"-4624312993155624390","potions_obtained":[{"floor":4,"key":"CultistPotion"},{"floor":9,"key":"SkillPotion"},{"floor":16,"key":"Elixir"},{"floor":20,"key":"ColorlessPotion"},{"floor":26,"key":"Elixir"},{"floor":33,"key":"Adrenaline Potion"},{"floor":45,"key":"Fruit Juice"},{"floor":45,"key":"FearPotion"},{"floor":45,"key":"Explosive Potion"},{"floor":48,"key":"BlessingOfTheForge"},{"floor":50,"key":"LiquidMemories"}],"is_trial":false,"path_per_floor":["M","?","?","M","$","R","PTL","PTL","M","M","T","R","$","M","T","E","R","B",null,"M","?","M","M","$","?","E","R","E","T","R","?","T","M","?","R","B",null,"M","R","?","$","T","$","R","?","T","M","M","R","M","M","R","B",null],"character_chosen":"WATCHER","items_purchased":["Indignation","Replay:BluntJabs","Orrery","Bag of Preparation","FlyingSleeves","jedi:ominousloannote","Ragnarok","Replay:Bottled Flurry","Juzu Bracelet","BowlingBash","BargainBundle","Replay:Wax Seal","DollysMirror","Oddly Smooth Stone","Damaru","FollowUp","Protect","FlurryOfBlows","Flash of Steel","Master of Strategy","AttackPotion","ColorlessPotion","Explosive Potion","Prostrate","Toolbox","jedi:heavyjacket","Tantrum","Wireheading","Elixir","Discovery","Halt"],"campfire_rested":1,"item_purchase_floors":[5,5,13,13,13,24,24,24,24,24,41,41,41,41,41,41,41,41,41,41,41,41,41,41,43,43,43,43,43,43,43],"current_hp_per_floor":[72,65,65,64,64,64,64,64,64,47,47,68,68,52,52,55,55,29,84,84,87,87,71,74,83,86,86,81,90,90,93,102,102,102,102,90,138,137,137,152,155,164,167,167,182,191,191,191,189,189,186,186,198],"gold":286,"neow_bonus":"","is_daily":true,"chose_seed":false,"campfire_upgraded":9,"win_rate":0.0,"timestamp":1610583718,"path_taken":["M","?","?","?","$","R","PTL","PTL","M","M","T","R","$","M","?","E","R","BOSS","M","?","M","M","$","?","E","R","E","T","R","?","?","M","?","R","BOSS","M","?","?","$","?","$","R","?","T","M","M","R","M","M","R","BOSS"],"items_purchased_type":["Card","Card","Relic","Relic","Card","Relic","Card","Relic","Relic","Card","Relic","Relic","Relic","Relic","Relic","Card","Card","Card","Card","Card","Potion","Potion","Potion","Card","Relic","Relic","Card","Card","Potion","Card","Card"],"build_version":"2020-12-22","purchased_purges":2,"victory":true,"max_hp_per_floor":[72,72,72,72,72,72,72,72,72,72,72,72,72,72,72,75,75,84,84,84,87,87,87,90,99,102,102,105,114,114,117,126,126,126,126,135,138,138,138,153,156,165,168,168,182,191,191,191,189,189,189,189,198],"relic_stats":{"Darkstone Periapt":66,"Regal Pillow":0,"counters":[21,46],"CeramicFish":153,"Pen Nib":[5],"Bag of Preparation":[34],"Juzu Bracelet":3,"Cursed Key":6,"Boot":[1],"MawBank":21,"Smiling Mask":75,"Mummified Hand":[12],"Snecko Eye":[15,32,23,17],"Tiny Chest":3,"Kunai":[2],"obtain_stats":[{"Darkstone Periapt":0,"Regal Pillow":22,"CeramicFish":29,"Bag of Preparation":13,"Juzu Bracelet":24,"Incense Burner":50,"jedi:archwizardhat":11,"Cursed Key":0,"Boot":4,"White_Cape":15,"Smiling Mask":33,"Ancient Tea Set":38,"Pet Ghost":10,"Replay:Ringing Soul":14,"Replay:Bandana":28,"DollysMirror":41,"Mummified Hand":42,"Toolbox":43,"Tiny Chest":1,"Philosopher\u0027s Stone":19,"Replay:Bottled Flurry":24,"Red Mask":31,"Kunai":51,"Replay:Wax Seal":41,"Potion Belt":45,"BargainBundle":41,"ReplayTheSpireMod:Ninjato":46,"ReplayTheSpireMod:Ring of Addiction":45,"Quantum Egg":48,"Oddly Smooth Stone":41,"Damaru":41,"Pen Nib":25,"Ring of Chaos":45,"Omamori":9,"MawBank":26,"Akabeko":16,"Du-Vu Doll":0,"jedi:heavyjacket":43,"jedi:ominousloannote":24,"Orrery":13,"Snecko Eye":37,"Molten Egg 2":47,"Bag of Marbles":32,"jedi:arcanewood":20,"Mirror":23,"Toy Ornithopter":45},{"Darkstone Periapt":0,"Regal Pillow":9,"CeramicFish":12,"Bag of Preparation":4,"Juzu Bracelet":10,"Incense Burner":19,"jedi:archwizardhat":4,"Cursed Key":0,"Boot":2,"White_Cape":5,"Smiling Mask":14,"Ancient Tea Set":16,"Pet Ghost":4,"Replay:Ringing Soul":5,"Replay:Bandana":12,"DollysMirror":16,"Mummified Hand":16,"Toolbox":16,"Tiny Chest":1,"Philosopher\u0027s Stone":7,"Replay:Bottled Flurry":10,"Red Mask":13,"Kunai":20,"Replay:Wax Seal":16,"Potion Belt":16,"BargainBundle":16,"ReplayTheSpireMod:Ninjato":16,"ReplayTheSpireMod:Ring of Addiction":16,"Quantum Egg":18,"Oddly Smooth Stone":16,"Damaru":16,"Pen Nib":10,"Ring of Chaos":16,"Omamori":3,"MawBank":11,"Akabeko":6,"Du-Vu Doll":0,"jedi:heavyjacket":16,"jedi:ominousloannote":10,"Orrery":4,"Snecko Eye":15,"Molten Egg 2":17,"Bag of Marbles":13,"jedi:arcanewood":8,"Mirror":10,"Toy Ornithopter":16},{"Darkstone Periapt":0,"Regal Pillow":20,"CeramicFish":27,"Bag of Preparation":9,"Juzu Bracelet":22,"Incense Burner":41,"jedi:archwizardhat":9,"Cursed Key":0,"Boot":4,"White_Cape":11,"Smiling Mask":30,"Ancient Tea Set":37,"Pet Ghost":9,"Replay:Ringing Soul":11,"Replay:Bandana":27,"DollysMirror":37,"Mummified Hand":37,"Toolbox":37,"Tiny Chest":2,"Philosopher\u0027s Stone":18,"Replay:Bottled Flurry":22,"Red Mask":28,"Kunai":43,"Replay:Wax Seal":37,"Potion Belt":37,"BargainBundle":37,"ReplayTheSpireMod:Ninjato":37,"ReplayTheSpireMod:Ring of Addiction":37,"Quantum Egg":40,"Oddly Smooth Stone":37,"Damaru":37,"Pen Nib":22,"Ring of Chaos":37,"Omamori":5,"MawBank":25,"Akabeko":13,"Du-Vu Doll":0,"jedi:heavyjacket":37,"jedi:ominousloannote":22,"Orrery":9,"Snecko Eye":35,"Molten Egg 2":39,"Bag of Marbles":28,"jedi:arcanewood":19,"Mirror":22,"Toy Ornithopter":37}],"Toy Ornithopter":4},"card_choices":[{"not_picked":["Consecrate","Vengeance"],"picked":"Evaluate","floor":13},{"not_picked":["ThirdEye","Swivel"],"picked":"ClearTheMind","floor":13},{"not_picked":["Halt","Wireheading"],"picked":"CarveReality","floor":13},{"not_picked":["Wireheading","Consecrate"],"picked":"InnerPeace","floor":13},{"not_picked":["FollowUp","Replay:Battleflow"],"picked":"BattleHymn","floor":13},{"not_picked":["Halt","MentalFortress"],"picked":"Judgement","floor":16},{"not_picked":["jedi:nirvanicrebirth","MasterReality"],"picked":"Wish","floor":18},{"not_picked":["Protect","ThirdEye"],"picked":"CrushJoints+1","floor":26},{"not_picked":["LikeWater","Protect"],"picked":"ConjureBlade","floor":28},{"not_picked":["Replay:Anticipation","Halt"],"picked":"Protect","floor":31}],"player_experience":1464606,"relics_obtained":[{"floor":1,"key":"Tiny Chest"},{"floor":4,"key":"Boot"},{"floor":9,"key":"Omamori"},{"floor":10,"key":"Pet Ghost"},{"floor":11,"key":"jedi:archwizardhat"},{"floor":14,"key":"Replay:Ringing Soul"},{"floor":15,"key":"White_Cape"},{"floor":16,"key":"Akabeko"},{"floor":20,"key":"jedi:arcanewood"},{"floor":22,"key":"Regal Pillow"},{"floor":23,"key":"Mirror"},{"floor":26,"key":"MawBank"},{"floor":28,"key":"Replay:Bandana"},{"floor":29,"key":"CeramicFish"},{"floor":31,"key":"Red Mask"},{"floor":32,"key":"Bag of Marbles"},{"floor":33,"key":"Smiling Mask"},{"floor":38,"key":"Ancient Tea Set"},{"floor":42,"key":"Mummified Hand"},{"floor":45,"key":"Ring of Chaos"},{"floor":45,"key":"ReplayTheSpireMod:Ring of Addiction"},{"floor":45,"key":"Potion Belt"},{"floor":45,"key":"Toy Ornithopter"},{"floor":46,"key":"ReplayTheSpireMod:Ninjato"},{"floor":47,"key":"Molten Egg 2"},{"floor":48,"key":"Quantum Egg"},{"floor":50,"key":"Incense Burner"},{"floor":51,"key":"Kunai"}],"event_choices":[{"cards_removed":["Defend_P"],"damage_healed":0,"gold_gain":0,"player_choice":"Card Removal","damage_taken":7,"max_hp_gain":0,"max_hp_loss":0,"event_name":"Golden Wing","floor":2,"gold_loss":0},{"damage_healed":0,"gold_gain":0,"player_choice":"Grow","damage_taken":0,"max_hp_gain":0,"max_hp_loss":0,"event_name":"Living Wall","floor":3,"gold_loss":0,"cards_upgraded":["Eruption"]},{"damage_healed":0,"gold_gain":0,"player_choice":"Copied","damage_taken":0,"max_hp_gain":0,"max_hp_loss":0,"event_name":"Duplicator","floor":21,"gold_loss":0,"cards_obtained":["Wish"]},{"damage_healed":0,"gold_gain":0,"player_choice":"Stole Relic","damage_taken":0,"relics_obtained":["Pen Nib"],"max_hp_gain":0,"max_hp_loss":0,"event_name":"Addict","floor":25,"gold_loss":0,"cards_obtained":["Shame"]},{"damage_healed":0,"gold_gain":0,"player_choice":"Fought Bandits","damage_taken":0,"max_hp_gain":0,"max_hp_loss":0,"event_name":"Masked Bandits","floor":31,"gold_loss":0},{"damage_healed":0,"gold_gain":0,"player_choice":"Upgraded","damage_taken":0,"max_hp_gain":0,"max_hp_loss":0,"event_name":"Upgrade Shrine","floor":34,"gold_loss":0,"cards_upgraded":["ConjureBlade"]},{"damage_healed":0,"gold_gain":999,"player_choice":"Gold","damage_taken":0,"max_hp_gain":0,"max_hp_loss":0,"event_name":"MindBloom","floor":40,"gold_loss":0,"cards_obtained":["Normality","Normality"]}],"is_beta":false,"boss_relics":[{"not_picked":["Empty Cage","Replay:Wanted Poster"],"picked":"Philosopher\u0027s Stone"},{"not_picked":["energizedSpire:DeadBattery","Runic Dome"],"picked":"Snecko Eye"}],"items_purged_floors":[41,43],"is_endless":false,"potions_floor_spawned":[4,9,16,20,26,33,48,50],"ascension_level":0}}