{"host":"mhzgc0zma59jtmoj","time":1610604537,"event":{"mods":["100% Spire Juice","BaseMod","BetterRewards","Custom Start","Glutton Mod","Hermit","Ironclad Rager","Koishi","Luminous","Minty Spire (QoL Compilation)","Shade Mod","Somnambulant","StSLib","The Animator","The Cursed","The Death Knight","The Elementalist","The Hierophant","The Jungle","The Necromancer","The Runesmith","Treasure Hunter"],"gold_per_floor":[320,119,135,147,73,73,73,88,135,179,229,154,169,187,187,310,310,330,346,364,190,190,190,190],"floor_reached":23,"language":"ENG","playtime":1223,"items_purged":["TheCursedMod:Stretching","TheCursedMod:Defend_TheCursed"],"score":193,"play_id":"b4a9764d-d0d8-458a-8420-31ff34da9c66","local_time":"20210114010857","is_ascension_mode":false,"campfire_choices":[{"data":"TheCursedMod:CircleOfAbyss","floor":6,"key":"SMITH"},{"data":"TheCursedMod:RapidMovement","floor":15,"key":"SMITH"}],"circlet_count":0,"master_deck":["TheCursedMod:Strike_TheCursed+1","TheCursedMod:Strike_TheCursed","TheCursedMod:Strike_TheCursed+1","TheCursedMod:Strike_TheCursed","TheCursedMod:Defend_TheCursed","TheCursedMod:Defend_TheCursed","TheCursedMod:Defend_TheCursed","TheCursedMod:CursedWand","TheCursedMod:CleanUpWorkshop","TheCursedMod:Dregs","TheCursedMod:SurpriseAttack","TheCursedMod:HellfireBreathing","TheCursedMod:RapidMovement+1","TheCursedMod:CircleOfAbyss+1","TheCursedMod:CircleOfFlame","TheCursedMod:CursedAmulet","TheCursedMod:DemonicPact","TheCursedMod:Hemoplague","Injury","TheCursedMod:CursedAmulet","TheCursedMod:CircleOfFlame","TheCursedMod:CircleOfAbyss","TheCursedMod:CursedShiv","TheCursedMod:TacticalStrike","TheCursedMod:SurpriseAttack","TheCursedMod:LuckyCharm"],"relics":["TheCursedMod:BlackMagic101","NeowsBlessing","Orrery","Golden Idol","Lantern","Whetstone","TheCursedMod:FourLeafCloverCharm"],"acts_visited":["Exordium","TheCity"],"potions_floor_usage":[14,16,16,20,23],"damage_taken":[{"damage":0,"enemies":"Small Slimes","floor":1,"turns":1},{"damage":0,"enemies":"2 Louse","floor":3,"turns":1},{"damage":0,"enemies":"Jaw Worm","floor":4,"turns":1},{"damage":6,"enemies":"2 Fungi Beasts","floor":8,"turns":4},{"damage":25,"enemies":"Lagavulin","floor":10,"turns":8},{"damage":2,"enemies":"3 Louse","floor":13,"turns":2},{"damage":0,"enemies":"Exordium Thugs","floor":14,"turns":5},{"damage":19,"enemies":"The Guardian","floor":16,"turns":10},{"damage":7,"enemies":"3 Byrds","floor":18,"turns":4},{"damage":8,"enemies":"Chosen","floor":19,"turns":6},{"damage":29,"enemies":"Centurion and Healer","floor":20,"turns":8},{"damage":33,"enemies":"Book of Stabbing","floor":23,"turns":6}],"seed_played":"7206996850770784960","potions_obtained":[{"floor":4,"key":"Dexterity Potion"},{"floor":13,"key":"Weak Potion"},{"floor":14,"key":"SpeedPotion"},{"floor":18,"key":"ColorlessPotion"},{"floor":19,"key":"SneckoOil"}],"is_trial":false,"path_per_floor":["M","$","M","M","$","R","?","M","T","E","?","$","M","M","R","B",null,"M","M","M","$","?","E"],"character_chosen":"THE_CURSED","items_purchased":["TheCursedMod:SurpriseAttack","Orrery","TheCursedMod:Hemoplague","TheCursedMod:LuckyCharm"],"campfire_rested":0,"item_purchase_floors":[2,2,5,21],"current_hp_per_floor":[75,75,75,75,75,75,75,69,69,44,44,44,42,42,42,23,75,68,60,31,31,31,0,0],"gold":190,"neow_bonus":"THREE_ENEMY_KILL","is_daily":false,"chose_seed":false,"campfire_upgraded":2,"win_rate":0.0,"timestamp":1610604537,"path_taken":["M","$","M","M","$","R","?","M","T","E","?","?","M","M","R","BOSS","M","M","M","$","?","E"],"items_purchased_type":["Card","Relic","Card","Card"],"build_version":"2020-12-22","purchased_purges":2,"victory":false,"max_hp_per_floor":[75,75,75,75,75,75,75,75,75,75,75,75,75,75,75,75,75,75,75,75,75,75,75,75],"card_choices":[{"not_picked":["TheCursedMod:CursedMace","TheCursedMod:CursedAmulet","TheCursedMod:Wield"],"picked":"SKIP","floor":1},{"not_picked":["TheCursedMod:CircleOfCorruption","TheCursedMod:CursedMace"],"picked":"TheCursedMod:HellfireBreathing","floor":2},{"not_picked":["TheCursedMod:Torture","TheCursedMod:FleshFromBone"],"picked":"TheCursedMod:RapidMovement","floor":2},{"not_picked":["TheCursedMod:CircleOfFlame","TheCursedMod:AshesToAshes"],"picked":"TheCursedMod:CircleOfAbyss","floor":2},{"not_picked":["TheCursedMod:Torture","TheCursedMod:VitalStrike"],"picked":"TheCursedMod:Stretching","floor":2},{"not_picked":["TheCursedMod:Evocation","TheCursedMod:SoulReap"],"picked":"TheCursedMod:CircleOfFlame","floor":2},{"not_picked":["TheCursedMod:Wield","TheCursedMod:RapidMovement"],"picked":"TheCursedMod:CursedAmulet","floor":3},{"not_picked":["TheCursedMod:SmokeScreen","TheCursedMod:ReleasedStrength"],"picked":"TheCursedMod:DemonicPact","floor":4},{"not_picked":["TheCursedMod:WearCloak","TheCursedMod:SmokeScreen","TheCursedMod:Evocation"],"picked":"SKIP","floor":8},{"not_picked":["TH:TreasureMap","TH:CursedSword"],"picked":"SKIP","floor":9},{"not_picked":["TheCursedMod:Stretching","TheCursedMod:VitalStrike"],"picked":"TheCursedMod:CursedAmulet","floor":10},{"not_picked":["TH:CursedSword","TH:TreasureMap"],"picked":"SKIP","floor":10},{"not_picked":["TheCursedMod:CursedRelics","TheCursedMod:SpitefulStrike"],"picked":"TheCursedMod:CircleOfFlame","floor":13},{"not_picked":["TheCursedMod:Grudge","TheCursedMod:BloodBarrier","TheCursedMod:SoulReap"],"picked":"SKIP","floor":14},{"not_picked":["TheCursedMod:CollectTribute","TheCursedMod:ParallelWorld"],"picked":"TheCursedMod:CircleOfAbyss","floor":16},{"not_picked":["TheCursedMod:Stigma","TheCursedMod:CircleOfFlame"],"picked":"TheCursedMod:CursedShiv","floor":18},{"not_picked":["TheCursedMod:CursedAmulet+1","TheCursedMod:SmokeScreen"],"picked":"TheCursedMod:TacticalStrike","floor":19},{"not_picked":["TheCursedMod:CircleOfCorruption","TheCursedMod:FleshFromBone"],"picked":"TheCursedMod:SurpriseAttack","floor":20}],"player_experience":238938,"relics_obtained":[{"floor":9,"key":"Lantern"},{"floor":10,"key":"Whetstone"}],"event_choices":[{"damage_healed":0,"gold_gain":0,"player_choice":"Take Wound","damage_taken":0,"relics_obtained":["Golden Idol"],"max_hp_gain":0,"max_hp_loss":0,"event_name":"Golden Idol","floor":7,"gold_loss":0,"cards_obtained":["Injury"]},{"damage_healed":0,"gold_gain":0,"player_choice":"Ignored","damage_taken":0,"max_hp_gain":0,"max_hp_loss":0,"event_name":"Ghosts","floor":22,"gold_loss":0}],"is_beta":false,"boss_relics":[{"not_picked":["Runesmith:UraniumAnvil","Snecko Eye"],"picked":"TheCursedMod:FourLeafCloverCharm"}],"items_purged_floors":[12,21],"is_endless":false,"potions_floor_spawned":[4,8,13,14,18,19],"killed_by":"Book of Stabbing","ascension_level":0}}