{"host":"3h5qf14xt40jhha0","time":1610599219,"event":{"mods":["AlwaysNeverKeys","BaseMod","Colored Powertips","Minty Spire (QoL Compilation)","Permanent Neow","Relic Stats","StSLib"],"gold_per_floor":[115,265,265,32,42,42,61,95,95,125,125,142,85,85,85,162,162,182,132,19,38,55,87,87,99,122,155,190,105,135,149,149,221,271,283,1282,746,746,170,170,225,256,256,295,100,134,196,219,219,219,219,219,219,37,64,64,64],"floor_reached":56,"language":"ENG","playtime":5108,"items_purged":["Doubt","Normality","Normality"],"score":2284,"play_id":"2ad73abe-f7a9-4de1-8d0f-798ac28da7be","local_time":"20210113234019","is_ascension_mode":true,"campfire_choices":[{"data":"Underhanded Strike","floor":6.0,"key":"SMITH"},{"floor":15.0,"key":"REST"},{"floor":24.0,"key":"REST"},{"floor":32.0,"key":"REST"},{"floor":40.0,"key":"RECALL"},{"floor":49.0,"key":"REST"},{"floor":53,"key":"REST"}],"circlet_count":0,"master_deck":["AscendersBane","Strike_G","Strike_G","Strike_G","Strike_G","Defend_G+1","Defend_G","Defend_G","Defend_G","Defend_G","Survivor","Neutralize","Dagger Throw","Decay","Unload","Concentrate","Underhanded Strike+1","Dagger Spray","Slice","Leg Sweep","Prepared+1","Blade Dance+1","After Image","Blur+1","Cloak And Dagger+1","Blade Dance+1","Backflip+1","PiercingWail+1","Clumsy","Phantasmal Killer+1","Finisher","Distraction+1","Blur+1","Footwork","Backflip+1","Accuracy","Venomology+1","Pain","Acrobatics+1","Blade Dance+1","Trip+1","Setup+1","Concentrate+1","Acrobatics+1","Backflip+1"],"relics":["Ring of the Snake","Unceasing Top","Blue Candle","WingedGreaves","Kunai","Toxic Egg 2","Cursed Key","HornCleat","Pen Nib","Art of War","Tiny Chest","StrikeDummy","Potion Belt","Tiny House","Paper Crane","Toy Ornithopter","Omamori","Vajra","CeramicFish","Smiling Mask","Pocketwatch","Bronze Scales"],"acts_visited":["Exordium","TheCity","TheBeyond","TheEnding"],"potions_floor_usage":[50,50,50,50,55,55,55,55,56,56],"damage_taken":[{"damage":4.0,"enemies":"Jaw Worm","floor":1.0,"turns":6.0},{"damage":4.0,"enemies":"Cultist","floor":5.0,"turns":4.0},{"damage":0.0,"enemies":"Small Slimes","floor":7.0,"turns":2.0},{"damage":6.0,"enemies":"Gremlin Nob","floor":8.0,"turns":3.0},{"damage":12.0,"enemies":"3 Sentries","floor":10.0,"turns":4.0},{"damage":32.0,"enemies":"Exordium Thugs","floor":12.0,"turns":5.0},{"damage":7.0,"enemies":"The Guardian","floor":16.0,"turns":13.0},{"damage":1.0,"enemies":"Chosen","floor":18.0,"turns":4.0},{"damage":2.0,"enemies":"Shell Parasite","floor":21.0,"turns":5.0},{"damage":14.0,"enemies":"Cultist and Chosen","floor":22.0,"turns":8.0},{"damage":6.0,"enemies":"Slavers","floor":23.0,"turns":8.0},{"damage":7.0,"enemies":"Snecko","floor":25.0,"turns":6.0},{"damage":2.0,"enemies":"Book of Stabbing","floor":27.0,"turns":5.0},{"damage":5.0,"enemies":"Slavers","floor":28.0,"turns":5.0},{"damage":16.0,"enemies":"Gremlin Leader","floor":30.0,"turns":9.0},{"damage":1.0,"enemies":"Snake Plant","floor":31.0,"turns":5.0},{"damage":12.0,"enemies":"Automaton","floor":33.0,"turns":8.0},{"damage":0.0,"enemies":"Orb Walker","floor":35.0,"turns":3.0},{"damage":21.0,"enemies":"Reptomancer","floor":42.0,"turns":7.0},{"damage":20.0,"enemies":"Giant Head","floor":44.0,"turns":7.0},{"damage":5.0,"enemies":"Reptomancer","floor":46.0,"turns":5.0},{"damage":4.0,"enemies":"2 Orb Walkers","floor":47.0,"turns":4.0},{"damage":1.0,"enemies":"3 Shapes","floor":48.0,"turns":1.0},{"damage":57,"enemies":"Time Eater","floor":50,"turns":9},{"damage":3,"enemies":"Awakened One","floor":51,"turns":17},{"damage":17,"enemies":"Shield and Spear","floor":55,"turns":12},{"damage":91,"enemies":"The Heart","floor":56,"turns":6}],"seed_played":"-4831170033799691759","potions_obtained":[{"floor":5.0,"key":"SkillPotion"},{"floor":7.0,"key":"FearPotion"},{"floor":10.0,"key":"ColorlessPotion"},{"floor":12.0,"key":"GamblersBrew"},{"floor":18.0,"key":"BlessingOfTheForge"},{"floor":21.0,"key":"Poison Potion"},{"floor":30.0,"key":"Ancient Potion"},{"floor":31.0,"key":"SteroidPotion"},{"floor":34.0,"key":"Poison Potion"},{"floor":42.0,"key":"Energy Potion"},{"floor":46.0,"key":"GhostInAJar"},{"floor":55,"key":"SmokeBomb"}],"is_trial":false,"path_per_floor":["M","?","?","$","M","R","M","E","T","E","T","M","$","?","R","B",null,"M","?","$","M","M","E","R","M","T","E","E","?","E","M","R","B",null,"M","?","$","?","$","R","T","E","T","E","$","E","?","M","R","B","B",null,"R","$","E","B"],"character_chosen":"THE_SILENT","items_purchased":["Unload","Concentrate","Blade Dance+1","Cloak And Dagger+1","Blade Dance+1","Paper Crane","Blur+1","Footwork","Backflip+1","Toy Ornithopter","Accuracy","Venomology+1","Blade Dance+1","Trip+1","Block Potion","GhostInAJar","Backflip+1","ColorlessPotion"],"campfire_rested":5,"item_purchase_floors":[4,4,13,20,20,37,37,37,39,39,39,39,45,45,45,54,54,54],"current_hp_per_floor":[55,55,55,55,51,51,51,45,45,33,33,1,1,1,19,12,48,47,47,47,45,31,25,43,36,36,34,29,29,13,12,30,18,55,55,55,55,55,55,55,55,44,44,34,34,39,35,34,53,16,13,52,65,65,62,0,0],"gold":64,"neow_bonus":"ONE_RARE_RELIC","is_daily":false,"chose_seed":false,"campfire_upgraded":1,"win_rate":0.0,"timestamp":1610599219,"path_taken":["M","?","?","$","?","R","M","E","T","E","?","M","?","?","R","BOSS","M","?","?","?","M","E","R","M","T","E","E","?","E","M","R","BOSS","M","?","$","?","$","R","?","E","T","E","?","E","?","M","R","BOSS","BOSS","R","$","E","BOSS"],"items_purchased_type":["Card","Card","Card","Card","Card","Relic","Card","Card","Card","Relic","Card","Card","Card","Card","Potion","Potion","Card","Potion"],"build_version":"2020-12-22","purchased_purges":3,"victory":false,"max_hp_per_floor":[60,60,60,60,60,60,60,60,60,60,60,60,60,60,60,60,60,60,60,60,60,60,60,60,60,60,60,60,60,60,60,60,60,65,65,65,65,65,65,65,65,65,65,65,65,65,65,65,65,65,65,65,65,65,65,65,65],"relic_stats":{"counters":[27,171],"Blue Candle":[40],"CeramicFish":63,"Pen Nib":[45],"Cursed Key":3,"Smiling Mask":0,"Bronze Scales":[93],"Tiny Chest":1,"Art of War":[6],"Kunai":[161],"obtain_stats":[{"Potion Belt":30,"Tiny House":34,"Blue Candle":8,"CeramicFish":44,"Vajra":42,"Pen Nib":26,"Omamori":41,"Paper Crane":37,"Cursed Key":17,"Smiling Mask":46,"HornCleat":23,"Bronze Scales":55,"Tiny Chest":28,"WingedGreaves":9,"Art of War":27,"Kunai":10,"Toxic Egg 2":11,"StrikeDummy":29,"Unceasing Top":0,"Toy Ornithopter":39,"Ring of the Snake":0,"Pocketwatch":47},{"Potion Belt":15,"Tiny House":17,"Blue Candle":4,"CeramicFish":20,"Vajra":19,"Pen Nib":12,"Omamori":18,"Paper Crane":18,"Cursed Key":7,"Smiling Mask":21,"HornCleat":11,"Bronze Scales":26,"Tiny Chest":14,"WingedGreaves":4,"Art of War":13,"Kunai":5,"Toxic Egg 2":5,"StrikeDummy":14,"Unceasing Top":0,"Toy Ornithopter":18,"Ring of the Snake":0,"Pocketwatch":22},{"Potion Belt":87,"Tiny House":100,"Blue Candle":15,"CeramicFish":117,"Vajra":110,"Pen Nib":68,"Omamori":103,"Paper Crane":103,"Cursed Key":37,"Smiling Mask":122,"HornCleat":62,"Bronze Scales":165,"Tiny Chest":78,"WingedGreaves":15,"Art of War":73,"Kunai":19,"Toxic Egg 2":19,"StrikeDummy":78,"Unceasing Top":0,"Toy Ornithopter":103,"Ring of the Snake":0,"Pocketwatch":126}],"Unceasing Top":[285],"Toy Ornithopter":74,"Ring of the Snake":[54],"Pocketwatch":[9]},"card_choices":[{"not_picked":["Quick Slash","Blade Dance"],"picked":"Dagger Throw","floor":1.0},{"not_picked":["Blade Dance","Outmaneuver"],"picked":"Underhanded Strike","floor":5.0},{"not_picked":["Dagger Throw","PiercingWail"],"picked":"Dagger Spray","floor":7.0},{"not_picked":["Caltrops","Noxious Fumes"],"picked":"Slice","floor":8.0},{"not_picked":["Masterful Stab","Flying Knee"],"picked":"Leg Sweep","floor":10.0},{"not_picked":["Bane","A Thousand Cuts"],"picked":"Prepared+1","floor":12.0},{"not_picked":["Unload","Glass Knife"],"picked":"After Image","floor":16.0},{"not_picked":["Catalyst+1","Bane"],"picked":"Blur+1","floor":18.0},{"not_picked":["Poisoned Stab+1","Dagger Spray"],"picked":"Backflip+1","floor":21.0},{"not_picked":["Well Laid Plans","Heel Hook"],"picked":"PiercingWail+1","floor":22.0},{"not_picked":["PiercingWail+1","Slice","Dagger Spray"],"picked":"SKIP","floor":23.0},{"not_picked":["Endless Agony","Poisoned Stab","Catalyst+1"],"picked":"SKIP","floor":25.0},{"not_picked":["Outmaneuver+1","Heel Hook","Slice+1"],"picked":"SKIP","floor":27.0},{"not_picked":["Dash","Outmaneuver+1","Bane"],"picked":"SKIP","floor":28.0},{"not_picked":["Dagger Spray","Acrobatics+1"],"picked":"Phantasmal Killer+1","floor":30.0},{"not_picked":["PiercingWail+1","Bane"],"picked":"Finisher","floor":31.0},{"not_picked":["Riddle With Holes","Sucker Punch"],"picked":"Acrobatics+1","floor":34.0},{"not_picked":["Poisoned Stab","Prepared+1"],"picked":"Distraction+1","floor":35.0},{"not_picked":["Deadly Poison+1","Distraction+1","Doppelganger+1"],"picked":"SKIP","floor":42.0},{"not_picked":["Dash","Eviscerate+1"],"picked":"Acrobatics+1","floor":44.0},{"not_picked":["Poisoned Stab","Corpse Explosion+1"],"picked":"Setup+1","floor":46.0},{"not_picked":["Accuracy+1","Dagger Throw"],"picked":"Concentrate+1","floor":47.0},{"not_picked":["Prepared+1","Dagger Spray"],"picked":"Acrobatics+1","floor":48.0},{"not_picked":["Sucker Punch","Deadly Poison+1","All Out Attack"],"picked":"SKIP","floor":55}],"player_experience":1330677,"relics_obtained":[{"floor":8.0,"key":"Blue Candle"},{"floor":9.0,"key":"WingedGreaves"},{"floor":10.0,"key":"Kunai"},{"floor":11.0,"key":"Toxic Egg 2"},{"floor":23.0,"key":"HornCleat"},{"floor":26.0,"key":"Pen Nib"},{"floor":27.0,"key":"Art of War"},{"floor":28.0,"key":"Tiny Chest"},{"floor":30.0,"key":"Potion Belt"},{"floor":41.0,"key":"Omamori"},{"floor":42.0,"key":"Vajra"},{"floor":44.0,"key":"CeramicFish"},{"floor":46.0,"key":"Smiling Mask"},{"floor":47.0,"key":"Pocketwatch"},{"floor":55,"key":"Bronze Scales"}],"event_choices":[{"damage_healed":0.0,"max_hp_gain":0.0,"max_hp_loss":0.0,"gold_gain":150.0,"event_name":"Liars Game","player_choice":"AGREE","floor":2.0,"gold_loss":0.0,"damage_taken":0.0,"cards_obtained":["Doubt"]},{"damage_healed":0.0,"max_hp_gain":0.0,"max_hp_loss":0.0,"gold_gain":0.0,"event_name":"Wheel of Change","player_choice":"Cursed","floor":3.0,"gold_loss":0.0,"damage_taken":0.0,"cards_obtained":["Decay"]},{"cards_removed":["Strike_G"],"damage_healed":0.0,"max_hp_gain":0.0,"max_hp_loss":0.0,"gold_gain":0.0,"event_name":"Living Wall","player_choice":"Forget","floor":14.0,"gold_loss":0.0,"damage_taken":0.0},{"damage_healed":0.0,"max_hp_gain":0.0,"max_hp_loss":0.0,"gold_gain":0.0,"event_name":"The Joust","player_choice":"Bet on Murderer","floor":19.0,"gold_loss":50.0,"damage_taken":0.0},{"damage_healed":0.0,"max_hp_gain":0.0,"max_hp_loss":0.0,"gold_gain":0.0,"event_name":"Addict","player_choice":"Obtained Relic","floor":29.0,"gold_loss":85.0,"damage_taken":0.0,"relics_obtained":["StrikeDummy"]},{"damage_healed":0.0,"max_hp_gain":0.0,"max_hp_loss":0.0,"gold_gain":999.0,"event_name":"MindBloom","player_choice":"Gold","floor":36.0,"gold_loss":0.0,"damage_taken":0.0,"cards_obtained":["Normality","Normality"]},{"cards_removed":["Acrobatics"],"damage_healed":0.0,"max_hp_gain":0.0,"max_hp_loss":0.0,"gold_gain":0.0,"event_name":"Falling","player_choice":"Removed Skill","floor":38.0,"gold_loss":0.0,"damage_taken":0.0},{"damage_healed":0.0,"max_hp_gain":0.0,"max_hp_loss":0.0,"gold_gain":0.0,"event_name":"Mysterious Sphere","player_choice":"Fight","floor":47.0,"gold_loss":0.0,"damage_taken":0.0}],"is_beta":false,"boss_relics":[{"not_picked":["Velvet Choker","Black Star"],"picked":"Cursed Key"},{"not_picked":["Calling Bell","Empty Cage"],"picked":"Tiny House"}],"items_purged_floors":[4,37,39],"is_endless":false,"potions_floor_spawned":[5,7,10,12,18,21,30,31,42,46,48,55],"killed_by":"The Heart","ascension_level":20}}