{"host":"h1qktzcccqnez8tx","time":1610642534,"event":{"mods":["BaseMod","Block Reminder","Colored Map","Curses Come First","Downfall","Highlight Path","JesterMod","Minty Spire (QoL Compilation)","Permanent Neow","Relic Stats","Say the Spire","StSLib","The Blue Laboratory","The Marked"],"gold_per_floor":[111,131,143,162,172,172,183,213,213,213,230,258,286,346,346,346,346],"floor_reached":16,"language":"ENG","playtime":804,"items_purged":[],"score":124,"play_id":"e70632ca-bf52-48dc-9c8e-36ac607e8297","local_time":"20210114174214","is_ascension_mode":false,"campfire_choices":[{"data":"Anger","floor":6,"key":"SMITH"},{"data":"Cleave","floor":10,"key":"SMITH"},{"floor":15,"key":"REST"}],"circlet_count":0,"master_deck":["Strike_R+1","Strike_R","Strike_R","Strike_R","Strike_R","Defend_R","Defend_R","Defend_R","Defend_R","Bash","sneckomod:Bewildered","Anger+1","Perfected Strike","Shrug It Off","Iron Wave","Bludgeon","Cleave+1","Perfected Strike","Pommel Strike+1","Feed","Seeing Red","Anger"],"relics":["Burning Blood","Gambling Chip","WingedGreaves","White Beast Statue","Whetstone","Letter Opener","Oddly Smooth Stone"],"acts_visited":["Exordium"],"potions_floor_usage":[8,16,16,16],"damage_taken":[{"damage":5,"enemies":"Jaw Worm","floor":1,"turns":4},{"damage":4,"enemies":"Small Slimes","floor":2,"turns":5},{"damage":1,"enemies":"Cultist","floor":3,"turns":3},{"damage":14,"enemies":"3 Louse","floor":4,"turns":6},{"damage":15,"enemies":"Gremlin Gang","floor":5,"turns":5},{"damage":5,"enemies":"Looter","floor":7,"turns":3},{"damage":9,"enemies":"3 Sentries","floor":8,"turns":5},{"damage":11,"enemies":"Lots of Slimes","floor":11,"turns":3},{"damage":22,"enemies":"Gremlin Nob","floor":12,"turns":4},{"damage":38,"enemies":"Lagavulin","floor":13,"turns":7},{"damage":14,"enemies":"3 Sentries","floor":14,"turns":5},{"damage":48,"enemies":"Hexaghost","floor":16,"turns":10}],"seed_played":"-2899803207905623875","potions_obtained":[{"floor":1,"key":"blueLaboratory:BottledHope"},{"floor":2,"key":"SteroidPotion"},{"floor":4,"key":"blueLaboratory:BottleOfVodka"},{"floor":8,"key":"BloodPotion"},{"floor":11,"key":"Swift Potion"},{"floor":14,"key":"blueLaboratory:LouseDecoction"}],"is_trial":false,"path_per_floor":["M","M","M","M","M","R","M","E","T","R","M","E","E","?","R","B"],"character_chosen":"IRONCLAD","items_purchased":[],"campfire_rested":1,"item_purchase_floors":[],"current_hp_per_floor":[80,80,80,72,63,63,64,77,77,77,72,56,27,22,47,0,0],"gold":346,"neow_bonus":"ONE_RARE_RELIC","is_daily":false,"chose_seed":false,"campfire_upgraded":2,"win_rate":0.0,"timestamp":1610642534,"path_taken":["M","M","M","M","M","R","M","E","T","R","M","E","E","?","R","BOSS"],"items_purchased_type":[],"build_version":"2020-12-22","purchased_purges":0,"victory":false,"max_hp_per_floor":[80,80,80,80,80,80,80,80,80,80,80,80,83,86,86,86,86],"relic_stats":{"counters":[12,60],"Gambling Chip":[25],"Whetstone":["Strike_R","Pommel Strike"],"Letter Opener":[5],"obtain_stats":[{"Gambling Chip":0,"Oddly Smooth Stone":14,"WingedGreaves":8,"Whetstone":12,"Letter Opener":13,"Burning Blood":0,"White Beast Statue":9},{"Gambling Chip":0,"Oddly Smooth Stone":11,"WingedGreaves":7,"Whetstone":9,"Letter Opener":10,"Burning Blood":0,"White Beast Statue":7},{"Gambling Chip":0,"Oddly Smooth Stone":50,"WingedGreaves":31,"Whetstone":38,"Letter Opener":45,"Burning Blood":0,"White Beast Statue":31}],"Burning Blood":58},"card_choices":[{"not_picked":["Warcry","Hemokinesis"],"picked":"Anger","floor":1},{"not_picked":["Clash","Entrench"],"picked":"Perfected Strike","floor":2},{"not_picked":["Cleave","Carnage"],"picked":"Shrug It Off","floor":3},{"not_picked":["Fire Breathing","True Grit"],"picked":"Iron Wave","floor":4},{"not_picked":["Hemokinesis","Twin Strike"],"picked":"Bludgeon","floor":5},{"not_picked":["Pommel Strike","Twin Strike"],"picked":"Cleave","floor":7},{"not_picked":["Searing Blow","Power Through"],"picked":"Perfected Strike","floor":8},{"not_picked":["Thunderclap","Dark Embrace"],"picked":"Pommel Strike","floor":11},{"not_picked":["Burning Pact","Sword Boomerang"],"picked":"Feed","floor":12},{"not_picked":["Whirlwind","Sever Soul"],"picked":"Seeing Red","floor":13},{"not_picked":["Body Slam","Power Through"],"picked":"Anger","floor":14}],"player_experience":45470,"relics_obtained":[{"floor":8,"key":"WingedGreaves"},{"floor":9,"key":"White Beast Statue"},{"floor":12,"key":"Whetstone"},{"floor":13,"key":"Letter Opener"},{"floor":14,"key":"Oddly Smooth Stone"}],"event_choices":[{"damage_healed":0,"gold_gain":0,"player_choice":"Searched \u00271\u0027 times","damage_taken":0,"max_hp_gain":0,"max_hp_loss":0,"event_name":"Dead Adventurer","floor":14,"gold_loss":0}],"is_beta":false,"boss_relics":[],"items_purged_floors":[],"is_endless":false,"potions_floor_spawned":[1,2,4,8,11,12,13,14],"killed_by":"Hexaghost","ascension_level":0}}