{"host":"uq4ng344qg9ygyoi","time":1610644471,"event":{"mods":["BaseMod","Minty Spire (QoL Compilation)","Quick Restart","Shop Mod","StSLib"],"gold_per_floor":[110,110,120,133,22,22,57,57,108,108,136,136,61,79,79,178,178,192,224,46,65,77,77,104,316,328,340,386,418,430,458,470,577,589,619,243,262,313,313,313,348,359,359,359,389,389,403,428,428,428],"floor_reached":51,"language":"ZHS","playtime":2141,"items_purged":["Strike_R","Strike_R","Strike_R"],"score":868,"play_id":"1d3681fb-3d67-43bf-bec4-c2f39664e901","local_time":"20210115011431","is_ascension_mode":true,"campfire_choices":[{"data":"Pommel Strike","floor":6.0,"key":"SMITH"},{"data":"Dramatic Entrance","floor":8.0,"key":"SMITH"},{"floor":10.0,"key":"REST"},{"data":"Inflame","floor":12.0,"key":"SMITH"},{"data":"Cleave","floor":15.0,"key":"SMITH"},{"data":"Double Tap","floor":23.0,"key":"SMITH"},{"data":"Spot Weakness","floor":27.0,"key":"SMITH"},{"data":"Metallicize","floor":30.0,"key":"SMITH"},{"data":"Inflame","floor":32.0,"key":"SMITH"},{"data":"Feed","floor":40.0,"key":"SMITH"},{"data":"Battle Trance","floor":44.0,"key":"SMITH"},{"floor":49.0,"key":"REST"}],"circlet_count":0,"master_deck":["Strike_R","Defend_R","Defend_R+1","Defend_R+1","Defend_R","Bash","Panache","Battle Trance+1","Cleave+1","Pommel Strike+1","Headbutt","Dramatic Entrance+1","Inflame+1","Reaper","Spot Weakness+1","Metallicize+1","Double Tap+1","Anger","Thunderclap","Inflame+1","Feed+1","Dual Wield+1","Battle Trance+1","Heavy Blade+1","Parasite","Pummel","Burning Pact"],"relics":["Black Blood","Bronze Scales","Orichalcum","Red Mask","Anchor","Lantern","Runic Pyramid","MerchantsRug","Oddly Smooth Stone","Du-Vu Doll","Pantograph","Vajra","Art of War","Shovel","Happy Flower"],"acts_visited":["Exordium","TheCity","TheBeyond"],"potions_floor_usage":[],"damage_taken":[{"damage":8.0,"enemies":"Jaw Worm","floor":1.0,"turns":4.0},{"damage":7.0,"enemies":"2 Louse","floor":3.0,"turns":3.0},{"damage":0.0,"enemies":"Small Slimes","floor":4.0,"turns":2.0},{"damage":21.0,"enemies":"3 Sentries","floor":7.0,"turns":6.0},{"damage":14.0,"enemies":"Gremlin Nob","floor":11.0,"turns":3.0},{"damage":7.0,"enemies":"Red Slaver","floor":14.0,"turns":4.0},{"damage":29.0,"enemies":"Hexaghost","floor":16.0,"turns":6.0},{"damage":8.0,"enemies":"Chosen","floor":18.0,"turns":4.0},{"damage":3.0,"enemies":"Masked Bandits","floor":19.0,"turns":3.0},{"damage":15.0,"enemies":"Shell Parasite","floor":21.0,"turns":4.0},{"damage":1.0,"enemies":"Chosen and Byrds","floor":22.0,"turns":4.0},{"damage":18.0,"enemies":"Gremlin Leader","floor":24.0,"turns":4.0},{"damage":25.0,"enemies":"Book of Stabbing","floor":28.0,"turns":4.0},{"damage":19.0,"enemies":"Sentry and Sphere","floor":29.0,"turns":6.0},{"damage":10.0,"enemies":"Snake Plant","floor":31.0,"turns":3.0},{"damage":53.0,"enemies":"Automaton","floor":33.0,"turns":7.0},{"damage":3.0,"enemies":"Orb Walker","floor":35.0,"turns":3.0},{"damage":0.0,"enemies":"3 Shapes","floor":37.0,"turns":1.0},{"damage":32.0,"enemies":"2 Orb Walkers","floor":38.0,"turns":4.0},{"damage":60.0,"enemies":"Reptomancer","floor":41.0,"turns":6.0},{"damage":6.0,"enemies":"Writhing Mass","floor":42.0,"turns":5.0},{"damage":38.0,"enemies":"Nemesis","floor":45.0,"turns":5.0},{"damage":0.0,"enemies":"4 Shapes","floor":47.0,"turns":3.0},{"damage":69.0,"enemies":"Giant Head","floor":48.0,"turns":8.0},{"damage":107,"enemies":"Awakened One","floor":50,"turns":10}],"seed_played":"186862733761875962","potions_obtained":[{"floor":4.0,"key":"DistilledChaos"},{"floor":7.0,"key":"AttackPotion"},{"floor":11.0,"key":"Energy Potion"},{"floor":14.0,"key":"Swift Potion"},{"floor":21.0,"key":"PowerPotion"},{"floor":22.0,"key":"Fire Potion"},{"floor":33.0,"key":"SteroidPotion"},{"floor":37.0,"key":"BlessingOfTheForge"},{"floor":38.0,"key":"ElixirPotion"}],"is_trial":false,"path_per_floor":["M","?","M","M","$","R","E","R","T","R","E","R","$","M","R","B",null,"M","?","$","M","M","R","E","?","T","R","E","M","R","M","R","B",null,"M","$","M","?","?","R","E","M","T","R","E","?","M","E","R","B",null],"character_chosen":"IRONCLAD","items_purchased":["Headbutt","Dramatic Entrance","Metallicize","MerchantsRug","Oddly Smooth Stone"],"campfire_rested":2,"item_purchase_floors":[5,5,20,36,36],"current_hp_per_floor":[54,59,58,64,64,64,49,49,49,74,66,66,66,65,65,42,85,85,85,85,82,85,85,79,79,79,79,77,70,70,72,72,31,85,88,88,88,71,71,71,47,70,70,70,44,44,56,35,63,22],"gold":428,"neow_bonus":"RANDOM_COLORLESS_2","is_daily":false,"chose_seed":false,"campfire_upgraded":10,"win_rate":0.0,"timestamp":1610644471,"path_taken":["M","?","M","M","$","R","E","R","T","R","E","R","$","M","R","BOSS","M","?","$","M","M","R","E","?","T","R","E","M","R","?","R","BOSS","M","$","M","?","?","R","E","M","T","R","E","?","M","E","R","BOSS"],"items_purchased_type":["Card","Card","Card","Relic","Relic"],"build_version":"2020-12-22","purchased_purges":3,"victory":true,"max_hp_per_floor":[80,85,85,85,85,85,85,85,85,85,85,85,85,85,85,85,85,85,85,85,85,85,85,85,85,85,85,85,85,85,85,85,85,85,88,88,88,91,91,91,95,95,95,95,95,95,95,95,95,99],"card_choices":[{"not_picked":["Chrysalis","Thinking Ahead"],"picked":"Panache","floor":0.0},{"not_picked":["Sword Boomerang","Rampage"],"picked":"Battle Trance","floor":1.0},{"not_picked":["Clothesline","Sentinel"],"picked":"Cleave","floor":3.0},{"not_picked":["Sword Boomerang","Feel No Pain"],"picked":"Pommel Strike","floor":4.0},{"not_picked":["Twin Strike","Immolate"],"picked":"Inflame","floor":7.0},{"not_picked":["Pommel Strike","Perfected Strike","Twin Strike"],"picked":"SKIP","floor":11.0},{"not_picked":["Pommel Strike","Perfected Strike","Twin Strike"],"picked":"SKIP","floor":11.0},{"not_picked":["Ghostly Armor","Battle Trance","Reckless Charge"],"picked":"SKIP","floor":14.0},{"not_picked":["Brutality","Demon Form"],"picked":"Reaper","floor":16.0},{"not_picked":["Flame Barrier+1","Clash+1"],"picked":"Spot Weakness","floor":18.0},{"not_picked":["Havoc","Perfected Strike"],"picked":"Double Tap","floor":21.0},{"not_picked":["Feel No Pain","Evolve"],"picked":"Anger","floor":22.0},{"not_picked":["Rampage","Bludgeon"],"picked":"Thunderclap","floor":24.0},{"not_picked":["Havoc","Bloodletting","Iron Wave"],"picked":"SKIP","floor":28.0},{"not_picked":["Hemokinesis","Flame Barrier","Clash"],"picked":"SKIP","floor":29.0},{"not_picked":["Seeing Red","Searing Blow+1"],"picked":"Inflame","floor":31.0},{"not_picked":["Brutality","Corruption"],"picked":"Feed","floor":33.0},{"not_picked":["Perfected Strike","Body Slam+1"],"picked":"Dual Wield+1","floor":35.0},{"not_picked":["Infernal Blade+1","Flex"],"picked":"Battle Trance+1","floor":37.0},{"not_picked":["Blood for Blood+1","Cleave+1"],"picked":"Heavy Blade+1","floor":41.0},{"not_picked":["Blood for Blood","Havoc+1","Clothesline"],"picked":"SKIP","floor":42.0},{"not_picked":["Clothesline","Warcry","True Grit"],"picked":"SKIP","floor":45.0},{"not_picked":["Flame Barrier","Hemokinesis"],"picked":"Pummel","floor":47.0},{"not_picked":["Dropkick+1","Blood for Blood+1","Burning Pact"],"picked":"SKIP","floor":48.0},{"not_picked":["Dropkick+1","Blood for Blood+1"],"picked":"Burning Pact","floor":48.0}],"player_experience":400379,"relics_obtained":[{"floor":7.0,"key":"Bronze Scales"},{"floor":9.0,"key":"War Paint"},{"floor":11.0,"key":"Orichalcum"},{"floor":19.0,"key":"Red Mask"},{"floor":24.0,"key":"MawBank"},{"floor":26.0,"key":"Anchor"},{"floor":28.0,"key":"Lantern"},{"floor":38.0,"key":"Du-Vu Doll"},{"floor":41.0,"key":"Pantograph"},{"floor":43.0,"key":"Vajra"},{"floor":45.0,"key":"Art of War"},{"floor":48.0,"key":"Happy Flower"}],"event_choices":[{"damage_healed":0.0,"max_hp_gain":5.0,"max_hp_loss":0.0,"gold_gain":0.0,"event_name":"Big Fish","player_choice":"Donut","floor":2.0,"gold_loss":0.0,"damage_taken":0.0},{"damage_healed":0.0,"max_hp_gain":0.0,"max_hp_loss":0.0,"gold_gain":0.0,"event_name":"Masked Bandits","player_choice":"Fought Bandits","floor":19.0,"gold_loss":0.0,"damage_taken":0.0},{"damage_healed":0.0,"max_hp_gain":0.0,"max_hp_loss":0.0,"gold_gain":200.0,"event_name":"Wheel of Change","player_choice":"Gold","floor":25.0,"gold_loss":0.0,"damage_taken":0.0},{"damage_healed":0.0,"max_hp_gain":0.0,"max_hp_loss":0.0,"gold_gain":0.0,"event_name":"Mysterious Sphere","player_choice":"Fight","floor":38.0,"gold_loss":0.0,"damage_taken":0.0},{"cards_removed":["Strike_R"],"damage_healed":0.0,"max_hp_gain":0.0,"max_hp_loss":0.0,"gold_gain":0.0,"event_name":"Falling","player_choice":"Removed Attack","floor":39.0,"gold_loss":0.0,"damage_taken":0.0},{"damage_healed":0.0,"max_hp_gain":0.0,"max_hp_loss":0.0,"gold_gain":0.0,"event_name":"WeMeetAgain","player_choice":"Gave Potion","floor":46.0,"gold_loss":0.0,"damage_taken":0.0,"relics_obtained":["Shovel"]}],"is_beta":false,"boss_relics":[{"not_picked":["Mark of Pain","SacredBark"],"picked":"Black Blood"},{"not_picked":["Philosopher\u0027s Stone","Coffee Dripper"],"picked":"Runic Pyramid"}],"items_purged_floors":[13,20,36],"is_endless":false,"potions_floor_spawned":[4,7,11,14,21,22,24,31,33,37,38],"ascension_level":1}}