{"host":"okzzojfld2krd5j7","time":1610621794,"event":{"mods":["BaseMod","Better Third Choice","Googly Eyes","Minty Spire (QoL Compilation)","Rare Cards Sparkle","Relic Stats","Replay The Spire","Robot Space Explorer","Spicy Shops","StSLib","Wandering Minibosses","vexMod"],"gold_per_floor":[119,130,148,123,198,227,227,227,227],"floor_reached":8,"language":"ENG","playtime":234,"items_purged":[],"score":81,"play_id":"99760d66-df79-40f8-aad9-5ff45caf5a42","local_time":"20210114115634","is_ascension_mode":false,"campfire_choices":[],"circlet_count":0,"master_deck":["RobotSpaceExplorer:Strike","RobotSpaceExplorer:Strike","RobotSpaceExplorer:Strike","RobotSpaceExplorer:Strike","RobotSpaceExplorer:Defend","RobotSpaceExplorer:Defend","RobotSpaceExplorer:Defend","RobotSpaceExplorer:Defend","RobotSpaceExplorer:Scan","RobotSpaceExplorer:MiniLasers","RobotSpaceExplorer:LaserBurst","RobotSpaceExplorer:GearShield","RobotSpaceExplorer:StunGrenade","RobotSpaceExplorer:Arsenal"],"relics":["RobotSpaceExplorer:RoboCore","NeowsBlessing","Pear"],"acts_visited":["Exordium"],"potions_floor_usage":[],"damage_taken":[{"damage":0.0,"enemies":"Cultist","floor":1.0,"turns":1.0},{"damage":0.0,"enemies":"Jaw Worm","floor":2.0,"turns":1.0},{"damage":0.0,"enemies":"Small Slimes","floor":3.0,"turns":1.0},{"damage":36.0,"enemies":"3 Sentries","floor":6.0,"turns":11.0},{"damage":13,"enemies":"Lagavulin","floor":8,"turns":5}],"seed_played":"3754459887466676059","potions_obtained":[{"floor":1.0,"key":"Doom Potion"},{"floor":6.0,"key":"Swift Potion"}],"is_trial":false,"path_per_floor":["M","M","M","?","?","E","$","E"],"character_chosen":"RobotSpaceExplorer","items_purchased":[],"campfire_rested":0,"item_purchase_floors":[],"current_hp_per_floor":[75,75,75,75,64,38,38,25,25],"gold":227,"neow_bonus":"THREE_ENEMY_KILL","is_daily":false,"chose_seed":false,"campfire_upgraded":0,"win_rate":0.0,"timestamp":1610621794,"path_taken":["M","?","M","?","?","E","$","E"],"items_purchased_type":[],"build_version":"2020-12-22","purchased_purges":0,"victory":false,"max_hp_per_floor":[75,75,75,75,75,85,85,85,85],"relic_stats":{"counters":[5,19],"obtain_stats":[{"Pear":6,"NeowsBlessing":0,"RobotSpaceExplorer:RoboCore":0},{"Pear":4,"NeowsBlessing":0,"RobotSpaceExplorer:RoboCore":0},{"Pear":14,"NeowsBlessing":0,"RobotSpaceExplorer:RoboCore":0}]},"card_choices":[{"not_picked":["RobotSpaceExplorer:SurgingShield","RobotSpaceExplorer:PowerGlove"],"picked":"RobotSpaceExplorer:LaserBurst","floor":1.0},{"not_picked":["RobotSpaceExplorer:Probe","RobotSpaceExplorer:IronShell"],"picked":"RobotSpaceExplorer:GearShield","floor":2.0},{"not_picked":["RobotSpaceExplorer:MetalStrike","RobotSpaceExplorer:ScrapMissile"],"picked":"RobotSpaceExplorer:StunGrenade","floor":3.0},{"not_picked":["RobotSpaceExplorer:GlueShot","RobotSpaceExplorer:Reload"],"picked":"RobotSpaceExplorer:Arsenal","floor":6.0}],"player_experience":636177,"relics_obtained":[{"floor":6.0,"key":"Pear"}],"event_choices":[{"damage_healed":0.0,"max_hp_gain":0.0,"max_hp_loss":0.0,"gold_gain":75.0,"event_name":"betterThird:BetterGoop","player_choice":"Gold","floor":5.0,"gold_loss":0.0,"damage_taken":11.0}],"is_beta":false,"boss_relics":[],"items_purged_floors":[],"is_endless":false,"potions_floor_spawned":[1,6],"killed_by":"Lagavulin","ascension_level":0}}