{"host":"kmq7aw60w430zvtx","time":1610615288,"event":{"mods":["BaseMod","Downfall","GifTheSpireLib","Hermit","Hubris","Minty Spire (QoL Compilation)","Replay The Spire","StSLib","The Construct","The Cursed","The Hierophant","The Jungle","The Necromancer","The Runesmith"],"gold_per_floor":[218,229,29,49,64,64,99,114,114,114,114,133,133,148,148,250,250,261,280,96,195,195,225,225,259,259,279,297,297,297,314,314,414,414,428,441,365,365,380,380,380,380,380],"floor_reached":42,"language":"ENG","playtime":2536,"items_purged":["hermit:Defend_Hermit"],"score":465,"play_id":"f8dd2db7-fed1-4ac9-8187-86acc4acc936","local_time":"20210114100808","is_ascension_mode":false,"campfire_choices":[{"floor":6.0,"key":"RECALL"},{"floor":11.0,"key":"REST"},{"data":"hermit:ShadowCloak","floor":13.0,"key":"SMITH"},{"data":"hermit:Determination","floor":15.0,"key":"SMITH"},{"data":"hermit:Reprieve","floor":24.0,"key":"SMITH"},{"floor":29.0,"key":"REST"},{"floor":32.0,"key":"DIG"},{"floor":40.0,"key":"REST"}],"circlet_count":0,"master_deck":["hermit:Strike_Hermit","hermit:Strike_Hermit","hermit:Strike_Hermit","hermit:Strike_Hermit","hermit:Defend_Hermit","hermit:Defend_Hermit","hermit:Defend_Hermit","hermit:Snapshot","hermit:Covet","hermit:SprayPray","hermit:LowProfile","hermit:Dive+1","hermit:Determination+1","Bandage Up","hermit:ShadowCloak+1","hermit:Midnight","hermit:Roulette","hermit:Dissolve","hermit:Feint","hermit:Cheat","hermit:Reprieve+1","hermit:Quickdraw","hermit:Spite+1","hermit:Misfire","hermit:ShadowCloak","Decay","hermit:Coalescence","hermit:Vantage","hermit:Malice+1","hermit:LowProfile+1","hermit:SprayPray","hermit:FromBeyond+1","hermit:Glare+1","hermit:Roughhouse+1","hermit:Brawl+1","Bandage Up","hermit:Manifest+1"],"relics":["hermit:Momento","Oddly Smooth Stone","Regal Pillow","hubris:TerracottaHorce","PreservedInsect","Shovel","Golden Egg","Mercury Hourglass","Velvet Choker"],"acts_visited":["Exordium","TheCity","TheBeyond"],"potions_floor_usage":[42],"damage_taken":[{"damage":1.0,"enemies":"Cultist","floor":1.0,"turns":3.0},{"damage":0.0,"enemies":"Small Slimes","floor":2.0,"turns":2.0},{"damage":3.0,"enemies":"Jaw Worm","floor":4.0,"turns":4.0},{"damage":15.0,"enemies":"Exordium Thugs","floor":5.0,"turns":7.0},{"damage":35.0,"enemies":"Gremlin Nob","floor":7.0,"turns":5.0},{"damage":13.0,"enemies":"Gremlin Gang","floor":8.0,"turns":5.0},{"damage":0.0,"enemies":"2 Fungi Beasts","floor":12.0,"turns":6.0},{"damage":2.0,"enemies":"Red Slaver","floor":14.0,"turns":4.0},{"damage":5.0,"enemies":"The Guardian","floor":16.0,"turns":13.0},{"damage":8.0,"enemies":"3 Byrds","floor":18.0,"turns":6.0},{"damage":2.0,"enemies":"Shell Parasite","floor":19.0,"turns":6.0},{"damage":10.0,"enemies":"Replay:Snechameleon","floor":23.0,"turns":5.0},{"damage":25.0,"enemies":"Slavers","floor":25.0,"turns":4.0},{"damage":15.0,"enemies":"Centurion and Healer","floor":27.0,"turns":9.0},{"damage":28.0,"enemies":"Snecko","floor":28.0,"turns":7.0},{"damage":32.0,"enemies":"Snake Plant","floor":31.0,"turns":6.0},{"damage":49.0,"enemies":"Collector","floor":33.0,"turns":9.0},{"damage":18.0,"enemies":"3 Shapes","floor":35.0,"turns":3.0},{"damage":9.0,"enemies":"Orb Walker","floor":36.0,"turns":4.0},{"damage":43.0,"enemies":"Sphere and 2 Shapes","floor":39.0,"turns":5.0},{"damage":61,"enemies":"Replay:Hell Engine","floor":42,"turns":5}],"seed_played":"-8973596556472077143","potions_obtained":[{"floor":2.0,"key":"Swift Potion"},{"floor":5.0,"key":"Slimebound:ThreeZeroPotion"},{"floor":12.0,"key":"ColorlessPotion"},{"floor":14.0,"key":"champ:CounterPotion"},{"floor":16.0,"key":"Cursed Concoction"},{"floor":18.0,"key":"Block Potion"},{"floor":23.0,"key":"Fire Potion"},{"floor":25.0,"key":"Block Potion"},{"floor":28.0,"key":"LifebloodPotion"},{"floor":33.0,"key":"Adrenaline Potion"},{"floor":35.0,"key":"hexamod:EctoCoolerPotion"},{"floor":39.0,"key":"DuplicationPotion"}],"is_trial":false,"path_per_floor":["M","M","$","M","M","R","E","M","T","?","R","M","R","M","R","B",null,"M","M","$","?","?","E","R","E","T","M","M","R","?","M","R","B",null,"M","M","$","?","M","R","?","B"],"character_chosen":"HERMIT","items_purchased":["hermit:Dive","hermit:Determination","Bandage Up","hermit:Misfire","hermit:ShadowCloak","hermit:Brawl"],"campfire_rested":3,"item_purchase_floors":[3,3,3,20,20,37],"current_hp_per_floor":[74,74,74,73,62,62,31,22,22,22,59,63,63,61,61,60,71,75,74,74,74,74,64,64,55,55,48,20,57,75,47,47,30,64,46,41,41,41,10,47,47,0,0],"gold":380,"neow_bonus":"HUNDRED_GOLD","is_daily":false,"chose_seed":false,"campfire_upgraded":3,"win_rate":0.0,"timestamp":1610615288,"path_taken":["M","?","$","?","?","R","E","M","T","?","R","M","R","M","R","BOSS","M","M","$","?","?","E","R","E","T","?","?","R","?","?","R","BOSS","M","M","$","?","?","R","?","BOSS"],"items_purchased_type":["Card","Card","Card","Card","Card","Card"],"build_version":"2020-12-22","purchased_purges":1,"victory":false,"max_hp_per_floor":[75,75,75,75,75,75,75,75,75,75,75,75,75,75,75,75,75,75,75,75,75,75,75,75,75,75,75,75,75,75,75,75,75,75,75,75,75,75,75,75,75,75,75],"card_choices":[{"not_picked":["hermit:Misfire","hermit:Roulette"],"picked":"hermit:SprayPray","floor":1.0},{"not_picked":["hermit:SprayPray","hermit:DeadMansHand"],"picked":"hermit:LowProfile","floor":2.0},{"not_picked":["hermit:GhostlyPresence","hermit:Ricochet"],"picked":"hermit:ShadowCloak","floor":4.0},{"not_picked":["hermit:LoneWolf","hermit:ItchyTrigger"],"picked":"hermit:Midnight","floor":5.0},{"not_picked":["hermit:Snipe","hermit:TakeCover"],"picked":"hermit:Roulette","floor":7.0},{"not_picked":["hermit:Midnight","hermit:Quickdraw"],"picked":"hermit:Dissolve","floor":8.0},{"not_picked":["hermit:FullyLoaded","hermit:TakeAim"],"picked":"hermit:Feint","floor":12.0},{"not_picked":["hermit:Headshot","hermit:Vantage"],"picked":"hermit:Cheat","floor":14.0},{"not_picked":["hermit:FatalDesire","hermit:DeadOrAlive"],"picked":"hermit:Reprieve","floor":16.0},{"not_picked":["hermit:Showdown+1","hermit:CursedWeapon"],"picked":"hermit:Quickdraw","floor":18.0},{"not_picked":["hermit:TrackingShot","hermit:Deadeye"],"picked":"hermit:Spite+1","floor":19.0},{"not_picked":["hermit:Shortfuse","hermit:CalledShot"],"picked":"hermit:Coalescence","floor":23.0},{"not_picked":["hermit:Determination+1","hermit:Snipe"],"picked":"hermit:Vantage","floor":25.0},{"not_picked":["hermit:WideOpen","hermit:Ricochet+1"],"picked":"hermit:Malice+1","floor":27.0},{"not_picked":["hermit:Vantage","hermit:Feint"],"picked":"hermit:LowProfile+1","floor":28.0},{"not_picked":["hermit:TrackingShot","hermit:Showdown"],"picked":"hermit:SprayPray","floor":31.0},{"not_picked":["hermit:HighNoon","hermit:Adapt"],"picked":"hermit:FromBeyond","floor":33.0},{"not_picked":["hermit:Quickdraw","hermit:CalledShot+1"],"picked":"hermit:Glare+1","floor":35.0},{"not_picked":["hermit:PistolWhip+1","hermit:Glare+1"],"picked":"hermit:Roughhouse","floor":36.0},{"not_picked":["hermit:Desperado","hermit:Grudge+1"],"picked":"hermit:Manifest+1","floor":39.0}],"player_experience":286430,"relics_obtained":[{"floor":7.0,"key":"Oddly Smooth Stone"},{"floor":9.0,"key":"Regal Pillow"},{"floor":23.0,"key":"PreservedInsect"},{"floor":25.0,"key":"Shovel"},{"floor":26.0,"key":"Golden Egg"},{"floor":32.0,"key":"Mercury Hourglass"}],"event_choices":[{"damage_healed":0.0,"max_hp_gain":0.0,"max_hp_loss":0.0,"gold_gain":0.0,"event_name":"Accursed Blacksmith","player_choice":"Forge","floor":10.0,"gold_loss":0.0,"damage_taken":0.0,"cards_upgraded":["hermit:Dive"]},{"damage_healed":0.0,"max_hp_gain":0.0,"max_hp_loss":0.0,"gold_gain":99.0,"event_name":"Nest","player_choice":"Stole From Cult","floor":21.0,"gold_loss":0.0,"damage_taken":0.0},{"damage_healed":0.0,"max_hp_gain":0.0,"max_hp_loss":0.0,"gold_gain":0.0,"event_name":"Wheel of Change","player_choice":"Cursed","floor":22.0,"gold_loss":0.0,"damage_taken":0.0,"cards_obtained":["Decay"]},{"cards_removed":["hermit:ShadowCloak"],"damage_healed":18.0,"max_hp_gain":0.0,"max_hp_loss":0.0,"gold_gain":0.0,"event_name":"Bonfire Elementals","player_choice":"Offered Uncommon","floor":30.0,"gold_loss":0.0,"damage_taken":0.0},{"damage_healed":0.0,"max_hp_gain":0.0,"max_hp_loss":0.0,"gold_gain":0.0,"event_name":"Duplicator","player_choice":"Copied","floor":38.0,"gold_loss":0.0,"damage_taken":0.0,"cards_obtained":["Bandage Up"]},{"damage_healed":0,"gold_gain":0,"player_choice":"Took Portal","damage_taken":0,"max_hp_gain":0,"max_hp_loss":0,"event_name":"SecretPortal","floor":41,"gold_loss":0}],"is_beta":false,"boss_relics":[{"not_picked":["SlaversCollar","hubris:BlackHole"],"picked":"hubris:TerracottaHorce"},{"not_picked":["hubris:CrackedHourglass","hubris:Stopwatch"],"picked":"Velvet Choker"}],"items_purged_floors":[20],"is_endless":false,"potions_floor_spawned":[2,5,12,14,16,18,23,25,28,33,35,39],"killed_by":"Replay:Hell Engine","ascension_level":0}}