{"host":"oiw60b5ins9fyx34","time":1610605537,"event":{"mods":["BaseMod","Colored Map","Colored Powertips","Minty Spire (QoL Compilation)","Permanent Neow","Quick Restart","Rare Cards Sparkle","Relic Stats","StSLib","The Cursed"],"gold_per_floor":[10,10,29,49,49,49,76,88,115,115,41,41,56,66,66,166,166,178,17,17,27,27,27,27],"floor_reached":23,"language":"JPN","playtime":1104,"items_purged":[],"score":191,"play_id":"3b833455-3cbe-4fae-ae57-f82a73a2b07f","local_time":"20210114152537","is_ascension_mode":false,"campfire_choices":[{"data":"TheCursedMod:NeowsMight","floor":6,"key":"SMITH"},{"data":"TheCursedMod:CleanUpWorkshop","floor":10,"key":"SMITH"},{"data":"TheCursedMod:LuckyCharm","floor":12,"key":"SMITH"},{"floor":15,"key":"REST"}],"circlet_count":0,"master_deck":["TheCursedMod:Strike_TheCursed","TheCursedMod:Strike_TheCursed","TheCursedMod:Strike_TheCursed","TheCursedMod:Defend_TheCursed","TheCursedMod:Defend_TheCursed","TheCursedMod:Defend_TheCursed","TheCursedMod:CursedWand","TheCursedMod:CleanUpWorkshop+1","TheCursedMod:Dregs","TheCursedMod:NeowsMight+1","TheCursedMod:CursedArmor","TheCursedMod:SurpriseAttack","TheCursedMod:CursedShiv","TheCursedMod:Evocation","TheCursedMod:TacticalStrike","TheCursedMod:CursedStaff","TheCursedMod:LuckyCharm+1","TheCursedMod:CircleOfAmplification","TheCursedMod:AbyssShockwave","TheCursedMod:WearCloak","TheCursedMod:CollectTribute","TheCursedMod:Obscuration","TheCursedMod:BloodBarrier","TheCursedMod:RapidMovement"],"relics":["TheCursedMod:BlackMagic101","Dream Catcher","Toy Ornithopter","Cursed Key","Membership Card"],"acts_visited":["TheCity"],"potions_floor_usage":[16,21,23],"damage_taken":[{"damage":0,"enemies":"Jaw Worm","floor":1,"turns":4},{"damage":6,"enemies":"Small Slimes","floor":3,"turns":3},{"damage":0,"enemies":"2 Louse","floor":4,"turns":2},{"damage":34,"enemies":"3 Sentries","floor":7,"turns":16},{"damage":0,"enemies":"Blue Slaver","floor":8,"turns":3},{"damage":10,"enemies":"Gremlin Gang","floor":13,"turns":4},{"damage":7,"enemies":"3 Louse","floor":14,"turns":2},{"damage":16,"enemies":"Slime Boss","floor":16,"turns":8},{"damage":8,"enemies":"Shell Parasite","floor":18,"turns":4},{"damage":4,"enemies":"2 Thieves","floor":21,"turns":4},{"damage":49,"enemies":"Gremlin Leader","floor":23,"turns":7}],"seed_played":"2208738662332576970","potions_obtained":[{"floor":4,"key":"BlessingOfTheForge"},{"floor":7,"key":"Strength Potion"},{"floor":8,"key":"SmokeBomb"},{"floor":14,"key":"AttackPotion"},{"floor":21,"key":"TheCursedMod:DregsPotion"}],"is_trial":false,"path_per_floor":["M","?","M","M","?","R","E","M","T","R","$","R","M","M","R","B",null,"M","$","?","M","?","E"],"character_chosen":"THE_CURSED","items_purchased":["TheCursedMod:LuckyCharm","Membership Card","TheCursedMod:BloodBarrier"],"campfire_rested":1,"item_purchase_floors":[11,19,19],"current_hp_per_floor":[75,75,69,69,62,62,28,28,28,28,28,28,18,11,33,22,75,67,67,67,68,68,24,24],"gold":27,"neow_bonus":"THREE_RARE_CARDS","is_daily":false,"chose_seed":false,"campfire_upgraded":3,"win_rate":0.0,"timestamp":1610605537,"path_taken":["M","?","M","M","?","R","E","M","T","R","$","R","M","M","R","BOSS","M","$","?","M","?","E"],"items_purchased_type":["Card","Relic","Card"],"build_version":"2020-12-22","purchased_purges":0,"victory":false,"max_hp_per_floor":[75,75,75,75,75,75,75,75,75,75,75,75,75,75,75,75,75,75,75,75,75,75,75,75],"relic_stats":{"Dream Catcher":1,"counters":[11,57],"Cursed Key":0,"obtain_stats":[{"TheCursedMod:BlackMagic101":0,"Dream Catcher":7,"Membership Card":19,"Cursed Key":17,"Toy Ornithopter":9},{"TheCursedMod:BlackMagic101":0,"Dream Catcher":4,"Membership Card":9,"Cursed Key":8,"Toy Ornithopter":5},{"TheCursedMod:BlackMagic101":0,"Dream Catcher":25,"Membership Card":46,"Cursed Key":42,"Toy Ornithopter":28}],"Toy Ornithopter":15},"card_choices":[{"not_picked":["TheCursedMod:Neurasthenia","TheCursedMod:ParallelWorld"],"picked":"TheCursedMod:NeowsMight","floor":0},{"not_picked":["TheCursedMod:CircleOfCorruption","TheCursedMod:AshesToAshes"],"picked":"TheCursedMod:CursedArmor","floor":1},{"not_picked":["TheCursedMod:CircleOfFlame","TheCursedMod:HellsGateOpen"],"picked":"TheCursedMod:CursedShiv","floor":3},{"not_picked":["TheCursedMod:TacticalStrike","TheCursedMod:RavingStaff"],"picked":"TheCursedMod:Evocation","floor":4},{"not_picked":["TheCursedMod:SurpriseAttack","TheCursedMod:CursedAmulet"],"picked":"TheCursedMod:TacticalStrike","floor":7},{"not_picked":["TheCursedMod:SurpriseAttack","TheCursedMod:Stigma"],"picked":"TheCursedMod:CursedStaff","floor":8},{"not_picked":["TheCursedMod:EmpowerCircles","TheCursedMod:HellsGateOpen"],"picked":"TheCursedMod:CircleOfAmplification","floor":13},{"not_picked":["TheCursedMod:TroublousMinions","TheCursedMod:Evocation"],"picked":"TheCursedMod:AbyssShockwave","floor":14},{"not_picked":["TheCursedMod:Torture","TheCursedMod:CircleOfCorruption"],"picked":"TheCursedMod:WearCloak","floor":15},{"not_picked":["TheCursedMod:CircleOfAbyss","TheCursedMod:CursedRelics"],"picked":"TheCursedMod:CollectTribute","floor":16},{"not_picked":["TheCursedMod:Stigma+1","TheCursedMod:CursedShiv"],"picked":"TheCursedMod:Obscuration","floor":18},{"not_picked":["TheCursedMod:BloodBarrier","TheCursedMod:RavingStaff"],"picked":"TheCursedMod:RapidMovement","floor":21}],"player_experience":664063,"relics_obtained":[{"floor":7,"key":"Dream Catcher"},{"floor":9,"key":"Toy Ornithopter"}],"event_choices":[{"damage_healed":0,"gold_gain":0,"cards_transformed":["TheCursedMod:Defend_TheCursed"],"player_choice":"Change","damage_taken":0,"max_hp_gain":0,"max_hp_loss":0,"event_name":"Living Wall","floor":2,"gold_loss":0,"cards_obtained":["TheCursedMod:SurpriseAttack"]},{"cards_removed":["TheCursedMod:Strike_TheCursed"],"damage_healed":0,"gold_gain":0,"player_choice":"Card Removal","damage_taken":7,"max_hp_gain":0,"max_hp_loss":0,"event_name":"Golden Wing","floor":5,"gold_loss":0},{"damage_healed":0,"gold_gain":0,"player_choice":"Ignored","damage_taken":0,"max_hp_gain":0,"max_hp_loss":0,"event_name":"Cursed Tome","floor":20,"gold_loss":0},{"damage_healed":0,"gold_gain":0,"player_choice":"Ignored","damage_taken":0,"max_hp_gain":0,"max_hp_loss":0,"event_name":"Ghosts","floor":22,"gold_loss":0}],"is_beta":false,"boss_relics":[{"not_picked":["Philosopher\u0027s Stone","Ectoplasm"],"picked":"Cursed Key"}],"items_purged_floors":[],"is_endless":false,"potions_floor_spawned":[4,7,8,14,21],"killed_by":"Gremlin Leader","ascension_level":0}}