{"host":"jf9sa0j18a3cnoxw","time":1610586947,"event":{"mods":["Act Like it!","BaseMod","Duelist Mod","Minty Spire (QoL Compilation)","Relic Stats","Replay The Spire","StSLib","The Bug Knight"],"gold_per_floor":[115,130,130,130,130,164,164,179,179,179,204,218,228,244,244,339,339,353,368,388,388,388,420,420,420],"floor_reached":24,"language":"ENG","playtime":3527,"items_purged":[],"score":255,"play_id":"34cabbf7-99de-455f-80e9-b23ed55a2202","local_time":"20210113201547","is_ascension_mode":false,"campfire_choices":[{"data":"HollowMod:FocusHealStart","floor":10.0,"key":"SMITH"},{"floor":15.0,"key":"REST"}],"circlet_count":0,"master_deck":["HollowMod:NailStrikeStart","HollowMod:NailStrikeStart","HollowMod:NailStrikeStart+1","HollowMod:QuickDashStart","HollowMod:QuickDashStart+1","HollowMod:QuickDashStart+1","HollowMod:FocusHealStart+1","HollowMod:PogoStrike","HollowMod:NewGlowingWomb","HollowMod:MothsMistake","HollowMod:Hiveblood","HollowMod:DoubleDash","HollowMod:PerfectDash","HollowMod:BaldurShell","HollowMod:CloakDash","HollowMod:HowlingWraiths","HollowMod:CornifersMapStart","HollowMod:MawleksShell","HollowMod:SlysStrikes","CurseOfTheBell","HollowMod:InfectedAttack","HollowMod:SoulEater","HollowMod:SoulSplash+1","HollowMod:CloakDash"],"relics":["HollowMod:VesselMask","NeowsBlessing","Replay:PocketPolymizer","Meat on the Bone","FossilizedHelix","Calling Bell","Blue Doll","Replay:WaspNest","Calipers","PreservedInsect","Unceasing Top"],"acts_visited":["Exordium","TheCity"],"potions_floor_usage":[20,22],"damage_taken":[{"damage":0.0,"enemies":"2 Louse","floor":1.0,"turns":1.0},{"damage":0.0,"enemies":"Small Slimes","floor":2.0,"turns":2.0},{"damage":0.0,"enemies":"3 Sentries","floor":6.0,"turns":2.0},{"damage":23.0,"enemies":"Jaw Worm","floor":8.0,"turns":4.0},{"damage":23.0,"enemies":"Lagavulin","floor":11.0,"turns":9.0},{"damage":67.0,"enemies":"Gremlin Gang","floor":12.0,"turns":6.0},{"damage":7.0,"enemies":"Red Slaver","floor":13.0,"turns":6.0},{"damage":12.0,"enemies":"Looter","floor":14.0,"turns":5.0},{"damage":82.0,"enemies":"Hexaghost","floor":16.0,"turns":16.0},{"damage":34,"enemies":"Shell Parasite","floor":18,"turns":8},{"damage":10,"enemies":"3 Byrds","floor":19,"turns":2},{"damage":63,"enemies":"Sentry and Sphere","floor":20,"turns":7},{"damage":8,"enemies":"Centurion and Healer","floor":22,"turns":2},{"damage":38,"enemies":"theDuelist:KaibaA2","floor":23,"turns":7},{"damage":32,"enemies":"Shelled Parasite and Fungi","floor":24,"turns":6}],"seed_played":"2524410839162034583","potions_obtained":[{"floor":8.0,"key":"Block Potion"},{"floor":14.0,"key":"Venom Potion"},{"floor":18,"key":"SmokeBomb"},{"floor":19,"key":"Adrenaline Potion"},{"floor":23,"key":"Ancient Potion"}],"is_trial":false,"path_per_floor":["M","M","?","?","?","E","?","M","T","R","E","M","M","M","R","B",null,"M","M","M","T","M","E","M"],"character_chosen":"THE_BUGKNIGHT","items_purchased":[],"campfire_rested":1,"item_purchase_floors":[],"current_hp_per_floor":[75,75,75,75,75,75,60,55,55,55,59,29,40,42,64,21,75,59,49,23,23,27,21,0,0],"gold":420,"neow_bonus":"THREE_ENEMY_KILL","is_daily":false,"chose_seed":false,"campfire_upgraded":1,"win_rate":0.0,"timestamp":1610586947,"path_taken":["M","M","?","?","?","E","?","?","T","R","E","M","M","M","R","BOSS","M","?","M","?","M","E","M"],"items_purchased_type":[],"build_version":"2020-12-22","purchased_purges":0,"victory":false,"max_hp_per_floor":[75,75,75,75,75,75,75,75,75,75,75,75,75,75,75,75,75,75,75,75,75,75,75,75,75],"relic_stats":{"counters":[15,83],"PreservedInsect":28,"obtain_stats":[{"Calling Bell":17,"Replay:PocketPolymizer":6,"Calipers":17,"NeowsBlessing":0,"HollowMod:VesselMask":0,"Blue Doll":17,"Replay:WaspNest":17,"PreservedInsect":21,"FossilizedHelix":11,"Unceasing Top":23,"Meat on the Bone":9},{"Calling Bell":9,"Replay:PocketPolymizer":3,"Calipers":9,"NeowsBlessing":0,"HollowMod:VesselMask":0,"Blue Doll":9,"Replay:WaspNest":9,"PreservedInsect":12,"FossilizedHelix":5,"Unceasing Top":14,"Meat on the Bone":4},{"Calling Bell":51,"Replay:PocketPolymizer":5,"Calipers":51,"NeowsBlessing":0,"HollowMod:VesselMask":0,"Blue Doll":51,"Replay:WaspNest":51,"PreservedInsect":68,"FossilizedHelix":18,"Unceasing Top":77,"Meat on the Bone":9}],"Unceasing Top":[0],"Meat on the Bone":60},"card_choices":[{"not_picked":["HollowMod:TaintedHusks","HollowMod:SoulSplash"],"picked":"HollowMod:NewGlowingWomb","floor":1.0},{"not_picked":["HollowMod:ShadowDash","HollowMod:CycloneSlash"],"picked":"HollowMod:MothsMistake","floor":2.0},{"not_picked":["HollowMod:CloakDash","HollowMod:CrystalDash"],"picked":"HollowMod:Hiveblood","floor":6.0},{"not_picked":["HollowMod:SharpenedNail","HollowMod:NewJinnsSoul"],"picked":"HollowMod:DoubleDash","floor":8.0},{"not_picked":["HollowMod:SharpenedNail","HollowMod:DashSlash"],"picked":"HollowMod:BaldurShell","floor":11.0},{"not_picked":["HollowMod:HeavyBlow","HollowMod:DashSlash"],"picked":"HollowMod:CloakDash","floor":12.0},{"not_picked":["HollowMod:HeavyBlow","HollowMod:FallenFury"],"picked":"HollowMod:HowlingWraiths","floor":13.0},{"not_picked":["HollowMod:SharpenedShadows","HollowMod:CrystalDash"],"picked":"HollowMod:CornifersMapStart","floor":14.0},{"not_picked":["HollowMod:HornetsHelp","HollowMod:NewInfectedGuardian"],"picked":"HollowMod:SlysStrikes","floor":16.0},{"not_picked":["HollowMod:HowlingWraiths","HollowMod:CrystalDash+1"],"picked":"HollowMod:InfectedAttack","floor":18},{"not_picked":["HollowMod:WraithStrike+1","HollowMod:CloakDash"],"picked":"HollowMod:SoulEater","floor":19},{"not_picked":["HollowMod:LifebloodCocoon+1","HollowMod:GoodIntentions"],"picked":"HollowMod:SoulSplash+1","floor":20},{"not_picked":["HollowMod:HornetsHelp","HollowMod:MonarchWings+1"],"picked":"HollowMod:CloakDash","floor":23}],"player_experience":103232,"relics_obtained":[{"floor":6.0,"key":"Replay:PocketPolymizer"},{"floor":9.0,"key":"Meat on the Bone"},{"floor":11.0,"key":"FossilizedHelix"},{"floor":17,"key":"Blue Doll"},{"floor":17,"key":"Replay:WaspNest"},{"floor":17,"key":"Calipers"},{"floor":21,"key":"PreservedInsect"},{"floor":23,"key":"Unceasing Top"}],"event_choices":[{"damage_healed":0.0,"max_hp_gain":0.0,"max_hp_loss":0.0,"gold_gain":0.0,"event_name":"The Cleric","player_choice":"Leave","floor":4.0,"gold_loss":0.0,"damage_taken":0.0},{"damage_healed":0.0,"max_hp_gain":0.0,"max_hp_loss":0.0,"gold_gain":0.0,"event_name":"Shining Light","player_choice":"Entered Light","floor":7.0,"gold_loss":0.0,"damage_taken":15.0,"cards_upgraded":["HollowMod:NailStrikeStart","HollowMod:QuickDashStart"]}],"is_beta":false,"boss_relics":[{"not_picked":["Astrolabe","Tiny House"],"picked":"Calling Bell"}],"items_purged_floors":[],"is_endless":false,"potions_floor_spawned":[8,14,18,19,22,23],"killed_by":"Shelled Parasite and Fungi","ascension_level":0}}