{"host":"r53pw7z744tg3fxg","time":1610665597,"event":{"mods":["AchievementEnabler","BaseMod","Colored Map","Colored Powertips","Highlight Path","Minty Spire (QoL Compilation)","Quick Restart","Transform Curses"],"gold_per_floor":[113,188,188,214,68,102,102,126,126,50,125,147,147,147],"floor_reached":13,"language":"ENG","playtime":218,"items_purged":[],"score":175,"play_id":"16765c49-ab2c-4099-8de4-4a40b8d17d58","local_time":"20210114160637","is_ascension_mode":true,"campfire_choices":[{"data":"Scrape","floor":7.0,"key":"SMITH"}],"circlet_count":0,"master_deck":["AscendersBane","Strike_P","Strike_P","Strike_P","Strike_P","Defend_P","Defend_P","Defend_P","Defend_P","Eruption+1","Vigilance","ClearTheMind","Scrape+1","Quick Slash","Jack Of All Trades","Stack"],"relics":["PureWater","NeowsBlessing","CeramicFish","PrismaticShard","Dream Catcher","Singing Bowl"],"acts_visited":["Exordium"],"potions_floor_usage":[],"damage_taken":[{"damage":0.0,"enemies":"Small Slimes","floor":1.0,"turns":1.0},{"damage":0.0,"enemies":"Lagavulin","floor":6.0,"turns":1.0},{"damage":0.0,"enemies":"Jaw Worm","floor":8.0,"turns":1.0},{"damage":6,"enemies":"Cultist","floor":12,"turns":4},{"damage":49,"enemies":"Gremlin Nob","floor":13,"turns":4}],"seed_played":"4799665808945615118","potions_obtained":[],"is_trial":false,"path_per_floor":["M","?","?","T","$","E","R","M","T","$","?","M","E"],"character_chosen":"WATCHER","items_purchased":["PrismaticShard","Jack Of All Trades"],"campfire_rested":0,"item_purchase_floors":[5,10],"current_hp_per_floor":[65,54,54,54,54,54,54,54,54,54,47,41,0,0],"gold":147,"neow_bonus":"THREE_ENEMY_KILL","is_daily":false,"chose_seed":false,"campfire_upgraded":1,"win_rate":0.0,"timestamp":1610665597,"path_taken":["M","?","?","?","$","E","R","M","T","$","?","?","E"],"items_purchased_type":["Relic","Card"],"build_version":"2020-12-22","purchased_purges":0,"victory":false,"max_hp_per_floor":[72,72,72,72,72,72,72,72,72,72,72,72,72,72],"card_choices":[{"not_picked":["Perseverance","EmptyMind"],"picked":"ClearTheMind","floor":1.0},{"not_picked":["Sword Boomerang","ClearTheMind"],"picked":"Scrape","floor":6.0},{"not_picked":["Beam Cell","Evaluate"],"picked":"Quick Slash","floor":8.0},{"not_picked":["BootSequence","Infinite Blades"],"picked":"Stack","floor":12}],"player_experience":1262662,"relics_obtained":[{"floor":4.0,"key":"CeramicFish"},{"floor":6.0,"key":"Dream Catcher"},{"floor":9.0,"key":"Singing Bowl"}],"event_choices":[{"damage_healed":0.0,"max_hp_gain":0.0,"max_hp_loss":0.0,"gold_gain":75.0,"event_name":"World of Goop","player_choice":"Gather Gold","floor":2.0,"gold_loss":0.0,"damage_taken":11.0},{"damage_healed":0.0,"max_hp_gain":0.0,"max_hp_loss":0.0,"gold_gain":0.0,"event_name":"Living Wall","player_choice":"Grow","floor":3.0,"gold_loss":0.0,"damage_taken":0.0,"cards_upgraded":["Eruption"]},{"damage_healed":0,"gold_gain":75,"player_choice":"Touch","damage_taken":7,"max_hp_gain":0,"max_hp_loss":0,"event_name":"FaceTrader","floor":11,"gold_loss":0}],"is_beta":false,"boss_relics":[],"items_purged_floors":[],"is_endless":false,"potions_floor_spawned":[],"killed_by":"Gremlin Nob","ascension_level":13}}