{"host":"okzzojfld2krd5j7","time":1610615920,"event":{"mods":["BaseMod","Better Third Choice","Googly Eyes","Minty Spire (QoL Compilation)","Rare Cards Sparkle","Relic Stats","Replay The Spire","Spicy Shops","StSLib","The Marked","Wandering Minibosses","vexMod"],"gold_per_floor":[115,130,205,273,97,130,140,140,140],"floor_reached":8,"language":"ENG","playtime":426,"items_purged":[],"score":59,"play_id":"3265cffa-1a23-49f7-9101-764c6b79f551","local_time":"20210114101840","is_ascension_mode":true,"campfire_choices":[],"circlet_count":0,"master_deck":["theMarked:Strike","theMarked:Strike","theMarked:Strike","theMarked:Strike","theMarked:Strike","theMarked:Defend","theMarked:Defend","theMarked:Defend","theMarked:Defend","theMarked:SoldierOfQuellstein","m_Survivalism","Defend_B","theMarked:SoldierForm","theMarked:SwordAndMagic","theMarked:ComboAttacks","theMarked:Generate"],"relics":["theMarked:ArtifactOfAir","Blood Vial"],"acts_visited":["Exordium"],"potions_floor_usage":[8],"damage_taken":[{"damage":4.0,"enemies":"2 Louse","floor":1.0,"turns":4.0},{"damage":1.0,"enemies":"Jaw Worm","floor":2.0,"turns":7.0},{"damage":16,"enemies":"Lagavulin","floor":6,"turns":6},{"damage":0,"enemies":"Small Slimes","floor":7,"turns":3},{"damage":48,"enemies":"Gremlin Nob","floor":8,"turns":4}],"seed_played":"-2648470024727134257","potions_obtained":[{"floor":6,"key":"Strength Potion"}],"is_trial":false,"path_per_floor":["M","M","?","T","$","E","M","E"],"character_chosen":"THE_DEFAULT","items_purchased":["theMarked:ComboAttacks","theMarked:Generate"],"campfire_rested":0,"item_purchase_floors":[5,5],"current_hp_per_floor":[66,65,54,54,54,38,40,0,0],"gold":140,"neow_bonus":"THREE_RARE_CARDS","is_daily":false,"chose_seed":false,"campfire_upgraded":0,"win_rate":0.0,"timestamp":1610615920,"path_taken":["M","M","?","?","$","E","M","E"],"items_purchased_type":["Card","Card"],"build_version":"2020-12-22","purchased_purges":0,"victory":false,"max_hp_per_floor":[70,70,70,70,70,70,70,70,70],"relic_stats":{"Blood Vial":4,"counters":[5,24],"obtain_stats":[{"Blood Vial":6,"theMarked:ArtifactOfAir":0},{"Blood Vial":3,"theMarked:ArtifactOfAir":0},{"Blood Vial":17,"theMarked:ArtifactOfAir":0}]},"card_choices":[{"not_picked":["theMarked:TakeOffHeels","theMarked:Snap"],"picked":"theMarked:SoldierForm","floor":0.0},{"not_picked":["theMarked:ElectricStrings","theMarked:Aftermath","theMarked:Static"],"picked":"SKIP","floor":1.0},{"not_picked":["theMarked:ElectricStrings","theMarked:Aftermath","theMarked:Static"],"picked":"SKIP","floor":1.0},{"not_picked":["theMarked:Panic","theMarked:Overcharge"],"picked":"theMarked:SwordAndMagic","floor":2.0},{"not_picked":["theMarked:KeepCalmAndFightOn","theMarked:DeterminationOfTheMarked","theMarked:Improvise"],"picked":"SKIP","floor":6},{"not_picked":["theMarked:SelfDefenseTraining","theMarked:ElectricStrings","theMarked:Static"],"picked":"SKIP","floor":7}],"player_experience":642994,"relics_obtained":[{"floor":6,"key":"Blood Vial"}],"event_choices":[{"damage_healed":0.0,"max_hp_gain":0.0,"max_hp_loss":0.0,"gold_gain":75.0,"event_name":"betterThird:BetterGoop","player_choice":"Gold","floor":3.0,"gold_loss":0.0,"damage_taken":11.0}],"is_beta":false,"boss_relics":[],"items_purged_floors":[],"is_endless":false,"potions_floor_spawned":[6],"killed_by":"Gremlin Nob","ascension_level":1}}