{"host":"5m2js577gj4e7pak","time":1610595435,"event":{"mods":["AchievementEnabler","BaseMod","Better Match","BetterRewards","Colored Map","Colored Powertips","Googly Eyes","Highlight Path","Lobotomy","LobotomyExtend","Minty Spire (QoL Compilation)","Quick Restart","Relic Filter","StSLib"],"gold_per_floor":[119,79,28,110,285,315,315,195,218,218,234,248,276,276,276,276,276],"floor_reached":16,"language":"ENG","playtime":332,"items_purged":[],"score":117,"play_id":"0767d958-64c0-43bc-ba63-1c8da28e9638","local_time":"20210114043715","is_ascension_mode":true,"campfire_choices":[],"circlet_count":0,"master_deck":["SpecialBullet","SpecialBullet","SpecialBullet","SpecialBullet","SpecialBullet","SpecialBullet","SpecialBullet","SpecialBullet","InformationCode","SecurityCode","TrainingCode","Wingbeat","Wingbeat","Doubt","OSAHOGD","FourthMatchFlame","Soda+1","RedEyes","WristCuter","FourthMatchFlame","Soda+1","ShyLook","Pleasure"],"relics":["CogitoBucket","LetterFromLob","Frozen Egg 2","Orichalcum","Regal Pillow","Unceasing Top","Golden Idol"],"acts_visited":["Exordium"],"potions_floor_usage":[6,6,6,16,16],"damage_taken":[{"damage":6,"enemies":"Cultist","floor":1,"turns":3},{"damage":47,"enemies":"Gremlin Nob","floor":6,"turns":6},{"damage":1,"enemies":"2 Louse","floor":11,"turns":3},{"damage":0,"enemies":"Small Slimes","floor":12,"turns":3},{"damage":47,"enemies":"Lagavulin","floor":13,"turns":9},{"damage":27,"enemies":"Slime Boss","floor":16,"turns":3}],"seed_played":"-938260828381011371","potions_obtained":[{"floor":2,"key":"SkillPotion"},{"floor":2,"key":"PowerPotion"},{"floor":2,"key":"Regen Potion"},{"floor":6,"key":"SmokeBomb"},{"floor":12,"key":"CultistPotion"},{"floor":13,"key":"DuplicationPotion"}],"is_trial":false,"path_per_floor":["M","?","$","T","?","E","R","$","T","R","M","M","E","?","R","B"],"character_chosen":"Angela","items_purchased":["Wingbeat","Soda+1","RedEyes","WristCuter"],"campfire_rested":0,"item_purchase_floors":[3,8,8,8],"current_hp_per_floor":[65,65,65,65,65,35,35,35,35,35,45,60,40,19,19,0,0],"gold":276,"neow_bonus":"TWENTY_PERCENT_HP_BONUS","is_daily":false,"chose_seed":false,"campfire_upgraded":0,"win_rate":0.0,"timestamp":1610595435,"path_taken":["M","?","$","?","?","E","R","$","T","R","M","M","E","?","R","BOSS"],"items_purchased_type":["Card","Card","Card","Card"],"build_version":"2020-12-22","purchased_purges":0,"victory":false,"max_hp_per_floor":[84,84,84,84,84,84,84,84,84,84,84,84,84,84,84,84,84],"card_choices":[{"not_picked":["CUTE"],"picked":"Wingbeat","floor":1},{"not_picked":["LittlePrince","Scorched"],"picked":"OSAHOGD","floor":6},{"not_picked":["BearPaw"],"picked":"FourthMatchFlame","floor":6},{"not_picked":["LifeForTheDareDevil+1"],"picked":"FourthMatchFlame","floor":11},{"not_picked":["TodaysExpression"],"picked":"Soda+1","floor":12},{"not_picked":["CherryBlossoms","GreedKing"],"picked":"ShyLook","floor":13},{"not_picked":["Lantern"],"picked":"Pleasure","floor":13}],"player_experience":44003,"relics_obtained":[{"floor":1,"key":"LetterFromLob"},{"floor":4,"key":"Frozen Egg 2"},{"floor":6,"key":"Orichalcum"},{"floor":9,"key":"Regal Pillow"},{"floor":13,"key":"Unceasing Top"}],"event_choices":[{"damage_healed":0,"gold_gain":0,"player_choice":"Bought 3 Potions","damage_taken":0,"max_hp_gain":0,"max_hp_loss":0,"event_name":"The Woman in Blue","floor":2,"gold_loss":0},{"damage_healed":0,"gold_gain":175,"player_choice":"AGREE","damage_taken":0,"max_hp_gain":0,"max_hp_loss":0,"event_name":"Liars Game","floor":5,"gold_loss":0,"cards_obtained":["Doubt"]},{"damage_healed":0,"gold_gain":0,"player_choice":"Take Damage","damage_taken":21,"relics_obtained":["Golden Idol"],"max_hp_gain":0,"max_hp_loss":0,"event_name":"Golden Idol","floor":14,"gold_loss":0}],"is_beta":false,"boss_relics":[],"items_purged_floors":[],"is_endless":false,"potions_floor_spawned":[6,12,13],"killed_by":"Slime Boss","ascension_level":2}}