{"host":"cjhtzh7tp54jdfyv","time":1610594743,"event":{"mods":["AchievementEnabler","BaseMod","Colored Map","Colored Powertips","Curses Come First","DeckTracker","Filter the Spire","Minty Spire (QoL Compilation)","RNG Fix","Relic Sorter","Relic Stats","StSLib","UnlockEverythingMod","ojb\u0027s Better Paths Mod","ojb\u0027s Info Mod"],"gold_per_floor":[110,5,22,22,39,71,71,105,105,105,141,141,180,205,205,304,304,319,335,385,400,400,431,456,495,495,495,365,408,408,433,433,524,524,549,549,549,572,522,562,597,930,930,661,687,472,491,518,518,518,518,518,518,109,142,142],"floor_reached":57,"language":"ENG","playtime":5403,"items_purged":["Defend_P","EmptyBody","FollowUp","EmptyFist+1","FlurryOfBlows+1","CrushJoints+1"],"score":3183,"play_id":"2d12c6a5-b8fa-4513-bfd3-06d705cba53e","local_time":"20210113222543","is_ascension_mode":true,"campfire_choices":[{"data":"Eruption","floor":10.0,"key":"SMITH"},{"floor":12.0,"key":"REST"},{"floor":15.0,"key":"DIG"},{"floor":27.0,"key":"REST"},{"floor":30.0,"key":"DIG"},{"floor":32.0,"key":"DIG"},{"floor":49,"key":"RECALL"},{"floor":53,"key":"DIG"}],"circlet_count":0,"master_deck":["AscendersBane","Eruption+1","Vigilance+1","CurseOfTheBell","CutThroughFate+1","Tantrum+1","TalkToTheHand+1","CutThroughFate+1","Vault+1","LikeWater+1","LessonLearned+1","Devotion+1","Study+1","Omniscience+1","Adaptation+1","Wallop+1","Omniscience+1","Adaptation+1","Madness+1","TalkToTheHand+1","FearNoEvil+1","Vault+1"],"relics":["Calling Bell","Bag of Marbles","Ornamental Fan","WingedGreaves","Shovel","Smiling Mask","Bag of Preparation","Juzu Bracelet","Akabeko","Molten Egg 2","Pandora\u0027s Box","Prayer Wheel","Blood Vial","Dream Catcher","Pen Nib","Singing Bowl","Coffee Dripper","Whetstone","Letter Opener","Bottled Tornado","Melange","Damaru","Membership Card","War Paint","Mercury Hourglass","Sundial","Strange Spoon","Toy Ornithopter"],"acts_visited":["Exordium","TheCity","TheBeyond","TheEnding"],"potions_floor_usage":[40,50,51,56,56],"damage_taken":[{"damage":2.0,"enemies":"Jaw Worm","floor":1.0,"turns":3.0},{"damage":2.0,"enemies":"2 Louse","floor":3.0,"turns":3.0},{"damage":0.0,"enemies":"Cultist","floor":5.0,"turns":2.0},{"damage":21.0,"enemies":"3 Sentries","floor":6.0,"turns":3.0},{"damage":12.0,"enemies":"Lagavulin","floor":8.0,"turns":3.0},{"damage":8.0,"enemies":"3 Sentries","floor":11.0,"turns":3.0},{"damage":12.0,"enemies":"Lagavulin","floor":13.0,"turns":3.0},{"damage":0.0,"enemies":"Looter","floor":14.0,"turns":1.0},{"damage":8.0,"enemies":"Hexaghost","floor":16.0,"turns":5.0},{"damage":0.0,"enemies":"2 Thieves","floor":18.0,"turns":2.0},{"damage":0.0,"enemies":"Spheric Guardian","floor":19.0,"turns":1.0},{"damage":0.0,"enemies":"Snake Plant","floor":21.0,"turns":2.0},{"damage":36.0,"enemies":"Slavers","floor":23.0,"turns":8.0},{"damage":0.0,"enemies":"Sentry and Sphere","floor":24.0,"turns":2.0},{"damage":0.0,"enemies":"Book of Stabbing","floor":25.0,"turns":1.0},{"damage":1.0,"enemies":"Gremlin Leader","floor":29.0,"turns":2.0},{"damage":4.0,"enemies":"Shelled Parasite and Fungi","floor":31.0,"turns":5.0},{"damage":21.0,"enemies":"Automaton","floor":33.0,"turns":6.0},{"damage":0.0,"enemies":"3 Darklings","floor":35.0,"turns":4.0},{"damage":0,"enemies":"Orb Walker","floor":38,"turns":2},{"damage":8,"enemies":"Nemesis","floor":40,"turns":5},{"damage":0,"enemies":"Reptomancer","floor":41,"turns":3},{"damage":0,"enemies":"Giant Head","floor":45,"turns":7},{"damage":0,"enemies":"Transient","floor":47,"turns":6},{"damage":9,"enemies":"Nemesis","floor":48,"turns":4},{"damage":36,"enemies":"Time Eater","floor":50,"turns":6},{"damage":7,"enemies":"Awakened One","floor":51,"turns":5},{"damage":0,"enemies":"Shield and Spear","floor":55,"turns":5},{"damage":20,"enemies":"The Heart","floor":56,"turns":8}],"seed_played":"6841990009832686659","potions_obtained":[{"floor":3.0,"key":"Strength Potion"},{"floor":6.0,"key":"BottledMiracle"},{"floor":14.0,"key":"Energy Potion"},{"floor":16.0,"key":"Explosive Potion"},{"floor":19.0,"key":"BottledMiracle"},{"floor":25.0,"key":"PowerPotion"},{"floor":31.0,"key":"Dexterity Potion"},{"floor":38,"key":"Swift Potion"},{"floor":41,"key":"PowerPotion"}],"is_trial":false,"path_per_floor":["M","$","M","?","M","E","?","E","T","R","E","R","E","M","R","B",null,"M","M","?","M","?","E","M","E","T","R","$","E","R","M","R","B",null,"M","?","?","M","$","E","E","?","T","$","E","$","M","E","R","B","B",null,"R","$","E","B",null],"character_chosen":"WATCHER","items_purchased":["CrushJoints","Wallop+1","Melange","BottledMiracle","Membership Card","Sundial","Strange Spoon","Toy Ornithopter","Swift Potion","Swift Potion"],"campfire_rested":2,"item_purchase_floors":[2,28,44,44,46,54,54,54,54,54],"current_hp_per_floor":[59,59,57,50,50,29,29,17,17,17,9,27,15,15,15,7,48,48,48,48,48,48,12,12,12,12,30,30,31,31,29,29,10,49,53,53,47,51,51,45,49,49,49,49,53,53,59,52,52,18,13,62,62,62,66,58],"gold":142,"neow_bonus":"BOSS_RELIC","is_daily":false,"chose_seed":false,"campfire_upgraded":1,"win_rate":0.0,"timestamp":1610594743,"path_taken":["M","$","M","?","M","E","?","E","T","R","E","R","E","M","R","BOSS","M","M","?","M","?","E","M","E","T","R","$","E","R","M","R","BOSS","M","?","?","M","$","E","E","?","T","$","E","$","M","E","R","BOSS","BOSS","R","$","E","BOSS"],"items_purchased_type":["Card","Card","Relic","Potion","Relic","Relic","Relic","Relic","Potion","Potion"],"build_version":"2020-12-22","purchased_purges":6,"victory":true,"max_hp_per_floor":[68,68,68,68,68,68,62,62,62,62,62,62,62,62,62,62,62,62,62,62,62,62,62,62,62,62,62,62,62,62,62,62,62,62,64,64,68,70,70,70,72,72,72,72,74,74,78,78,78,78,78,78,78,78,80,80],"relic_stats":{"Singing Bowl":18,"counters":[29,110],"Melange":[121],"Pen Nib":[29],"Bag of Preparation":[48],"Juzu Bracelet":0,"Whetstone":["CutThroughFate"],"Letter Opener":[83],"War Paint":["Madness","Vault"],"Smiling Mask":313,"Mercury Hourglass":[48],"Blood Vial":28,"Strange Spoon":[24],"Dream Catcher":0,"Shovel":4,"Ornamental Fan":[404],"Sundial":[18],"Pandora\u0027s Box":["LikeWater","LessonLearned","Devotion","Study","Omniscience","EmptyBody"],"Prayer Wheel":5,"obtain_stats":[{"Singing Bowl":32,"Melange":44,"Bag of Preparation":9,"Juzu Bracelet":11,"Whetstone":40,"Bottled Tornado":43,"Smiling Mask":8,"Blood Vial":25,"Dream Catcher":29,"Shovel":6,"Sundial":54,"Prayer Wheel":23,"WingedGreaves":0,"Golden Idol":7,"Damaru":45,"Pen Nib":30,"Letter Opener":41,"War Paint":48,"Akabeko":13,"Mercury Hourglass":53,"Calling Bell":0,"Strange Spoon":54,"Ornamental Fan":0,"Molten Egg 2":15,"Pandora\u0027s Box":17,"Bag of Marbles":0,"Coffee Dripper":34,"Membership Card":46,"PureWater":0,"Toy Ornithopter":54},{"Singing Bowl":17,"Melange":22,"Bag of Preparation":5,"Juzu Bracelet":6,"Whetstone":21,"Bottled Tornado":22,"Smiling Mask":5,"Blood Vial":15,"Dream Catcher":16,"Shovel":4,"Sundial":27,"Prayer Wheel":13,"WingedGreaves":0,"Golden Idol":4,"Damaru":23,"Pen Nib":16,"Letter Opener":22,"War Paint":25,"Akabeko":7,"Mercury Hourglass":27,"Calling Bell":0,"Strange Spoon":27,"Ornamental Fan":0,"Molten Egg 2":8,"Pandora\u0027s Box":9,"Bag of Marbles":0,"Coffee Dripper":18,"Membership Card":23,"PureWater":0,"Toy Ornithopter":27},{"Singing Bowl":49,"Melange":69,"Bag of Preparation":14,"Juzu Bracelet":17,"Whetstone":66,"Bottled Tornado":69,"Smiling Mask":14,"Blood Vial":42,"Dream Catcher":44,"Shovel":11,"Sundial":97,"Prayer Wheel":39,"WingedGreaves":0,"Golden Idol":11,"Damaru":76,"Pen Nib":44,"Letter Opener":69,"War Paint":86,"Akabeko":20,"Mercury Hourglass":97,"Calling Bell":0,"Strange Spoon":97,"Ornamental Fan":0,"Molten Egg 2":21,"Pandora\u0027s Box":26,"Bag of Marbles":0,"Coffee Dripper":55,"Membership Card":76,"PureWater":0,"Toy Ornithopter":97}],"Toy Ornithopter":10},"card_choices":[{"not_picked":["Perseverance","Crescendo"],"picked":"CutThroughFate","floor":1.0},{"not_picked":["LikeWater","BowlingBash"],"picked":"FollowUp","floor":3.0},{"not_picked":["JustLucky","EmptyFist"],"picked":"Tantrum","floor":5.0},{"not_picked":["LikeWater","WaveOfTheHand","WheelKick"],"picked":"SKIP","floor":6.0},{"not_picked":["ClearTheMind","PathToVictory"],"picked":"TalkToTheHand","floor":8.0},{"not_picked":["WheelKick","FlyingSleeves","Wallop"],"picked":"SKIP","floor":11.0},{"not_picked":["Perseverance","Evaluate","MentalFortress"],"picked":"SKIP","floor":13.0},{"not_picked":["Brilliance","Protect"],"picked":"CutThroughFate","floor":14.0},{"not_picked":["DeusExMachina","Omniscience"],"picked":"Vault","floor":16.0},{"not_picked":["CrushJoints+1","Consecrate+1"],"picked":"FlurryOfBlows+1","floor":18.0},{"not_picked":["CutThroughFate+1","EmptyBody+1","CrushJoints+1"],"picked":"SKIP","floor":19.0},{"not_picked":["Crescendo","EmptyBody","Prostrate"],"picked":"SKIP","floor":21.0},{"not_picked":["Crescendo","EmptyBody","Prostrate"],"picked":"SKIP","floor":21.0},{"not_picked":["CutThroughFate+1","FlyingSleeves+1"],"picked":"EmptyFist+1","floor":23.0},{"not_picked":["Consecrate+1","EmptyBody","Halt"],"picked":"SKIP","floor":24.0},{"not_picked":["Prostrate","BowlingBash+1","Consecrate+1"],"picked":"SKIP","floor":24.0},{"not_picked":["FlurryOfBlows+1","EmptyFist+1"],"picked":"Adaptation","floor":25.0},{"not_picked":["Study","Consecrate+1","WaveOfTheHand"],"picked":"SKIP","floor":29.0},{"not_picked":["CrushJoints+1","Pray","WheelKick+1"],"picked":"SKIP","floor":31.0},{"not_picked":["Brilliance+1","Indignation","BowlingBash+1"],"picked":"SKIP","floor":31.0},{"not_picked":["Devotion","Scrawl"],"picked":"Omniscience","floor":33.0},{"not_picked":["Consecrate+1","Tantrum+1"],"picked":"Adaptation","floor":35.0},{"not_picked":["BowlingBash+1","PathToVictory","WreathOfFlame"],"picked":"Singing Bowl","floor":35.0},{"not_picked":["Deep Breath","Forethought","Good Instincts"],"picked":"Singing Bowl","floor":37},{"not_picked":["Metamorphosis","Swift Strike+1"],"picked":"Madness","floor":37},{"not_picked":["Metamorphosis","Bandage Up","Mind Blast+1"],"picked":"Singing Bowl","floor":37},{"not_picked":["FlurryOfBlows+1","EmptyFist+1"],"picked":"TalkToTheHand+1","floor":38},{"not_picked":["Crescendo","CutThroughFate+1","Weave+1"],"picked":"Singing Bowl","floor":38},{"not_picked":["PathToVictory+1","Wireheading"],"picked":"FearNoEvil+1","floor":40},{"not_picked":["EmptyFist+1","Perseverance","SashWhip+1"],"picked":"Singing Bowl","floor":41},{"not_picked":["FlyingSleeves+1","Prostrate+1","SashWhip+1"],"picked":"Singing Bowl","floor":45},{"not_picked":["Prostrate","FlurryOfBlows+1","EmptyFist+1"],"picked":"Singing Bowl","floor":47},{"not_picked":["Judgement","EmptyBody","Halt"],"picked":"Singing Bowl","floor":47},{"not_picked":["FollowUp+1","Halt"],"picked":"Vault","floor":48},{"not_picked":["EmptyBody","ThirdEye","Perseverance"],"picked":"Singing Bowl","floor":55}],"player_experience":4504941,"relics_obtained":[{"floor":0.0,"key":"Bag of Marbles"},{"floor":0.0,"key":"Ornamental Fan"},{"floor":0.0,"key":"WingedGreaves"},{"floor":6.0,"key":"Shovel"},{"floor":8.0,"key":"Smiling Mask"},{"floor":9.0,"key":"Bag of Preparation"},{"floor":11.0,"key":"Juzu Bracelet"},{"floor":13.0,"key":"Akabeko"},{"floor":15.0,"key":"Molten Egg 2"},{"floor":23.0,"key":"Prayer Wheel"},{"floor":25.0,"key":"Blood Vial"},{"floor":29.0,"key":"Dream Catcher"},{"floor":30.0,"key":"Pen Nib"},{"floor":32.0,"key":"Singing Bowl"},{"floor":40,"key":"Whetstone"},{"floor":41,"key":"Letter Opener"},{"floor":43,"key":"Bottled Tornado"},{"floor":45,"key":"Damaru"},{"floor":48,"key":"War Paint"},{"floor":53,"key":"Mercury Hourglass"}],"event_choices":[{"cards_removed":["Defend_P"],"damage_healed":0.0,"max_hp_gain":0.0,"max_hp_loss":0.0,"gold_gain":0.0,"event_name":"Golden Wing","player_choice":"Card Removal","floor":4.0,"gold_loss":0.0,"damage_taken":7.0},{"damage_healed":0.0,"max_hp_gain":0.0,"max_hp_loss":6.0,"gold_gain":0.0,"event_name":"Golden Idol","player_choice":"Lose Max HP","floor":7.0,"gold_loss":0.0,"damage_taken":0.0,"relics_obtained":["Golden Idol"]},{"damage_healed":0.0,"max_hp_gain":0.0,"max_hp_loss":0.0,"gold_gain":50.0,"event_name":"Golden Shrine","player_choice":"Pray","floor":20.0,"gold_loss":0.0,"damage_taken":0.0},{"damage_healed":0.0,"max_hp_gain":0.0,"max_hp_loss":0.0,"gold_gain":0.0,"event_name":"The Mausoleum","player_choice":"Ignored","floor":22.0,"gold_loss":0.0,"damage_taken":0.0},{"damage_healed":0.0,"max_hp_gain":0.0,"max_hp_loss":0.0,"gold_gain":0.0,"event_name":"Match and Keep!","player_choice":"0 cards matched","floor":36.0,"gold_loss":0.0,"damage_taken":0.0,"cards_obtained":[]},{"damage_healed":0,"gold_gain":0,"player_choice":"Memory 3","damage_taken":10,"max_hp_gain":0,"max_hp_loss":0,"event_name":"SensoryStone","floor":37,"gold_loss":0},{"damage_healed":0,"gold_gain":333,"player_choice":"Gave Idol","damage_taken":0,"max_hp_gain":0,"max_hp_loss":0,"event_name":"The Moai Head","floor":42,"relics_lost":["Golden Idol"],"gold_loss":0}],"is_beta":false,"boss_relics":[{"not_picked":["Cursed Key","Astrolabe"],"picked":"Pandora\u0027s Box"},{"not_picked":["Sozu","Busted Crown"],"picked":"Coffee Dripper"}],"items_purged_floors":[2,28,39,44,46,54],"is_endless":false,"potions_floor_spawned":[3,6,14,16,19,25,31,38,41,47,55],"ascension_level":20}}