{"host":"6jtzbi9kl8x9w6dt","time":1610603067,"event":{"mods":["Act Like it!","Aspiration","BaseMod","BetterRewards","Colored Powertips","Defuse TimeMaze Blight","Downfall","Friendly Minions","Halation","Hallownest","Hermit","Hubris","Marisa????????","Mimic Mod","Minty Spire (QoL Compilation)","Prisma Mod","READ ME - Guardian Mod","StSLib","SuperFastMode","Td1madao Mod","The Animator","The Bladedancer","The Construct","The Cursed","The Disciple","The Hierophant","The Mystic","The Necromancer","The Senshi","The Servant 0.9.4"],"gold_per_floor":[99,109,125,157,607,641,720,730,730,730],"floor_reached":9,"language":"ENG","playtime":250,"items_purged":[],"score":55,"play_id":"df495d9f-2406-4225-8157-79331fa536ca","local_time":"20210113214427","is_ascension_mode":false,"campfire_choices":[{"floor":1,"key":"RECALL"}],"circlet_count":0,"master_deck":["sneckomod:Strike","sneckomod:Strike","sneckomod:Strike","sneckomod:Defend","sneckomod:Defend","sneckomod:Defend","sneckomod:TailWhip","sneckomod:SnekBite","sneckomod:Unknown","sneckomod:Unknown","sneckomod:UnknownVulnerable","sneckomod:Cheat","sneckomod:IronFang","Slimebound:Icky","Slimebound:Icky","Slimebound:Icky","sneckomod:UnknownUncommonPower","sneckomod:RainOfDice"],"relics":["sneckomod:SneckoSoul","Letter Opener"],"acts_visited":["Exordium"],"potions_floor_usage":[6,9,9],"damage_taken":[{"damage":6,"enemies":"Jaw Worm","floor":2,"turns":3},{"damage":7,"enemies":"Small Slimes","floor":3,"turns":3},{"damage":7,"enemies":"Cultist","floor":4,"turns":4},{"damage":36,"enemies":"3 Louse","floor":6,"turns":5},{"damage":14,"enemies":"2 Fungi Beasts","floor":8,"turns":4},{"damage":28,"enemies":"3 Sentries","floor":9,"turns":5}],"seed_played":"4610023440198758048","potions_obtained":[{"floor":0,"key":"SkillPotion"},{"floor":0,"key":"ColorlessPotion"},{"floor":0,"key":"LiquidBronze"},{"floor":8,"key":"SteroidPotion"}],"is_trial":false,"path_per_floor":["R","M","M","M","?","M","T","M","E"],"character_chosen":"THE_SNECKO","items_purchased":[],"campfire_rested":0,"item_purchase_floors":[],"current_hp_per_floor":[90,88,84,77,77,42,42,28,0,0],"gold":730,"neow_bonus":"THREE_SMALL_POTIONS","is_daily":false,"chose_seed":false,"campfire_upgraded":0,"win_rate":0.0,"timestamp":1610603067,"path_taken":["R","M","M","M","?","M","T","M","E"],"items_purchased_type":[],"build_version":"2020-12-22","purchased_purges":0,"victory":false,"max_hp_per_floor":[90,91,91,91,91,92,92,92,92,92],"card_choices":[{"not_picked":["sneckomod:QuickBite","sneckomod:DiceBlock"],"picked":"sneckomod:UnknownVulnerable","floor":2},{"not_picked":["sneckomod:DiceCrush","sneckomod:UnknownWeak"],"picked":"sneckomod:Cheat","floor":3},{"not_picked":["sneckomod:UnknownCommonAttack","sneckomod:DiceBlock"],"picked":"sneckomod:IronFang","floor":4},{"not_picked":["sneckomod:UnknownExhaust","sneckomod:CheapStock"],"picked":"sneckomod:UnknownUncommonPower","floor":6},{"not_picked":["sneckomod:Cheat","sneckomod:UnknownCommonSkill"],"picked":"sneckomod:RainOfDice","floor":8}],"player_experience":72860,"relics_obtained":[{"floor":7,"key":"Letter Opener"}],"event_choices":[],"is_beta":false,"boss_relics":[],"items_purged_floors":[],"is_endless":false,"potions_floor_spawned":[4,8],"killed_by":"3 Sentries","ascension_level":0}}