{"host":"2jftgrhdogeeegvp","time":1610615676,"event":{"mods":["Act Like it!","Arknights The Spire","BaseMod","Colored Map","Downfall","Gensokyo","Marisa£®ÏF”Í°°ƒß¿Ì…≥£©","Minty Spire (QoL Compilation)","READ ME - Guardian Mod","Reimu£®≤©¿ˆ¡È√Œ£©","StSLib","SuperFastMode","The Cursed","The Gatherer","The Mystic"],"gold_per_floor":[99,99,99,99,199,199,199,212,137,137,137,154,166,196,206,206,206,206],"floor_reached":16,"language":"ZHS","playtime":767,"items_purged":[],"score":98,"play_id":"a3a94507-aab5-4c35-910e-da40c845c32f","local_time":"20210114011436","is_ascension_mode":false,"campfire_choices":[{"floor":1,"key":"RECALL"},{"data":"Slimebound:Split","floor":9,"key":"SMITH"},{"data":"Slimebound:Grow","floor":11,"key":"SMITH"}],"circlet_count":0,"master_deck":["Slimebound:Strike_Slimebound","Slimebound:Strike_Slimebound","Slimebound:Tackle","Slimebound:Defend_Slimebound","Slimebound:Defend_Slimebound","Slimebound:Defend_Slimebound","Slimebound:Defend_Slimebound","Slimebound:Split+1","Slimebound:CorrosiveSpit","Slimebound:SlimeBarrage","Slimebound:GrowthPunch","Slimebound:Schlurp","Slimebound:Grow+1","Slimebound:DouseInSlime","Slimebound:LeadByExample","Slimebound:ViciousTackle","Slimebound:Dissolve"],"relics":["Slimebound:AbsorbEndCombat","downfall:HeartsMalice","PreservedInsect","Question Card","downfall:HeartBlessingRed","Blood Vial"],"acts_visited":["Exordium"],"potions_floor_usage":[14,16],"damage_taken":[{"damage":0,"enemies":"Jaw Worm","floor":2,"turns":1},{"damage":0,"enemies":"2 Louse","floor":3,"turns":1},{"damage":0,"enemies":"Cultist","floor":4,"turns":1},{"damage":28,"enemies":"Gremlin Gang","floor":8,"turns":5},{"damage":12,"enemies":"Large Slime","floor":12,"turns":5},{"damage":8,"enemies":"3 Louse","floor":13,"turns":4},{"damage":16,"enemies":"Gremlin Nob","floor":14,"turns":4},{"damage":29,"enemies":"Exordium Thugs","floor":15,"turns":4},{"damage":48,"enemies":"downfall:Ironclad","floor":16,"turns":5}],"seed_played":"4221058991921982153","potions_obtained":[{"floor":8,"key":"SmokeBomb"},{"floor":12,"key":"ColorlessPotion"},{"floor":14,"key":"hexamod:EctoCoolerPotion"}],"is_trial":false,"path_per_floor":["R","M","M","M","?","?","T","M","R","?","R","M","M","E","M","B"],"character_chosen":"SLIMEBOUND","items_purchased":[],"campfire_rested":0,"item_purchase_floors":[],"current_hp_per_floor":[60,60,60,60,60,60,60,47,47,47,47,49,51,49,38,0,0,0],"gold":206,"neow_bonus":"THREE_ENEMY_KILL","is_daily":false,"chose_seed":false,"campfire_upgraded":2,"win_rate":0.0,"timestamp":1610615676,"path_taken":["R","M","M","M","?","?","T","?","R","?","R","M","?","E","M","BOSS"],"items_purchased_type":[],"build_version":"2020-12-22","purchased_purges":0,"victory":false,"max_hp_per_floor":[60,60,60,60,60,60,60,60,60,60,60,60,60,60,60,60,60,60],"card_choices":[{"not_picked":["Slimebound:Chomp","Slimebound:Schlurp"],"picked":"Slimebound:SlimeBarrage","floor":2},{"not_picked":["Slimebound:RollThrough","Slimebound:SlimeSpikes"],"picked":"Slimebound:GrowthPunch","floor":3},{"not_picked":["Slimebound:LeechEnergy","Slimebound:Prepare"],"picked":"Slimebound:Schlurp","floor":4},{"not_picked":["Slimebound:GoopSpray","Slimebound:PressTheAttack","Slimebound:ItLooksTasty"],"picked":"Slimebound:Grow","floor":8},{"not_picked":["Slimebound:LeechingTouch","Slimebound:Grow","Slimebound:GoopTackle"],"picked":"Slimebound:DouseInSlime","floor":12},{"not_picked":["Slimebound:GoopTackle","Slimebound:SplitMire","Slimebound:LeechingTouch"],"picked":"Slimebound:LeadByExample","floor":13},{"not_picked":["Slimebound:Prepare","Slimebound:PressTheAttack","Slimebound:SamplingLick"],"picked":"Slimebound:ViciousTackle","floor":14},{"not_picked":["Slimebound:FormOfPuddle","Slimebound:SplitLeeching","Slimebound:SplitAcid"],"picked":"Slimebound:Dissolve","floor":15}],"player_experience":423390,"relics_obtained":[{"floor":6,"key":"PreservedInsect"},{"floor":7,"key":"Question Card"},{"floor":14,"key":"Blood Vial"}],"event_choices":[{"damage_healed":0,"gold_gain":0,"player_choice":"Relic","damage_taken":0,"max_hp_gain":0,"max_hp_loss":0,"event_name":"Wheel of Change","floor":6,"gold_loss":0},{"cards_removed":["Slimebound:Strike_Slimebound"],"damage_healed":0,"gold_gain":0,"player_choice":"Purged","damage_taken":0,"max_hp_gain":0,"max_hp_loss":0,"event_name":"Purifier","floor":10,"gold_loss":0}],"is_beta":false,"boss_relics":[],"items_purged_floors":[],"is_endless":false,"potions_floor_spawned":[8,12,14],"killed_by":"downfall:Ironclad","ascension_level":0}}