{"host":"tg03ipq50zwyd5lj","time":1610615039,"event":{"mods":["100% Spire Juice","2.2 Compatiblity","Act Like it!","Arknights The Spire","BaseMod","Better Third Choice","BetterRewards","Block Reminder","Conspire","Defuse TimeMaze Blight","Downfall","Ekko","Evolution","Gold Saver","Hubris","Kratos Character Expansion","Minty Spire (QoL Compilation)","Relic Stats","Replay The Spire","Robot Space Explorer","Shedinja","StSLib","The Alterego","The Construct","The Exalted","The Marked","TheSwordswoman","WarShipGirlsR/????R mod","vexMod","??????REMEMod"],"gold_per_floor":[112,129,23,35,50,50,50,50,50,70,70,87,104,4,4,107,107,6,26,40,57,76,110,110,138,162,57,67,93,112,127,127,228,108,118,136,151,170,188,188,188],"floor_reached":40,"language":"ENG","playtime":2913,"items_purged":[],"score":931,"play_id":"1be8aa39-a07a-4ac7-9fd2-bbd754993d24","local_time":"20210114190359","daily_mods":["Vintage","Heirloom","Time Dilation","Flight","downfall:Lament"],"is_ascension_mode":false,"campfire_choices":[{"data":"Bromod:ToxicFlight","floor":6,"key":"SMITH"},{"data":"Moonworks:LongDistanceShot","floor":7,"key":"SMITH"},{"floor":8,"key":"DIG"},{"data":"Moonworks:Ambush","floor":11,"key":"SMITH"},{"data":"Moonworks:MetallicMonocoque","floor":24,"key":"SMITH"},{"data":"Moonworks:Strike","floor":32,"key":"SMITH"}],"circlet_count":0,"master_deck":["Moonworks:Strike","Moonworks:Strike","Moonworks:Strike","Moonworks:Strike+1","Moonworks:Defend","Moonworks:Defend+1","Moonworks:Defend+1","Moonworks:Defend","Moonworks:Ambush+1","Moonworks:LongDistanceShot+1","Bromod:ToxicFlight+1","Moonworks:MetallicMonocoque+1","Bromod:ExaltedBlade"],"relics":["Moonworks:BrokenBomb","Moonworks:Homemark","EVO:Axolotl","NeowsBlessing","REME_ComplimentaryCards","Pocketwatch","hubris:PeanutButter","Replay:Multitool","Question Card","vexMod:BarristanHead","War Paint","Darkstone Periapt","hubris:SlimyHat","hubris:Reverence","Replay:Mystery Machine","hubris:MysteriousPyramids","Black Star","vexMod:CardConverter","Bromod:ArcaneAwakening","Replay:Baseball","hubris:SphereOfDissonance","hubris:DisguiseKit","Akabeko","Kunai","FossilizedHelix","Ancient Tea Set","Bag of Preparation","Bronze Scales","Thread and Needle","Juzu Bracelet","Bromod:ArcanePistoleer","hubris:ToyBattleship","Blood Vial","construct:WeddingRing","champ:DeflectingBracers","REME_LimitBreaker","hubris:DeckOfHolding","vexMod:ConsolationPrize"],"acts_visited":["Exordium","TheCity","TheBeyond"],"potions_floor_usage":[16,23,23,25,25,33,33,33,38],"damage_taken":[{"damage":0,"enemies":"conspire:RoseBush","floor":1,"turns":1},{"damage":0,"enemies":"Cultist","floor":2,"turns":1},{"damage":0,"enemies":"Jaw Worm","floor":3,"turns":1},{"damage":0,"enemies":"Blue Slaver","floor":4,"turns":4},{"damage":0,"enemies":"conspire:2 RoseBushes","floor":5,"turns":5},{"damage":0,"enemies":"Large Slime","floor":10,"turns":4},{"damage":2,"enemies":"Lots of Slimes","floor":12,"turns":4},{"damage":0,"enemies":"Blue Slaver","floor":13,"turns":3},{"damage":0,"enemies":"Looter","floor":14,"turns":3},{"damage":0,"enemies":"The Guardian","floor":16,"turns":9},{"damage":0,"enemies":"Shell Parasite","floor":18,"turns":5},{"damage":0,"enemies":"3 Byrds","floor":19,"turns":4},{"damage":0,"enemies":"conspire:HollyBat","floor":20,"turns":5},{"damage":0,"enemies":"3 Cultists","floor":21,"turns":5},{"damage":0,"enemies":"Shelled Parasite and Fungi","floor":22,"turns":4},{"damage":0,"enemies":"Gremlin Leader","floor":23,"turns":8},{"damage":0,"enemies":"Slavers","floor":25,"turns":3},{"damage":0,"enemies":"conspire:HollyBat","floor":27,"turns":4},{"damage":0,"enemies":"Chosen and Byrds","floor":28,"turns":3},{"damage":0,"enemies":"Gremlin Leader","floor":29,"turns":5},{"damage":0,"enemies":"Shelled Parasite and Fungi","floor":30,"turns":2},{"damage":0,"enemies":"Snake Plant","floor":31,"turns":2},{"damage":0,"enemies":"Pondfish","floor":33,"turns":5},{"damage":0,"enemies":"3 Shapes","floor":35,"turns":1},{"damage":0,"enemies":"Orb Walker","floor":36,"turns":2},{"damage":0,"enemies":"Maw","floor":37,"turns":5},{"damage":0,"enemies":"Transient","floor":38,"turns":5},{"damage":0,"enemies":"4 Shapes","floor":39,"turns":3},{"damage":0,"enemies":"R_Hoarder","floor":40,"turns":5}],"seed_played":"-8975223947582988832","potions_obtained":[{"floor":2,"key":"Toxic Potion"},{"floor":16,"key":"Block Potion"},{"floor":18,"key":"Languid Potion"},{"floor":21,"key":"FearPotion"},{"floor":23,"key":"Toxic Potion"},{"floor":25,"key":"Strength Potion"},{"floor":27,"key":"Dexterity Potion"},{"floor":30,"key":"Adrenaline Potion"},{"floor":33,"key":"Ancient Potion"},{"floor":36,"key":"AttackPotion"},{"floor":38,"key":"Reflective Coating"},{"floor":39,"key":"Block Potion"}],"is_trial":true,"path_per_floor":["M","M","M","M","M","R","R","R","T","M","R","M","M","M","R","B",null,"M","M","M","M","M","E","R","E","T","M","M","E","M","M","R","B",null,"M","M","M","M","M","E"],"character_chosen":"THE_STARBREAKER","items_purchased":[],"campfire_rested":0,"item_purchase_floors":[],"current_hp_per_floor":[60,60,60,60,60,60,60,60,60,60,60,58,58,58,60,60,60,60,60,60,60,60,60,60,60,60,60,60,60,60,60,60,62,62,62,62,62,62,62,62,62],"gold":188,"neow_bonus":"","is_daily":false,"chose_seed":false,"campfire_upgraded":5,"win_rate":0.0,"timestamp":1610615039,"path_taken":["M","M","M","M","M","R","R","R","T","M","R","M","M","M","R","BOSS","M","M","M","M","M","E","R","E","T","M","M","E","M","M","R","BOSS","M","M","M","M","M","E"],"items_purchased_type":[],"build_version":"2020-12-22","purchased_purges":0,"victory":false,"max_hp_per_floor":[60,60,60,60,60,60,60,60,60,60,60,60,60,60,60,60,60,60,60,60,60,60,60,60,60,60,60,60,60,60,60,60,62,62,62,62,62,62,62,62,62],"relic_stats":{"Darkstone Periapt":0,"Blood Vial":0,"counters":[29,111],"Bronze Scales":[114],"Black Star":3,"Bag of Preparation":[24],"Juzu Bracelet":0,"Kunai":[24],"War Paint":["Moonworks:Defend","Moonworks:Defend"],"Question Card":5,"obtain_stats":[{"Darkstone Periapt":9,"Bromod:ArcanePistoleer":29,"Replay:Multitool":2,"hubris:SlimyHat":10,"Bag of Preparation":26,"Juzu Bracelet":29,"EVO:Axolotl":0,"Replay:Mystery Machine":13,"hubris:MysteriousPyramids":14,"Ancient Tea Set":25,"Bromod:ArcaneAwakening":19,"Blood Vial":31,"vexMod:CardConverter":18,"hubris:DeckOfHolding":38,"Kunai":23,"hubris:DisguiseKit":22,"construct:WeddingRing":34,"NeowsBlessing":0,"vexMod:ConsolationPrize":39,"hubris:SphereOfDissonance":21,"Thread and Needle":28,"champ:DeflectingBracers":35,"War Paint":8,"REME_LimitBreaker":36,"Question Card":3,"Akabeko":23,"Replay:Baseball":20,"vexMod:BarristanHead":5,"Moonworks:Homemark":0,"Bronze Scales":27,"hubris:PeanutButter":1,"Black Star":17,"hubris:ToyBattleship":30,"FossilizedHelix":25,"Moonworks:BrokenBomb":0,"REME_ComplimentaryCards":0,"Pocketwatch":0,"hubris:Reverence":12},{"Darkstone Periapt":5,"Bromod:ArcanePistoleer":20,"Replay:Multitool":2,"hubris:SlimyHat":6,"Bag of Preparation":17,"Juzu Bracelet":20,"EVO:Axolotl":0,"Replay:Mystery Machine":8,"hubris:MysteriousPyramids":9,"Ancient Tea Set":17,"Bromod:ArcaneAwakening":12,"Blood Vial":22,"vexMod:CardConverter":11,"hubris:DeckOfHolding":27,"Kunai":16,"hubris:DisguiseKit":15,"construct:WeddingRing":23,"NeowsBlessing":0,"vexMod:ConsolationPrize":28,"hubris:SphereOfDissonance":14,"Thread and Needle":19,"champ:DeflectingBracers":24,"War Paint":5,"REME_LimitBreaker":25,"Question Card":3,"Akabeko":16,"Replay:Baseball":13,"vexMod:BarristanHead":5,"Moonworks:Homemark":0,"Bronze Scales":18,"hubris:PeanutButter":1,"Black Star":10,"hubris:ToyBattleship":21,"FossilizedHelix":17,"Moonworks:BrokenBomb":0,"REME_ComplimentaryCards":0,"Pocketwatch":0,"hubris:Reverence":7},{"Darkstone Periapt":12,"Bromod:ArcanePistoleer":81,"Replay:Multitool":2,"hubris:SlimyHat":16,"Bag of Preparation":69,"Juzu Bracelet":81,"EVO:Axolotl":0,"Replay:Mystery Machine":23,"hubris:MysteriousPyramids":26,"Ancient Tea Set":69,"Bromod:ArcaneAwakening":44,"Blood Vial":85,"vexMod:CardConverter":40,"hubris:DeckOfHolding":103,"Kunai":66,"hubris:DisguiseKit":58,"construct:WeddingRing":90,"NeowsBlessing":0,"vexMod:ConsolationPrize":106,"hubris:SphereOfDissonance":54,"Thread and Needle":76,"champ:DeflectingBracers":91,"War Paint":12,"REME_LimitBreaker":93,"Question Card":3,"Akabeko":66,"Replay:Baseball":49,"vexMod:BarristanHead":12,"Moonworks:Homemark":0,"Bronze Scales":73,"hubris:PeanutButter":1,"Black Star":35,"hubris:ToyBattleship":83,"FossilizedHelix":69,"Moonworks:BrokenBomb":0,"REME_ComplimentaryCards":0,"Pocketwatch":0,"hubris:Reverence":20}],"Pocketwatch":[79]},"card_choices":[{"not_picked":["Moonworks:Gamble","Moonworks:FinalBattle","Moonworks:LeapThroughSpace"],"picked":"Moonworks:MetallicMonocoque","floor":16},{"not_picked":["Moonworks:Assault","Moonworks:LulusLuckyEgg","Moonworks:JonathanRush","Moonworks:CompletionReward","Bromod:Redirection"],"picked":"SKIP","floor":23},{"not_picked":["Moonworks:Assault","Moonworks:LulusLuckyEgg","Moonworks:JonathanRush","Moonworks:CompletionReward","Bromod:Redirection"],"picked":"SKIP","floor":23},{"not_picked":["Moonworks:UnpaidWork","Moonworks:BigMagnum","Moonworks:RedAndBlue","Moonworks:BackdoorTrade","Bromod:Reflection"],"picked":"SKIP","floor":25},{"not_picked":["Moonworks:JonathanRush","Moonworks:SakisCookie+1","Moonworks:CloudOfSeagulls+1","Moonworks:BeyondHell","Bromod:Serration"],"picked":"SKIP","floor":29},{"not_picked":["Moonworks:JonathanRush","Moonworks:SakisCookie+1","Moonworks:CloudOfSeagulls+1","Moonworks:BeyondHell","Bromod:Serration"],"picked":"SKIP","floor":29},{"not_picked":["Moonworks:AnotherUltimateWeapon","Moonworks:HolyNight","Moonworks:Accelerator","Moonworks:LeapThroughSpace"],"picked":"Bromod:ExaltedBlade","floor":33}],"player_experience":421145,"relics_obtained":[{"floor":1,"key":"hubris:PeanutButter"},{"floor":2,"key":"Replay:Multitool"},{"floor":3,"key":"Question Card"},{"floor":5,"key":"vexMod:BarristanHead"},{"floor":8,"key":"War Paint"},{"floor":9,"key":"Darkstone Periapt"},{"floor":10,"key":"hubris:SlimyHat"},{"floor":12,"key":"hubris:Reverence"},{"floor":13,"key":"Replay:Mystery Machine"},{"floor":14,"key":"hubris:MysteriousPyramids"},{"floor":18,"key":"vexMod:CardConverter"},{"floor":19,"key":"Bromod:ArcaneAwakening"},{"floor":20,"key":"Replay:Baseball"},{"floor":21,"key":"hubris:SphereOfDissonance"},{"floor":22,"key":"hubris:DisguiseKit"},{"floor":23,"key":"Akabeko"},{"floor":23,"key":"Kunai"},{"floor":25,"key":"FossilizedHelix"},{"floor":25,"key":"Ancient Tea Set"},{"floor":26,"key":"Bag of Preparation"},{"floor":27,"key":"Bronze Scales"},{"floor":28,"key":"Thread and Needle"},{"floor":29,"key":"Juzu Bracelet"},{"floor":29,"key":"Bromod:ArcanePistoleer"},{"floor":30,"key":"hubris:ToyBattleship"},{"floor":31,"key":"Blood Vial"},{"floor":35,"key":"champ:DeflectingBracers"},{"floor":36,"key":"REME_LimitBreaker"},{"floor":38,"key":"hubris:DeckOfHolding"},{"floor":39,"key":"vexMod:ConsolationPrize"}],"event_choices":[],"is_beta":false,"boss_relics":[{"not_picked":["ChewingGum","REME_LowDesire"],"picked":"Black Star"},{"not_picked":["conspire:SeveredTorchhead","vexMod:DeviousBotling"],"picked":"construct:WeddingRing"}],"items_purged_floors":[],"is_endless":true,"potions_floor_spawned":[2,4,12,16,18,21,23,25,27,30,33,36,38,39],"killed_by":"R_Hoarder","ascension_level":0}}