{"host":"w0w6jcqjdtkzk2bw","time":1610624475,"event":{"mods":["AchievementEnabler","BaseMod","Bestiary","Colored Map","Colored Powertips","Downfall","Filter the Spire","Highlight Path","Minty Spire (QoL Compilation)","Permanent Neow","Quick Restart","Shade Mod","StSLib","Synergy Search"],"gold_per_floor":[13,29,29,29,48,48,83,258,333,5,30,30,30,54,54,54,54],"floor_reached":16,"language":"ENG","playtime":447,"items_purged":[],"score":129,"play_id":"de0f83bd-02a7-4bbc-a9e3-0ed72849e951","local_time":"20210114064115","is_ascension_mode":true,"campfire_choices":[{"data":"Shade:Putrefaction","floor":6.0,"key":"SMITH"},{"data":"Shade:Putrefaction","floor":12,"key":"SMITH"},{"floor":15,"key":"REST"}],"circlet_count":0,"master_deck":["Shade:Strike_Shade","Shade:Strike_Shade","Shade:Strike_Shade","Shade:Strike_Shade","Shade:Defend_Shade","Shade:Defend_Shade","Shade:Defend_Shade","Shade:Defend_Shade","Shade:AnimateDead","Shade:CarefulCut","Shade:Putrefaction+1","Shade:ExtraLimbs","Shade:FeralStrike","Shade:Putrefaction+1","Doubt","Shade:SpectralStrikes+1","Shade:Doomsay","Shade:PotionOfRestlessness+1"],"relics":["Shade:YorickSkull","Golden Idol","Spirit Poop","Strawberry","Shuriken","Frozen Egg 2"],"acts_visited":["Exordium"],"potions_floor_usage":[16,16],"damage_taken":[{"damage":11.0,"enemies":"Jaw Worm","floor":1.0,"turns":4.0},{"damage":2.0,"enemies":"Small Slimes","floor":2.0,"turns":3.0},{"damage":0.0,"enemies":"Cultist","floor":5.0,"turns":3.0},{"damage":27.0,"enemies":"Lagavulin","floor":7.0,"turns":6.0},{"damage":7,"enemies":"Looter","floor":11,"turns":2},{"damage":6,"enemies":"Exordium Wildlife","floor":14,"turns":3},{"damage":49,"enemies":"The Guardian","floor":16,"turns":7}],"seed_played":"6014348530132937018","potions_obtained":[{"floor":2.0,"key":"Energy Potion"},{"floor":7.0,"key":"ColorlessPotion"}],"is_trial":false,"path_per_floor":["M","M","?","?","M","R","E","?","T","$","M","R","$","M","R","B"],"character_chosen":"SHADE","items_purchased":["Frozen Egg 2","Shade:SpectralStrikes+1"],"campfire_rested":1,"item_purchase_floors":[10,10],"current_hp_per_floor":[48,46,46,46,46,46,26,26,26,26,19,19,19,13,34,0,0],"gold":54,"neow_bonus":"THREE_RARE_CARDS","is_daily":false,"chose_seed":false,"campfire_upgraded":2,"win_rate":0.0,"timestamp":1610624475,"path_taken":["M","M","?","?","?","R","E","?","T","$","M","R","?","M","R","BOSS"],"items_purchased_type":["Relic","Card"],"build_version":"2020-12-22","purchased_purges":0,"victory":false,"max_hp_per_floor":[65,65,65,65,65,65,72,72,72,72,72,72,72,72,72,72,72],"card_choices":[{"not_picked":["Shade:OneIsEnough","Shade:GreaterAnimation"],"picked":"Shade:Putrefaction","floor":0.0},{"not_picked":["Shade:ClawBack","Shade:Premonition"],"picked":"Shade:ExtraLimbs","floor":1.0},{"not_picked":["Shade:Premonition","Shade:FleshLikeOak"],"picked":"Shade:FeralStrike","floor":2.0},{"not_picked":["Shade:ExtraLimbs","Shade:GraveStillness","Shade:Brains"],"picked":"SKIP","floor":5.0},{"not_picked":["Shade:ExtraLimbs","Shade:SpectralStrikes"],"picked":"Shade:Putrefaction","floor":7.0},{"not_picked":["Shade:CoffinDance","Shade:Trample"],"picked":"Shade:Doomsay","floor":11},{"not_picked":["Shade:CoffinDance","Shade:GraveStillness"],"picked":"Shade:PotionOfRestlessness+1","floor":14}],"player_experience":293049,"relics_obtained":[{"floor":7.0,"key":"Strawberry"},{"floor":9.0,"key":"Shuriken"}],"event_choices":[{"damage_healed":0.0,"max_hp_gain":0.0,"max_hp_loss":0.0,"gold_gain":0.0,"event_name":"Golden Idol","player_choice":"Take Wound","floor":3.0,"gold_loss":0.0,"damage_taken":0.0,"relics_obtained":["Golden Idol"],"cards_obtained":["Injury"]},{"cards_removed":["Injury"],"damage_healed":0.0,"max_hp_gain":0.0,"max_hp_loss":0.0,"gold_gain":0.0,"event_name":"Bonfire Elementals","player_choice":"Offered Curse","floor":4.0,"gold_loss":0.0,"damage_taken":0.0,"relics_obtained":["Spirit Poop"]},{"damage_healed":0.0,"max_hp_gain":0.0,"max_hp_loss":0.0,"gold_gain":175.0,"event_name":"Liars Game","player_choice":"AGREE","floor":8.0,"gold_loss":0.0,"damage_taken":0.0,"cards_obtained":["Doubt"]}],"is_beta":false,"boss_relics":[],"items_purged_floors":[],"is_endless":false,"potions_floor_spawned":[2,7],"killed_by":"The Guardian","ascension_level":6}}