{"host":"m1hsm1cztz438mir","time":1610582770,"event":{"mods":["2.2 Compatiblity","AchievementEnabler","Act Like it!","Aspiration","BaseMod","Better Altar","Better Match","Better Sensory Stone","Better Skull","Better Third Choice","Colored Map","Minty Spire (QoL Compilation)","Relic Stats","Replay The Spire","Shop Mod","StSLib","The Servant 0.9.4","TheFirefly"],"gold_per_floor":[119,20,20,40,54,54,84,102,127,127,452,466,478,494,494,599,599,609,626,626,261,279,279,304,304,358,358,370,403,171,189,189,284,284,295,310,323,77,95,95,128,128,154,187,62,62,79,79,79],"floor_reached":48,"language":"ENG","playtime":3993,"items_purged":["Strike_S","Defend_S","Defend_S"],"score":736,"play_id":"cde0f4f5-3ffe-4dd2-b510-5eb69098e638","local_time":"20210114000610","is_ascension_mode":true,"campfire_choices":[{"data":"Revamp","floor":6.0,"key":"SMITH"},{"floor":15,"key":"REST"},{"data":"Moondial","floor":23,"key":"SMITH"},{"data":"Sadistic Nature","floor":25,"key":"SMITH"},{"data":"Inflame","floor":27,"key":"SMITH"},{"floor":32,"key":"REST"},{"floor":40,"key":"REST"},{"floor":42,"key":"REST"},{"floor":46,"key":"REST"}],"circlet_count":0,"master_deck":["KidneyShot","Exchange","Sabotage","Potential","Inflame+1","Spin","Revamp+1","TimeWarp","Limit Break","ForgedInTime","Defy","Sunlight","Injury","Injury","Rearm","Moondial+1","GearUp","Sadistic Nature+1","Moondial+1","KillingDoll","RealityMarble","StarChef","Moondial","BestPractice","FloweringNight","Barrier","Revamp+1","GearUp+1","Alleviate","Panache","Specialist","Discovery","Sabotage+1"],"relics":["NeowsBlessing","m_ScarletBlood","Akabeko","Orichalcum","Old Coin","Kintsugi","Oddly Smooth Stone","Bag of Marbles","Pantograph","aspiration:RunicSpoon","HornCleat","aspiration:HiddenCompartment","Vajra","Ice Cream","ReplayTheSpireMod:ShopPack"],"acts_visited":["Exordium","TheCity","TheBeyond"],"potions_floor_usage":[11,12,19,19,28,29,41,44,47],"damage_taken":[{"damage":0.0,"enemies":"2 Louse","floor":1.0,"turns":1.0},{"damage":0.0,"enemies":"Jaw Worm","floor":4.0,"turns":1.0},{"damage":0.0,"enemies":"Small Slimes","floor":5.0,"turns":1.0},{"damage":16.0,"enemies":"3 Sentries","floor":7.0,"turns":4.0},{"damage":5.0,"enemies":"2 Fungi Beasts","floor":8.0,"turns":3.0},{"damage":10,"enemies":"Lagavulin","floor":11,"turns":3},{"damage":4,"enemies":"Red Slaver","floor":12,"turns":3},{"damage":0,"enemies":"Blue Slaver","floor":13,"turns":3},{"damage":10,"enemies":"3 Louse","floor":14,"turns":2},{"damage":34,"enemies":"Hexaghost","floor":16,"turns":12},{"damage":6,"enemies":"Spheric Guardian","floor":18,"turns":5},{"damage":22,"enemies":"Chosen","floor":19,"turns":6},{"damage":0,"enemies":"3 Cultists","floor":22,"turns":3},{"damage":0,"enemies":"Book of Stabbing","floor":24,"turns":5},{"damage":24,"enemies":"Snake Plant","floor":28,"turns":4},{"damage":21,"enemies":"Slavers","floor":29,"turns":4},{"damage":0,"enemies":"Cultist and Chosen","floor":31,"turns":4},{"damage":4,"enemies":"Automaton","floor":33,"turns":5},{"damage":0,"enemies":"3 Darklings","floor":35,"turns":5},{"damage":7,"enemies":"Orb Walker","floor":36,"turns":3},{"damage":12,"enemies":"Spire Growth","floor":37,"turns":4},{"damage":41,"enemies":"4 Shapes","floor":39,"turns":4},{"damage":18,"enemies":"Nemesis","floor":41,"turns":5},{"damage":19,"enemies":"Reptomancer","floor":44,"turns":7},{"damage":21,"enemies":"Jaw Worm Horde","floor":47,"turns":3},{"damage":19,"enemies":"Nemesis","floor":48,"turns":3}],"seed_played":"-7684516179149026127","potions_obtained":[{"floor":1.0,"key":"FearPotion"},{"floor":11,"key":"SkillPotion"},{"floor":12,"key":"SkillPotion"},{"floor":14,"key":"Regen Potion"},{"floor":16,"key":"SpeedPotion"},{"floor":19,"key":"DistilledChaos"},{"floor":28,"key":"AttackPotion"},{"floor":31,"key":"SmokeBomb"},{"floor":35,"key":"LiquidBronze"},{"floor":36,"key":"Venom Potion"},{"floor":39,"key":"Adrenaline Potion"},{"floor":44,"key":"Explosive Potion"}],"is_trial":false,"path_per_floor":["M","$","?","M","M","R","E","M","T","?","E","M","M","M","R","B",null,"M","M","?","$","M","R","E","R","T","R","M","E","$","M","R","B",null,"M","M","M","$","M","R","E","R","T","E","$","R","M","E"],"character_chosen":"THE_SERVANT","items_purchased":["Potential","GearUp","Sadistic Nature","Moondial","BestPractice","HornCleat","ReplayTheSpireMod:ShopPack"],"campfire_rested":5,"item_purchase_floors":[2,21,21,30,30,38,45],"current_hp_per_floor":[65,65,65,65,65,65,49,44,44,51,41,37,37,27,46,12,52,46,38,65,65,65,65,65,65,65,65,41,20,20,20,39,60,64,64,57,45,45,4,23,5,24,24,5,5,24,3,0,0],"gold":79,"neow_bonus":"THREE_ENEMY_KILL","is_daily":false,"chose_seed":false,"campfire_upgraded":4,"win_rate":0.0,"timestamp":1610582770,"path_taken":["M","$","?","M","M","R","E","M","T","?","E","?","M","M","R","BOSS","M","M","?","$","M","R","E","R","T","R","M","E","$","M","R","BOSS","M","M","M","$","M","R","E","R","T","E","?","R","M","E"],"items_purchased_type":["Card","Card","Card","Card","Card","Relic","Relic"],"build_version":"2020-12-22","purchased_purges":3,"victory":false,"max_hp_per_floor":[65,65,65,65,65,65,65,65,65,65,65,65,65,65,65,65,65,65,65,65,65,65,65,65,65,65,65,65,65,65,65,65,65,65,65,65,65,65,65,65,65,65,65,65,65,65,65,65,65],"relic_stats":{"counters":[26,103],"Pantograph":25,"aspiration:RunicSpoon":[49],"Orichalcum":[180],"obtain_stats":[{"Ice Cream":44,"NeowsBlessing":0,"aspiration:RunicSpoon":34,"Oddly Smooth Stone":24,"Vajra":43,"Uniform":0,"Orichalcum":9,"aspiration:HiddenCompartment":41,"Akabeko":7,"Old Coin":11,"m_ScarletBlood":3,"HornCleat":38,"Pantograph":29,"Bag of Marbles":26,"Kintsugi":17,"ReplayTheSpireMod:ShopPack":45},{"Ice Cream":24,"NeowsBlessing":0,"aspiration:RunicSpoon":18,"Oddly Smooth Stone":14,"Vajra":23,"Uniform":0,"Orichalcum":5,"aspiration:HiddenCompartment":23,"Akabeko":4,"Old Coin":6,"m_ScarletBlood":1,"HornCleat":21,"Pantograph":16,"Bag of Marbles":14,"Kintsugi":10,"ReplayTheSpireMod:ShopPack":24},{"Ice Cream":97,"NeowsBlessing":0,"aspiration:RunicSpoon":69,"Oddly Smooth Stone":52,"Vajra":90,"Uniform":0,"Orichalcum":10,"aspiration:HiddenCompartment":90,"Akabeko":7,"Old Coin":13,"m_ScarletBlood":1,"HornCleat":81,"Pantograph":60,"Bag of Marbles":52,"Kintsugi":33,"ReplayTheSpireMod:ShopPack":97}]},"card_choices":[{"not_picked":["RealityMarble","Reset"],"picked":"Sabotage","floor":1.0},{"not_picked":["Ricochet","Rewind"],"picked":"Spin","floor":4.0},{"not_picked":["Alleviate","Manipulate"],"picked":"Revamp","floor":5.0},{"not_picked":["Shuttle","Orbit","Initiator"],"picked":"SKIP","floor":7.0},{"not_picked":["Spin","Replace"],"picked":"TimeWarp","floor":8.0},{"not_picked":["BottledTime","Unruled"],"picked":"Limit Break","floor":11},{"not_picked":["Unruled","Spin","Alleviate"],"picked":"SKIP","floor":12},{"not_picked":["Comet","ShatteredReality"],"picked":"ForgedInTime","floor":13},{"not_picked":["FanOfKnives","Rewind"],"picked":"Defy","floor":14},{"not_picked":["TrueSight","Embodiment"],"picked":"Sunlight","floor":16},{"not_picked":["Rewind","ReturningBlade"],"picked":"Rearm","floor":18},{"not_picked":["StarChef","Replace"],"picked":"Moondial+1","floor":19},{"not_picked":["WasteNot","Desolation"],"picked":"Moondial","floor":22},{"not_picked":["DoubleEdge","Orbit"],"picked":"KillingDoll","floor":24},{"not_picked":["FastForward","TimeWarp"],"picked":"RealityMarble","floor":28},{"not_picked":["ShatteredReality","Spin"],"picked":"StarChef","floor":29},{"not_picked":["Alleviate","TimeWarp+1","Potential"],"picked":"SKIP","floor":31},{"not_picked":["SilverMatrix","KillingDoll"],"picked":"FloweringNight","floor":33},{"not_picked":["MoonPhase+1","TimeWarp"],"picked":"Barrier","floor":35},{"not_picked":["Alleviate","BottledTime","Ricochet"],"picked":"SKIP","floor":36},{"not_picked":["Hightail","Starlight"],"picked":"Revamp+1","floor":37},{"not_picked":["ReturningBlade","Ricochet","Defy+1"],"picked":"SKIP","floor":39},{"not_picked":["ReturningBlade","Ricochet","Defy+1"],"picked":"SKIP","floor":39},{"not_picked":["ShiftingGears+1","Potential+1"],"picked":"GearUp+1","floor":41},{"not_picked":["ShatteredReality","Ricochet"],"picked":"Alleviate","floor":44},{"not_picked":["Mayhem","Poisoned Strike"],"picked":"Panache","floor":45},{"not_picked":["Replay:Bootleg Shield Generator","Enlightenment"],"picked":"Specialist","floor":45},{"not_picked":["Deep Breath","Replay:Sssssssssstrike"],"picked":"Discovery","floor":45},{"not_picked":["Rewind","DoubleEdge"],"picked":"Sabotage+1","floor":47}],"player_experience":371516,"relics_obtained":[{"floor":7.0,"key":"Akabeko"},{"floor":9.0,"key":"Orichalcum"},{"floor":11,"key":"Old Coin"},{"floor":24,"key":"Oddly Smooth Stone"},{"floor":26,"key":"Bag of Marbles"},{"floor":29,"key":"Pantograph"},{"floor":41,"key":"aspiration:HiddenCompartment"},{"floor":43,"key":"Vajra"},{"floor":44,"key":"Ice Cream"}],"event_choices":[{"damage_healed":27,"gold_gain":0,"player_choice":"Full Heal","damage_taken":0,"max_hp_gain":0,"max_hp_loss":0,"event_name":"Wheel of Change","floor":20,"gold_loss":0}],"is_beta":false,"boss_relics":[{"not_picked":["Replay:Drink Me","Fusion Hammer"],"picked":"Kintsugi"},{"not_picked":["Snecko Heart","Painkiller Herb"],"picked":"aspiration:RunicSpoon"}],"items_purged_floors":[2,21,30],"is_endless":false,"potions_floor_spawned":[1,11,12,14,16,19,28,31,35,36,39,44],"killed_by":"Nemesis","ascension_level":5}}