{"host":"roqztpbdbchtekes","time":1610619089,"event":{"mods":["A Magickal Journey","AchievementEnabler","BaseMod","Better Note","Better Third Choice","BetterRewards","Block Reminder","Colored Map","Colored Powertips","Curses Come First","DeckTracker","Minty Spire (QoL Compilation)","Relic Stats","Spicy Shops","StSLib"],"gold_per_floor":[109,109,9,9,9,41,41,116,165,183,183,183,201,228,228,325,325,343,67,67,67,67,67,92,106,106,131,131,131,142,162,162,259,259,271,271,271,271,271,271,605,605,605,623,116,132,132,167,167,167,167],"floor_reached":50,"language":"ENG","playtime":2797,"items_purged":["Strike_B","Strike_B"],"score":1024,"play_id":"4089a936-e3dc-4fd6-96f1-09ec9cf5276e","local_time":"20210114111129","is_ascension_mode":true,"campfire_choices":[{"data":"Reaper","floor":7,"key":"SMITH"},{"data":"Buffer","floor":11,"key":"SMITH"},{"data":"Zap","floor":15,"key":"SMITH"},{"data":"Fission","floor":23,"key":"SMITH"},{"data":"Defragment","floor":29,"key":"SMITH"},{"data":"Chaos","floor":32,"key":"SMITH"},{"data":"Force Field","floor":40,"key":"SMITH"},{"data":"Defragment","floor":42,"key":"SMITH"},{"data":"Leap","floor":49,"key":"SMITH"}],"circlet_count":0,"master_deck":["Strike_B+1","Strike_B+1","Defend_B","Defend_B","Defend_B","Defend_B","Zap+1","Dualcast","Buffer+1","Compile Driver","Reaper+1","Force Field+1","Go for the Eyes","Fission+1","Defragment+1","Echo Form","Doom and Gloom+1","Chaos+1","Defragment+1","Thunder Strike+1","Defragment","Ball Lightning+1","Leap+1"],"relics":["Cracked Core","PreservedInsect","Whetstone","TheAbacus","Juzu Bracelet","Gambling Chip","Pantograph","Sling","Anchor","Bag of Marbles","Dead Branch","Question Card","Velvet Choker","Molten Egg 2","WarpedTongs","Unceasing Top","Blue Candle","Dream Catcher","Mummified Hand","SacredBark","Old Coin","Blood Vial","Bag of Preparation","DataDisk"],"acts_visited":["Exordium","TheCity","TheBeyond"],"potions_floor_usage":[6,33,41,50],"damage_taken":[{"damage":0,"enemies":"Cultist","floor":1,"turns":3},{"damage":0,"enemies":"Lagavulin","floor":6,"turns":5},{"damage":0,"enemies":"Small Slimes","floor":10,"turns":3},{"damage":0,"enemies":"Jaw Worm","floor":13,"turns":3},{"damage":0,"enemies":"Gremlin Nob","floor":14,"turns":3},{"damage":3,"enemies":"Slime Boss","floor":16,"turns":10},{"damage":4,"enemies":"Spheric Guardian","floor":18,"turns":6},{"damage":16,"enemies":"Slavers","floor":24,"turns":5},{"damage":5,"enemies":"2 Thieves","floor":25,"turns":4},{"damage":8,"enemies":"Book of Stabbing","floor":27,"turns":4},{"damage":0,"enemies":"Chosen and Byrds","floor":30,"turns":4},{"damage":19,"enemies":"Sentry and Sphere","floor":31,"turns":6},{"damage":19,"enemies":"Champ","floor":33,"turns":11},{"damage":2,"enemies":"3 Darklings","floor":35,"turns":6},{"damage":51,"enemies":"Nemesis","floor":41,"turns":5},{"damage":0,"enemies":"Orb Walker","floor":44,"turns":2},{"damage":16,"enemies":"3 Darklings","floor":46,"turns":5},{"damage":26,"enemies":"Reptomancer","floor":48,"turns":5},{"damage":72,"enemies":"Awakened One","floor":50,"turns":3}],"seed_played":"-2011610724668614125","potions_obtained":[{"floor":1,"key":"SneckoOil"},{"floor":16,"key":"SmokeBomb"},{"floor":24,"key":"PotionOfCapacity"},{"floor":25,"key":"PotionOfCapacity"},{"floor":31,"key":"Explosive Potion"},{"floor":35,"key":"SkillPotion"},{"floor":41,"key":"FocusPotion"},{"floor":44,"key":"LiquidMemories"}],"is_trial":false,"path_per_floor":["M","?","$","?","?","E","R","?","T","M","R","T","M","E","R","B",null,"M","$","?","$","$","R","E","M","T","E","T","R","M","M","R","B",null,"M","?","?","?","?","R","E","R","T","M","$","M","?","E","R","B"],"character_chosen":"DEFECT","items_purchased":["PreservedInsect","Whetstone","TheAbacus","Juzu Bracelet","Buffer","Pantograph","Sling","Molten Egg 2","Defragment","Blood Vial","Thunder Strike+1","Bag of Preparation"],"campfire_rested":0,"item_purchase_floors":[0,0,0,0,0,0,0,19,19,45,45,45],"current_hp_per_floor":[20,18,18,18,18,24,24,13,13,27,27,27,27,27,27,56,70,71,71,71,71,71,71,70,72,72,66,66,66,73,56,56,60,71,74,67,67,67,67,67,17,17,17,22,22,29,29,35,35,0,0],"gold":167,"neow_bonus":"","is_daily":false,"chose_seed":false,"campfire_upgraded":9,"win_rate":0.0,"timestamp":1610619089,"path_taken":["M","?","$","?","?","E","R","?","T","M","R","?","M","E","R","BOSS","M","?","?","?","$","R","E","M","T","E","?","R","M","M","R","BOSS","M","?","?","?","?","R","E","R","T","M","$","M","?","E","R","BOSS"],"items_purchased_type":["Relic","Relic","Relic","Relic","Card","Relic","Relic","Relic","Card","Relic","Card","Relic"],"build_version":"2020-12-22","purchased_purges":2,"victory":false,"max_hp_per_floor":[75,75,75,75,75,75,75,75,75,75,75,75,75,75,75,75,75,75,75,75,75,75,75,75,75,75,75,75,75,75,75,75,75,75,75,75,75,75,75,75,75,75,75,75,75,75,75,75,75,75,75],"relic_stats":{"counters":[80,327],"Dead Branch":[43],"Blue Candle":[7],"PreservedInsect":800,"Juzu Bracelet":5,"Bag of Preparation":[50],"Whetstone":["Strike_B","Strike_B","Strike_B","Strike_B"],"Question Card":13,"WarpedTongs":[59],"Blood Vial":6,"Dream Catcher":0,"TheAbacus":[192],"Mummified Hand":[36],"Gambling Chip":[34],"Pantograph":69,"obtain_stats":[{"Tiny House":34,"CeramicFish":7,"Vajra":36,"Runic Capacitor":30,"Ginger":39,"Whetstone":0,"Sling":0,"Old Coin":41,"Sozu":17,"Blood Vial":45,"Centennial Puzzle":40,"HornCleat":54,"MealTicket":36,"Kunai":34,"Toxic Egg 2":8,"Pear":23,"Happy Flower":20,"Dead Branch":12,"Blue Candle":26,"Velvet Choker":17,"Pen Nib":14,"Question Card":14,"WarpedTongs":11,"Bird Faced Urn":0,"Bronze Scales":44,"Molten Egg 2":19,"StrikeDummy":26,"Unceasing Top":6,"Meat on the Bone":9,"Pocketwatch":37,"Lantern":43,"SacredBark":34,"Bag of Preparation":9,"Juzu Bracelet":13,"Emotion Chip":34,"Dream Catcher":27,"Matryoshka":24,"TheAbacus":0,"Mummified Hand":28,"Pantograph":8,"Gambling Chip":0,"WingedGreaves":13,"Red Mask":38,"Cracked Core":0,"InkBottle":48,"NeowsBlessing":0,"PreservedInsect":29,"The Courier":43,"Orichalcum":0,"MawBank":13,"Mercury Hourglass":9,"Nuclear Battery":17,"Calling Bell":34,"DataDisk":34,"CaptainsWheel":38,"Anchor":45,"Ornamental Fan":42,"Bag of Marbles":46,"Bottled Lightning":10,"FossilizedHelix":0},{"Tiny House":49,"CeramicFish":11,"Vajra":26,"Runic Capacitor":48,"Ginger":29,"Whetstone":35,"Sling":61,"Old Coin":76,"Sozu":44,"Blood Vial":77,"Centennial Puzzle":53,"HornCleat":60,"MealTicket":26,"Kunai":25,"Toxic Egg 2":4,"Pear":47,"Happy Flower":20,"Dead Branch":64,"Blue Candle":70,"Velvet Choker":67,"Pen Nib":18,"Question Card":66,"WarpedTongs":16,"Bird Faced Urn":0,"Bronze Scales":32,"Molten Egg 2":68,"StrikeDummy":21,"Unceasing Top":3,"Meat on the Bone":11,"Pocketwatch":51,"Lantern":31,"SacredBark":74,"Bag of Preparation":39,"Juzu Bracelet":42,"Emotion Chip":25,"Dream Catcher":71,"Matryoshka":21,"TheAbacus":61,"Mummified Hand":71,"Pantograph":15,"Gambling Chip":61,"WingedGreaves":6,"Red Mask":51,"Cracked Core":0,"InkBottle":34,"NeowsBlessing":12,"PreservedInsect":23,"The Courier":31,"Orichalcum":35,"MawBank":42,"Mercury Hourglass":15,"Nuclear Battery":19,"Calling Bell":25,"DataDisk":25,"CaptainsWheel":28,"Anchor":55,"Ornamental Fan":31,"Bag of Marbles":56,"Bottled Lightning":40,"FossilizedHelix":35},{"Tiny House":184,"CeramicFish":43,"Vajra":96,"Runic Capacitor":177,"Ginger":107,"Whetstone":128,"Sling":234,"Old Coin":312,"Sozu":164,"Blood Vial":314,"Centennial Puzzle":198,"HornCleat":228,"MealTicket":96,"Kunai":94,"Toxic Egg 2":15,"Pear":174,"Happy Flower":74,"Dead Branch":245,"Blue Candle":276,"Velvet Choker":261,"Pen Nib":62,"Question Card":251,"WarpedTongs":54,"Bird Faced Urn":0,"Bronze Scales":118,"Molten Egg 2":267,"StrikeDummy":77,"Unceasing Top":11,"Meat on the Bone":43,"Pocketwatch":191,"Lantern":113,"SacredBark":301,"Bag of Preparation":143,"Juzu Bracelet":153,"Emotion Chip":94,"Dream Catcher":280,"Matryoshka":77,"TheAbacus":234,"Mummified Hand":280,"Pantograph":51,"Gambling Chip":234,"WingedGreaves":21,"Red Mask":191,"Cracked Core":0,"InkBottle":124,"NeowsBlessing":46,"PreservedInsect":84,"The Courier":113,"Orichalcum":128,"MawBank":153,"Mercury Hourglass":51,"Nuclear Battery":70,"Calling Bell":94,"DataDisk":94,"CaptainsWheel":103,"Anchor":205,"Ornamental Fan":113,"Bag of Marbles":210,"Bottled Lightning":147,"FossilizedHelix":128}],"Unceasing Top":[6]},"card_choices":[{"not_picked":["Capacitor","Steam"],"picked":"Compile Driver","floor":1},{"not_picked":["Stack","Cold Snap"],"picked":"Force Field","floor":6},{"not_picked":["Sweeping Beam","Conserve Battery"],"picked":"Go for the Eyes","floor":10},{"not_picked":["Glacier","Barrage","Streamline"],"picked":"SKIP","floor":13},{"not_picked":["Barrage","Go for the Eyes","Coolheaded"],"picked":"SKIP","floor":14},{"not_picked":["Amplify","Multi-Cast","Buffer"],"picked":"Fission","floor":16},{"not_picked":["Barrage+1","Steam Power","Beam Cell+1","Redo"],"picked":"SKIP","floor":18},{"not_picked":["Glacier","Sweeping Beam+1","Stack+1"],"picked":"Echo Form","floor":24},{"not_picked":["Tempest","Capacitor","Sweeping Beam+1"],"picked":"Doom and Gloom+1","floor":25},{"not_picked":["Barrage+1","Go for the Eyes+1","FTL+1","Blizzard+1"],"picked":"SKIP","floor":27},{"not_picked":["Conserve Battery+1","Storm","Auto Shields","Reinforced Body+1"],"picked":"SKIP","floor":30},{"not_picked":["Steam Power","Coolheaded","Aggregate+1"],"picked":"Chaos","floor":31},{"not_picked":["Amplify","Hyperbeam+1","All For One+1"],"picked":"Machine Learning","floor":33},{"not_picked":["Storm","Blizzard+1","Fusion+1","Compile Driver+1"],"picked":"SKIP","floor":35},{"not_picked":["FTL+1","White Noise+1","Doom and Gloom+1"],"picked":"Defragment","floor":41},{"not_picked":["Streamline+1","Sweeping Beam+1","Undo","Coolheaded"],"picked":"SKIP","floor":44},{"not_picked":["Cold Snap+1","Leap","Stack"],"picked":"Defragment","floor":46},{"not_picked":["Gash+1","Hologram","Reinforced Body"],"picked":"Leap","floor":48}],"player_experience":314510,"relics_obtained":[{"floor":6,"key":"Anchor"},{"floor":9,"key":"Bag of Marbles"},{"floor":12,"key":"Dead Branch"},{"floor":14,"key":"Question Card"},{"floor":24,"key":"Unceasing Top"},{"floor":26,"key":"Blue Candle"},{"floor":27,"key":"Dream Catcher"},{"floor":28,"key":"Mummified Hand"},{"floor":41,"key":"Old Coin"},{"floor":48,"key":"DataDisk"}],"event_choices":[{"damage_healed":0,"gold_gain":0,"player_choice":"Card ","damage_taken":2,"max_hp_gain":0,"max_hp_loss":0,"event_name":"betterThird:BetterScrap","floor":2,"gold_loss":0,"cards_obtained":["Reaper"]},{"damage_healed":0,"gold_gain":0,"player_choice":"Leave","damage_taken":0,"max_hp_gain":0,"max_hp_loss":0,"event_name":"FaceTrader","floor":4,"gold_loss":0},{"damage_healed":0,"gold_gain":0,"player_choice":"Ignored","damage_taken":0,"max_hp_gain":0,"max_hp_loss":0,"event_name":"Golden Wing","floor":5,"gold_loss":0},{"damage_healed":0,"gold_gain":75,"player_choice":"Gold","damage_taken":11,"max_hp_gain":0,"max_hp_loss":0,"event_name":"betterThird:BetterGoop","floor":8,"gold_loss":0},{"damage_healed":0,"gold_gain":0,"player_choice":"Rummage","damage_taken":0,"relics_obtained":["WarpedTongs"],"max_hp_gain":0,"max_hp_loss":0,"event_name":"Accursed Blacksmith","floor":20,"gold_loss":0,"cards_obtained":["Pain"]},{"damage_healed":0,"gold_gain":0,"player_choice":"Damaged","damage_taken":7,"max_hp_gain":0,"max_hp_loss":0,"event_name":"Wheel of Change","floor":36,"gold_loss":0},{"cards_removed":["Machine Learning"],"damage_healed":0,"gold_gain":0,"player_choice":"Removed Power","damage_taken":0,"max_hp_gain":0,"max_hp_loss":0,"event_name":"Falling","floor":37,"gold_loss":0},{"cards_removed":["Pain"],"damage_healed":0,"gold_gain":0,"player_choice":"Purged","damage_taken":0,"max_hp_gain":0,"max_hp_loss":0,"event_name":"Purifier","floor":38,"gold_loss":0},{"damage_healed":0,"gold_gain":0,"player_choice":"Ignored","damage_taken":0,"max_hp_gain":0,"max_hp_loss":0,"event_name":"Tomb of Lord Red Mask","floor":39,"gold_loss":0},{"damage_healed":0,"gold_gain":0,"player_choice":"1 cards matched","damage_taken":0,"max_hp_gain":0,"max_hp_loss":0,"event_name":"Match and Keep!","floor":47,"gold_loss":0,"cards_obtained":["Ball Lightning"]}],"is_beta":false,"boss_relics":[{"not_picked":["Busted Crown","SlaversCollar"],"picked":"Velvet Choker"},{"not_picked":["Tiny House","Sozu"],"picked":"SacredBark"}],"items_purged_floors":[0,3],"is_endless":false,"potions_floor_spawned":[1,16,24,25,31,35,41,44],"killed_by":"Awakened One","ascension_level":7}}