{"host":"81vb4cbob60wa1na","time":1610656875,"event":{"mods":["BaseMod","Downfall","GifTheSpireLib","Hermit","Highlight Path","Minty Spire (QoL Compilation)","StSLib","The Cursed","The Disciple"],"gold_per_floor":[99,111,131,306,306,317,363,363,374,389,407,147,147,163,182,282,282,282,292,315,330,330,346,346,346,361,361,361,373,373,391,405,508,508,508,508,508,518,532,532,613,613,613,613],"floor_reached":42,"language":"ENG","playtime":2510,"items_purged":[],"score":394,"play_id":"0f0a39a5-d38d-4c06-8be2-b61801823304","local_time":"20210114154115","is_ascension_mode":false,"campfire_choices":[{"data":"hexamod:UnleashSpirits","floor":1,"key":"SMITH"},{"data":"hexamod:NightmareStrike","floor":8,"key":"SMITH"},{"floor":13,"key":"REST"},{"data":"hexamod:UnleashSpirits","floor":18,"key":"SMITH"},{"data":"hexamod:Hexaguard","floor":25,"key":"SMITH"},{"floor":28,"key":"REST"},{"floor":30,"key":"REST"},{"data":"hexamod:SpectersWail","floor":35,"key":"SMITH"},{"floor":40,"key":"REST"}],"circlet_count":0,"master_deck":["hexamod:Strike","hexamod:Strike","hexamod:Strike","hexamod:Strike","hexamod:Defend","hexamod:Defend","hexamod:Defend","hexamod:Defend","hexamod:Sear","hexamod:Float","hexamod:UnleashSpirits+1","hexamod:GhostLash","hexamod:RecurringNightmare","Doubt","hexamod:NightmareStrike+1","hexamod:DynamicBlow+1","hexamod:GhostLash","hexamod:SpectersWail+1","hexamod:NightmareGuise","Finesse","hexamod:VolcanoVisage","hexamod:GhostShield","hexamod:UnleashSpirits+1","hexamod:SuperheatedStrike","Writhe","hexamod:Hexaguard+1","hexamod:SpectersWail+1","Normality","hexamod:NightmareStrike","hexamod:FastForward","hexamod:NightmareStrike+1","Shame"],"relics":["hexamod:SpiritBrand","Bronze Scales","Lantern","Cursed Key","Centennial Puzzle","MutagenicStrength","StoneCalendar","hexamod:IceCube","InkBottle"],"acts_visited":["Exordium","TheCity","TheBeyond"],"potions_floor_usage":[16,16,26,31,33,42],"damage_taken":[{"damage":0,"enemies":"Jaw Worm","floor":2,"turns":3},{"damage":2,"enemies":"Small Slimes","floor":3,"turns":3},{"damage":0,"enemies":"Cultist","floor":6,"turns":3},{"damage":7,"enemies":"Red Slaver","floor":9,"turns":2},{"damage":15,"enemies":"Exordium Thugs","floor":10,"turns":3},{"damage":5,"enemies":"3 Louse","floor":11,"turns":3},{"damage":4,"enemies":"downfall:FleeingMerchant","floor":12,"turns":4},{"damage":6,"enemies":"2 Fungi Beasts","floor":14,"turns":2},{"damage":5,"enemies":"Large Slime","floor":15,"turns":3},{"damage":30,"enemies":"downfall:Silent","floor":16,"turns":6},{"damage":4,"enemies":"3 Byrds","floor":19,"turns":3},{"damage":13,"enemies":"Sentry and Sphere","floor":21,"turns":5},{"damage":2,"enemies":"Snecko","floor":23,"turns":4},{"damage":14,"enemies":"Chosen and Byrds","floor":26,"turns":5},{"damage":29,"enemies":"Shelled Parasite and Fungi","floor":29,"turns":3},{"damage":11,"enemies":"Centurion and Healer","floor":31,"turns":5},{"damage":4,"enemies":"Cultist and Chosen","floor":32,"turns":5},{"damage":14,"enemies":"downfall:Ironclad","floor":33,"turns":6},{"damage":25,"enemies":"3 Shapes","floor":38,"turns":3},{"damage":9,"enemies":"Orb Walker","floor":39,"turns":2},{"damage":75,"enemies":"Giant Head","floor":42,"turns":7}],"seed_played":"3045060855353601201","potions_obtained":[{"floor":2,"key":"Ancient Potion"},{"floor":10,"key":"SpeedPotion"},{"floor":11,"key":"champ:CounterPotion"},{"floor":19,"key":"hexamod:EctoCoolerPotion"},{"floor":26,"key":"Fruit Juice"},{"floor":27,"key":"CultistPotion"},{"floor":39,"key":"PowerPotion"}],"is_trial":false,"path_per_floor":["R","M","M","?","?","M","T","R","M","M","M","$","R","M","M","B",null,"R","M","T","M","?","M","T","R","M","?","R","M","R","M","M","B",null,"R","?","?","M","M","R","T","E"],"character_chosen":"THE_SPIRIT","items_purchased":["Lantern","Finesse"],"campfire_rested":4,"item_purchase_floors":[12,12],"current_hp_per_floor":[70,70,68,68,68,68,68,68,61,46,41,37,58,52,47,17,70,70,66,66,53,53,51,51,51,42,42,64,35,57,46,42,28,75,75,75,75,50,41,63,63,0,0,0],"gold":613,"neow_bonus":"ONE_RANDOM_RARE_CARD","is_daily":false,"chose_seed":false,"campfire_upgraded":5,"win_rate":0.0,"timestamp":1610656875,"path_taken":["R","M","M","?","?","M","T","R","M","?","M","?","R","?","M","BOSS","R","M","?","?","?","M","T","R","M","?","R","M","R","M","M","BOSS","R","?","?","M","?","R","T","E"],"items_purchased_type":["Relic","Card"],"build_version":"2020-12-22","purchased_purges":0,"victory":false,"max_hp_per_floor":[70,70,70,70,70,70,70,70,70,70,70,70,70,70,70,70,70,70,70,70,70,70,70,70,70,75,75,75,75,75,75,75,75,75,75,75,75,75,75,75,75,75,75,75],"card_choices":[{"not_picked":["hexamod:FirstSeal","hexamod:GhostflameBarrier"],"picked":"hexamod:GhostLash","floor":2},{"not_picked":["hexamod:SpectersWail","hexamod:SuperheatedStrike"],"picked":"hexamod:RecurringNightmare","floor":3},{"not_picked":["hexamod:GhostShield","hexamod:FastForward"],"picked":"hexamod:NightmareStrike","floor":6},{"not_picked":["hexamod:RainOfEmbers","hexamod:HauntingEcho"],"picked":"hexamod:DynamicBlow","floor":9},{"not_picked":["hexamod:NightmareGuise","hexamod:GhostOfSpirePast"],"picked":"hexamod:GhostLash","floor":10},{"not_picked":["hexamod:HexaLevel","hexamod:NightmareStrike"],"picked":"hexamod:SpectersWail","floor":11},{"not_picked":["hexamod:Rewind","hexamod:ExtraCrispy"],"picked":"hexamod:NightmareGuise","floor":12},{"not_picked":["hexamod:StepThrough","hexamod:FastForward"],"picked":"hexamod:VolcanoVisage","floor":14},{"not_picked":["hexamod:Firestarter","hexamod:DynamicBlow"],"picked":"hexamod:GhostShield","floor":15},{"not_picked":["hexamod:ApocalypticArmor","hexamod:Toasty"],"picked":"hexamod:UnleashSpirits","floor":16},{"not_picked":["hexamod:HeatShield","hexamod:ExtraCrispy"],"picked":"hexamod:SuperheatedStrike","floor":19},{"not_picked":["hexamod:Firestarter","hexamod:AdvancingGuard"],"picked":"hexamod:Hexaguard","floor":21},{"not_picked":["hexamod:SkipABeat","hexamod:ChargedBarrage+1"],"picked":"hexamod:SpectersWail+1","floor":23},{"not_picked":["hexamod:BacktrackSmack","hexamod:HauntingEcho"],"picked":"hexamod:NightmareStrike","floor":26},{"not_picked":["hexamod:Firestarter","hexamod:InspiringFlames","hexamod:HexaLevel"],"picked":"SKIP","floor":29},{"not_picked":["hexamod:SpectralSpark","hexamod:SwordOfDarkness"],"picked":"hexamod:FastForward","floor":31},{"not_picked":["hexamod:BacktrackSmack","hexamod:Firestarter+1"],"picked":"hexamod:NightmareStrike+1","floor":32},{"not_picked":["hexamod:ShieldOfDarkness+1","hexamod:SoulSteal+1","hexamod:SkipABeat+1"],"picked":"SKIP","floor":38},{"not_picked":["hexamod:Again","hexamod:FourthSeal","hexamod:ShieldOfDarkness"],"picked":"SKIP","floor":39}],"player_experience":241012,"relics_obtained":[{"floor":7,"key":"Bronze Scales"},{"floor":20,"key":"Centennial Puzzle"},{"floor":24,"key":"StoneCalendar"},{"floor":41,"key":"InkBottle"}],"event_choices":[{"damage_healed":0,"gold_gain":0,"player_choice":"Leave","damage_taken":0,"max_hp_gain":0,"max_hp_loss":0,"event_name":"FaceTrader","floor":5,"gold_loss":0},{"damage_healed":0,"gold_gain":0,"player_choice":"Inject Mutagens","damage_taken":0,"relics_obtained":["MutagenicStrength"],"max_hp_gain":0,"max_hp_loss":0,"event_name":"Drug Dealer","floor":22,"gold_loss":0},{"damage_healed":0,"gold_gain":0,"player_choice":"Upgraded","damage_taken":0,"max_hp_gain":0,"max_hp_loss":0,"event_name":"Upgrade Shrine","floor":37,"gold_loss":0,"cards_upgraded":["hexamod:DynamicBlow"]}],"is_beta":false,"boss_relics":[{"not_picked":["SacredBark","Sozu"],"picked":"Cursed Key"},{"not_picked":["SlaversCollar","Runic Dome"],"picked":"hexamod:IceCube"}],"items_purged_floors":[],"is_endless":false,"potions_floor_spawned":[2,10,11,19,26,39],"killed_by":"Giant Head","ascension_level":0}}