{"host":"z9mq1tf06lkrncmk","time":1610650943,"event":{"mods":["BaseMod","Downfall","Minty Spire (QoL Compilation)","StSLib"],"gold_per_floor":[110,17,36,36,36,36,71,71,97,97,126,146,64,89,89,189,189,206,206,6,6,26,26,46,66,66,66,66,66,83,83,83,181,181,200,49,66,66,84,84,103,103,129,154,73,99,99,111,111,111],"floor_reached":51,"language":"ENG","playtime":1780,"items_purged":["Compile Driver"],"score":812,"play_id":"0fe5742a-f1db-4781-aafa-f957031b3735","local_time":"20210114140223","is_ascension_mode":true,"campfire_choices":[{"data":"Zap","floor":6,"key":"SMITH"},{"data":"Defragment","floor":8,"key":"SMITH"},{"data":"Redo","floor":10,"key":"SMITH"},{"floor":15,"key":"REST"},{"data":"Conserve Battery","floor":23,"key":"SMITH"},{"floor":28,"key":"REST"},{"data":"expansioncontent:DefensiveStance","floor":32,"key":"SMITH"},{"floor":40,"key":"REST"},{"floor":42,"key":"REST"},{"floor":47,"key":"RECALL"},{"floor":49,"key":"REST"}],"circlet_count":0,"master_deck":["Strike_B","Strike_B","Strike_B","Defend_B","Defend_B","Defend_B","Defend_B","Zap+1","Dualcast","Redo+1","Defragment+1","Leap","Ball Lightning","Lockon","Static Discharge","Conserve Battery+1","expansioncontent:DefensiveStance+1","Electrodynamics","Ball Lightning","Barrage","Force Field","Thunder Strike+1","Double Energy","Defragment","Tempest+1"],"relics":["Cracked Core","InkBottle","Vajra","DataDisk","Regal Pillow","Sozu","Runic Capacitor","Letter Opener","Fusion Hammer","Toy Ornithopter","Akabeko"],"acts_visited":["Exordium","TheCity","TheBeyond"],"potions_floor_usage":[7,11,16],"damage_taken":[{"damage":1,"enemies":"Cultist","floor":1,"turns":3},{"damage":0,"enemies":"2 Louse","floor":3,"turns":2},{"damage":10,"enemies":"Gremlin Nob","floor":7,"turns":3},{"damage":11,"enemies":"3 Sentries","floor":11,"turns":6},{"damage":7,"enemies":"Jaw Worm","floor":12,"turns":2},{"damage":23,"enemies":"Lagavulin","floor":14,"turns":3},{"damage":14,"enemies":"Hexaghost","floor":16,"turns":8},{"damage":14,"enemies":"3 Byrds","floor":18,"turns":3},{"damage":0,"enemies":"Chosen","floor":22,"turns":4},{"damage":4,"enemies":"Centurion and Healer","floor":24,"turns":4},{"damage":27,"enemies":"3 Cultists","floor":25,"turns":5},{"damage":13,"enemies":"Snake Plant","floor":30,"turns":4},{"damage":28,"enemies":"Champ","floor":33,"turns":8},{"damage":17,"enemies":"Orb Walker","floor":35,"turns":4},{"damage":6,"enemies":"3 Darklings","floor":37,"turns":3},{"damage":20,"enemies":"Writhing Mass","floor":39,"turns":5},{"damage":12,"enemies":"Transient","floor":41,"turns":5},{"damage":12,"enemies":"Giant Head","floor":46,"turns":6},{"damage":11,"enemies":"Sphere and 2 Shapes","floor":48,"turns":4},{"damage":65,"enemies":"Donu and Deca","floor":50,"turns":5}],"seed_played":"4458357718770643363","potions_obtained":[{"floor":3,"key":"AttackPotion"},{"floor":7,"key":"PowerPotion"},{"floor":14,"key":"sneckomod:MuddlingPotion"}],"is_trial":false,"path_per_floor":["M","$","M","?","$","R","E","R","T","R","E","M","$","E","R","B",null,"M","?","$","?","M","R","M","M","T","$","R","?","M","?","R","B",null,"M","$","M","?","M","R","M","R","T","T","$","E","R","M","R","B",null],"character_chosen":"DEFECT","items_purchased":["Defragment","Leap","expansioncontent:DefensiveStance","Runic Capacitor","Barrage","Double Energy","Defragment"],"campfire_rested":5,"item_purchase_floors":[2,2,13,20,20,36,45],"current_hp_per_floor":[81,81,81,81,81,81,71,71,71,71,60,53,53,30,69,55,82,68,68,68,68,68,68,64,37,37,37,76,76,63,82,82,54,82,65,65,59,59,39,78,66,82,82,82,82,70,70,59,82,17],"gold":111,"neow_bonus":"TEN_PERCENT_HP_BONUS","is_daily":false,"chose_seed":false,"campfire_upgraded":5,"win_rate":0.0,"timestamp":1610650943,"path_taken":["M","?","M","?","$","R","E","R","T","R","E","?","?","E","R","BOSS","M","?","$","?","?","R","M","M","T","?","R","?","M","?","R","BOSS","M","?","M","?","M","R","?","R","T","?","?","E","R","M","R","BOSS"],"items_purchased_type":["Card","Card","Card","Relic","Card","Card","Card"],"build_version":"2020-12-22","purchased_purges":1,"victory":true,"max_hp_per_floor":[82,82,82,82,82,82,82,82,82,82,82,82,82,82,82,82,82,82,82,82,82,82,82,82,82,82,82,82,82,82,82,82,82,82,82,82,82,82,82,82,82,82,82,82,82,82,82,82,82,82],"card_choices":[{"not_picked":["Turbo","Capacitor"],"picked":"Redo","floor":1},{"not_picked":["Compile Driver","Gash"],"picked":"Ball Lightning","floor":3},{"not_picked":["Sweeping Beam","Double Energy"],"picked":"Lockon","floor":7},{"not_picked":["Undo","Glacier"],"picked":"Static Discharge","floor":11},{"not_picked":["Stack","Leap"],"picked":"Conserve Battery","floor":12},{"not_picked":["Coolheaded","Conserve Battery"],"picked":"Compile Driver","floor":14},{"not_picked":["Seek","Meteor Strike"],"picked":"Electrodynamics","floor":16},{"not_picked":["Chill","Hello World"],"picked":"Ball Lightning","floor":18},{"not_picked":["Coolheaded","Go for the Eyes"],"picked":"Force Field","floor":22},{"not_picked":["Coolheaded+1","Beam Cell+1","Go for the Eyes"],"picked":"SKIP","floor":24},{"not_picked":["Ball Lightning","Go for the Eyes","Self Repair"],"picked":"SKIP","floor":25},{"not_picked":["Turbo","Lockon","Leap"],"picked":"SKIP","floor":30},{"not_picked":["Hyperbeam","Multi-Cast"],"picked":"Thunder Strike","floor":33},{"not_picked":["Cold Snap","Coolheaded+1","Sunder+1"],"picked":"SKIP","floor":35},{"not_picked":["Redo","Loop+1","Beam Cell+1"],"picked":"SKIP","floor":37},{"not_picked":["Leap+1","Gash","Go for the Eyes+1"],"picked":"SKIP","floor":39},{"not_picked":["Beam Cell","Steam+1","Streamline+1"],"picked":"SKIP","floor":41},{"not_picked":["Streamline+1","Darkness+1"],"picked":"Tempest+1","floor":46},{"not_picked":["Barrage+1","Scrape","White Noise+1"],"picked":"SKIP","floor":48}],"player_experience":355514,"relics_obtained":[{"floor":7,"key":"InkBottle"},{"floor":9,"key":"Vajra"},{"floor":11,"key":"DataDisk"},{"floor":14,"key":"Regal Pillow"},{"floor":26,"key":"Letter Opener"},{"floor":44,"key":"Toy Ornithopter"},{"floor":46,"key":"Akabeko"}],"event_choices":[{"cards_removed":["Strike_B"],"damage_healed":0,"gold_gain":0,"player_choice":"Offered Basic","damage_taken":0,"max_hp_gain":0,"max_hp_loss":0,"event_name":"Bonfire Elementals","floor":4,"gold_loss":0},{"damage_healed":0,"gold_gain":0,"player_choice":"Ignored","damage_taken":0,"max_hp_gain":0,"max_hp_loss":0,"event_name":"The Mausoleum","floor":19,"gold_loss":0},{"damage_healed":0,"gold_gain":0,"player_choice":"Leave","damage_taken":0,"max_hp_gain":0,"max_hp_loss":0,"event_name":"FaceTrader","floor":21,"gold_loss":0},{"damage_healed":19,"gold_gain":0,"player_choice":"Full Heal","damage_taken":0,"max_hp_gain":0,"max_hp_loss":0,"event_name":"Wheel of Change","floor":31,"gold_loss":0},{"damage_healed":0,"gold_gain":0,"player_choice":"Forge","damage_taken":0,"max_hp_gain":0,"max_hp_loss":0,"event_name":"Accursed Blacksmith","floor":38,"gold_loss":0,"cards_upgraded":["Thunder Strike"]}],"is_beta":false,"boss_relics":[{"not_picked":["Coffee Dripper","Astrolabe"],"picked":"Sozu"},{"not_picked":["Nuclear Battery","Runic Pyramid"],"picked":"Fusion Hammer"}],"items_purged_floors":[36],"is_endless":false,"potions_floor_spawned":[3,7,14,18,22,25,30,37,46,48],"ascension_level":3}}