{"host":"jksa5rawk3m4gilz","time":1610650336,"event":{"mods":["BaseMod","Colored Map","Highlight Path","Minty Spire (QoL Compilation)","Quick Restart"],"gold_per_floor":[115,115,89,89,39,71,71,103,103,137,147,147,164,180,180,180,180],"floor_reached":16,"language":"ENG","playtime":330,"items_purged":[],"score":277,"play_id":"724497e6-7ed9-446a-a01d-c47a574a7666","local_time":"20210114195216","is_ascension_mode":true,"campfire_choices":[{"data":"Crescendo","floor":7.0,"key":"SMITH"},{"floor":12,"key":"REST"},{"data":"DevaForm","floor":15,"key":"SMITH"}],"circlet_count":0,"master_deck":["AscendersBane","Strike_P","Strike_P","Strike_P+1","Strike_P","Defend_P","Defend_P","Eruption+1","Vigilance","Crescendo+1","Consecrate","DevaForm+1","FollowUp","FollowUp"],"relics":["PureWater","NeowsBlessing","Pen Nib","Bag of Preparation","Boot","Damaru"],"acts_visited":["Exordium"],"potions_floor_usage":[],"damage_taken":[{"damage":0.0,"enemies":"Small Slimes","floor":1.0,"turns":1.0},{"damage":0.0,"enemies":"Gremlin Nob","floor":6.0,"turns":1.0},{"damage":0.0,"enemies":"Lagavulin","floor":8.0,"turns":1.0},{"damage":32.0,"enemies":"Gremlin Nob","floor":10.0,"turns":3.0},{"damage":0,"enemies":"Jaw Worm","floor":11,"turns":1},{"damage":1,"enemies":"Cultist","floor":13,"turns":4},{"damage":0,"enemies":"Lots of Slimes","floor":14,"turns":1},{"damage":33,"enemies":"Hexaghost","floor":16,"turns":5}],"seed_played":"894076159385859436","potions_obtained":[{"floor":1.0,"key":"BlessingOfTheForge"},{"floor":8.0,"key":"AttackPotion"},{"floor":13,"key":"AttackPotion"}],"is_trial":false,"path_per_floor":["M","?","$","?","?","E","R","E","T","E","M","R","M","M","R","B"],"character_chosen":"WATCHER","items_purchased":["Consecrate"],"campfire_rested":1,"item_purchase_floors":[3],"current_hp_per_floor":[65,58,58,44,44,44,44,44,44,12,12,33,32,32,32,0,0],"gold":180,"neow_bonus":"THREE_ENEMY_KILL","is_daily":false,"chose_seed":false,"campfire_upgraded":2,"win_rate":0.0,"timestamp":1610650336,"path_taken":["M","?","$","?","?","E","R","E","T","E","M","R","M","?","R","BOSS"],"items_purchased_type":["Card"],"build_version":"2020-12-22","purchased_purges":0,"victory":false,"max_hp_per_floor":[72,72,72,72,72,72,72,72,72,72,72,72,72,72,72,72,72],"card_choices":[{"not_picked":["JustLucky","ClearTheMind"],"picked":"Crescendo","floor":1.0},{"not_picked":["Evaluate","EmptyBody","EmptyFist"],"picked":"SKIP","floor":6.0},{"not_picked":["Adaptation","SignatureMove","Vengeance"],"picked":"SKIP","floor":8.0},{"not_picked":["Meditate","CutThroughFate"],"picked":"DevaForm","floor":10.0},{"not_picked":["CrushJoints","Pray"],"picked":"FollowUp","floor":11},{"not_picked":["Evaluate","LikeWater","CrushJoints"],"picked":"SKIP","floor":13},{"not_picked":["ClearTheMind","BattleHymn"],"picked":"FollowUp","floor":14}],"player_experience":2124821,"relics_obtained":[{"floor":6.0,"key":"Pen Nib"},{"floor":8.0,"key":"Bag of Preparation"},{"floor":9.0,"key":"Boot"},{"floor":10.0,"key":"Damaru"}],"event_choices":[{"cards_removed":["Defend_P"],"damage_healed":0.0,"max_hp_gain":0.0,"max_hp_loss":0.0,"gold_gain":0.0,"event_name":"Golden Wing","player_choice":"Card Removal","floor":2.0,"gold_loss":0.0,"damage_taken":7.0},{"damage_healed":0.0,"max_hp_gain":0.0,"max_hp_loss":0.0,"gold_gain":0.0,"event_name":"Shining Light","player_choice":"Entered Light","floor":4.0,"gold_loss":0.0,"damage_taken":14.0,"cards_upgraded":["Strike_P","Eruption"]},{"cards_removed":["Defend_P"],"damage_healed":0.0,"max_hp_gain":0.0,"max_hp_loss":0.0,"gold_gain":0.0,"event_name":"The Cleric","player_choice":"Card Removal","floor":5.0,"gold_loss":50.0,"damage_taken":0.0}],"is_beta":false,"boss_relics":[],"items_purged_floors":[],"is_endless":false,"potions_floor_spawned":[1,8,13],"killed_by":"Hexaghost","ascension_level":13}}