{"host":"1c17lcvl7acx821p","time":1610582566,"event":{"mods":["AchievementEnabler","BaseMod","Colored Map","Minty Spire (QoL Compilation)","StSLib"],"gold_per_floor":[114,189,204,204,223,261,261,280,280,280,108,127,146,184,184,309,309,328,253,272,291,310,357,357,404,413,413,432,451,498,507,516,659,659,678,697,725,221,221,268,268,17,76,114,148,167,176,176,176,185],"floor_reached":51,"language":"ENG","playtime":1847,"items_purged":["Strike_P"],"score":1227,"play_id":"f5413546-c6df-4ff6-829e-939defd6369f","local_time":"20210114020246","daily_mods":["Cursed Run","Vintage","Lethality"],"is_ascension_mode":false,"campfire_choices":[{"data":"Eruption","floor":7.0,"key":"SMITH"},{"data":"BowlingBash","floor":10.0,"key":"SMITH"},{"data":"Establishment","floor":15.0,"key":"SMITH"},{"data":"Vault","floor":24.0,"key":"SMITH"},{"data":"Wireheading","floor":27.0,"key":"SMITH"},{"floor":32.0,"key":"REST"},{"data":"BattleHymn","floor":41,"key":"SMITH"},{"data":"MasterReality","floor":49,"key":"SMITH"}],"circlet_count":0,"master_deck":["Strike_P","Strike_P","Strike_P","Defend_P+1","Defend_P+1","Defend_P","Eruption+1","Vigilance","Injury","BowlingBash+1","Clumsy","Establishment+1","EmptyBody","CutThroughFate","Halt","Writhe","MasterReality+1","Vault+1","Wireheading+1","ThirdEye","Shame","CutThroughFate","Clumsy","DeusExMachina","Parasite","BattleHymn+1","Discovery+1","CutThroughFate+1","EmptyBody+1","Decay","Decay","Writhe","Clumsy"],"relics":["Cursed Key","Darkstone Periapt","Du-Vu Doll","Pen Nib","Happy Flower","Golden Idol","PreservedInsect","Potion Belt","Meat on the Bone","White Beast Statue","Orichalcum","Bottled Flame","Smiling Mask","SacredBark","War Paint","Blue Candle","Pantograph","Blood Vial","CeramicFish","Centennial Puzzle","Gremlin Horn","Bronze Scales","Juzu Bracelet","Dream Catcher","Bag of Marbles","Black Star","InkBottle","Toxic Egg 2","Ginger","Oddly Smooth Stone","Lee\u0027s Waffle","The Courier","Akabeko","FossilizedHelix","Vajra","Bag of Preparation","Dead Branch","Ancient Tea Set","Yang"],"acts_visited":["Exordium","TheCity","TheBeyond"],"potions_floor_usage":[37,38,50,50,50,50,50,50,50,50,50,50,50,50,50,50,50],"damage_taken":[{"damage":0.0,"enemies":"Cultist","floor":1.0,"turns":2.0},{"damage":0.0,"enemies":"Jaw Worm","floor":3.0,"turns":2.0},{"damage":3.0,"enemies":"2 Louse","floor":5.0,"turns":2.0},{"damage":0.0,"enemies":"Gremlin Nob","floor":6.0,"turns":1.0},{"damage":5.0,"enemies":"Exordium Thugs","floor":8.0,"turns":2.0},{"damage":2.0,"enemies":"Exordium Wildlife","floor":12.0,"turns":2.0},{"damage":0.0,"enemies":"Looter","floor":13.0,"turns":1.0},{"damage":6.0,"enemies":"Lagavulin","floor":14.0,"turns":3.0},{"damage":0.0,"enemies":"Slime Boss","floor":16.0,"turns":3.0},{"damage":26.0,"enemies":"Shell Parasite","floor":18.0,"turns":4.0},{"damage":0.0,"enemies":"Spheric Guardian","floor":20.0,"turns":1.0},{"damage":17.0,"enemies":"Snecko","floor":21.0,"turns":7.0},{"damage":34.0,"enemies":"Snake Plant","floor":22.0,"turns":3.0},{"damage":3.0,"enemies":"Slavers","floor":23.0,"turns":2.0},{"damage":0.0,"enemies":"Gremlin Leader","floor":25.0,"turns":2.0},{"damage":11.0,"enemies":"Centurion and Healer","floor":28.0,"turns":4.0},{"damage":0.0,"enemies":"Snecko","floor":29.0,"turns":3.0},{"damage":0.0,"enemies":"Book of Stabbing","floor":30.0,"turns":2.0},{"damage":41.0,"enemies":"Collector","floor":33.0,"turns":5.0},{"damage":1.0,"enemies":"Orb Walker","floor":35.0,"turns":1.0},{"damage":2.0,"enemies":"3 Darklings","floor":36.0,"turns":3.0},{"damage":17,"enemies":"Writhing Mass","floor":37,"turns":4},{"damage":1,"enemies":"Reptomancer","floor":40,"turns":1},{"damage":11,"enemies":"Giant Head","floor":44,"turns":4},{"damage":7,"enemies":"Jaw Worm Horde","floor":46,"turns":3},{"damage":3,"enemies":"Donu and Deca","floor":50,"turns":2}],"seed_played":"-4624312993155624390","potions_obtained":[{"floor":3.0,"key":"Ambrosia"},{"floor":5.0,"key":"Fire Potion"},{"floor":6.0,"key":"LiquidBronze"},{"floor":12.0,"key":"PowerPotion"},{"floor":13.0,"key":"Block Potion"},{"floor":14.0,"key":"Fire Potion"},{"floor":16.0,"key":"Strength Potion"},{"floor":18.0,"key":"Ancient Potion"},{"floor":21.0,"key":"GamblersBrew"},{"floor":22.0,"key":"BottledMiracle"},{"floor":23.0,"key":"AttackPotion"},{"floor":25.0,"key":"AttackPotion"},{"floor":28.0,"key":"Fruit Juice"},{"floor":30.0,"key":"EntropicBrew"},{"floor":33.0,"key":"Dexterity Potion"},{"floor":37,"key":"BlessingOfTheForge"},{"floor":39,"key":"EntropicBrew"},{"floor":39,"key":"Weak Potion"},{"floor":39,"key":"EntropicBrew"},{"floor":40,"key":"EssenceOfSteel"}],"is_trial":false,"path_per_floor":["M","?","M","?","M","E","R","M","T","R","$","M","M","E","R","B",null,"M","?","M","M","M","E","R","E","T","R","M","M","E","?","R","B",null,"M","M","M","$","?","E","R","$","T","E","T","M","?","?","R","B",null],"character_chosen":"WATCHER","items_purchased":["Establishment","EmptyBody","CutThroughFate","BattleHymn","Oddly Smooth Stone","Lee\u0027s Waffle","Block Potion","Discovery+1","FossilizedHelix","EmptyBody+1"],"campfire_rested":1,"item_purchase_floors":[11,11,11,38,38,38,38,38,42,42],"current_hp_per_floor":[72,61,61,67,64,64,64,59,65,65,65,63,63,57,57,63,90,64,64,64,47,25,36,36,50,56,56,59,61,63,69,99,67,108,107,106,97,131,131,130,130,130,136,126,132,127,149,149,149,152],"gold":185,"neow_bonus":"","is_daily":true,"chose_seed":false,"campfire_upgraded":7,"win_rate":0.0,"timestamp":1610582566,"path_taken":["M","?","M","?","M","E","R","M","T","R","$","M","M","E","R","BOSS","M","?","M","M","M","E","R","E","T","R","M","M","E","?","R","BOSS","M","M","M","$","?","E","R","?","T","E","?","M","?","?","R","BOSS"],"items_purchased_type":["Card","Card","Card","Card","Relic","Relic","Potion","Card","Relic","Card"],"build_version":"2020-12-22","purchased_purges":1,"victory":true,"max_hp_per_floor":[72,72,72,78,78,78,78,78,84,84,84,84,84,84,84,90,90,90,90,90,90,90,90,90,90,96,96,96,96,96,102,102,108,108,108,108,114,131,131,131,131,131,137,137,143,143,149,149,149,155],"card_choices":[{"not_picked":["Halt","ClearTheMind"],"picked":"BowlingBash","floor":6.0},{"not_picked":["Nirvana","BowlingBash"],"picked":"Halt","floor":14.0},{"not_picked":["ConjureBlade","Brilliance"],"picked":"MasterReality","floor":16.0},{"not_picked":["FlyingSleeves","Wish"],"picked":"Vault","floor":23.0},{"not_picked":["Swivel","EmptyFist"],"picked":"Wireheading","floor":25.0},{"not_picked":["TalkToTheHand","Wish"],"picked":"ThirdEye","floor":30.0},{"not_picked":["Worship","Halt"],"picked":"CutThroughFate","floor":32.0},{"not_picked":["Vault","Judgement"],"picked":"DeusExMachina","floor":33.0},{"not_picked":["EmptyBody+1","JustLucky"],"picked":"CutThroughFate+1","floor":40},{"not_picked":["JustLucky","Prostrate+1","SashWhip"],"picked":"SKIP","floor":44}],"player_experience":75135,"relics_obtained":[{"floor":1.0,"key":"Pen Nib"},{"floor":3.0,"key":"Happy Flower"},{"floor":5.0,"key":"PreservedInsect"},{"floor":6.0,"key":"Potion Belt"},{"floor":8.0,"key":"Meat on the Bone"},{"floor":9.0,"key":"White Beast Statue"},{"floor":12.0,"key":"Orichalcum"},{"floor":13.0,"key":"Bottled Flame"},{"floor":14.0,"key":"Smiling Mask"},{"floor":18.0,"key":"War Paint"},{"floor":20.0,"key":"Blue Candle"},{"floor":21.0,"key":"Pantograph"},{"floor":22.0,"key":"Blood Vial"},{"floor":23.0,"key":"CeramicFish"},{"floor":25.0,"key":"Centennial Puzzle"},{"floor":26.0,"key":"Gremlin Horn"},{"floor":28.0,"key":"Bronze Scales"},{"floor":29.0,"key":"Juzu Bracelet"},{"floor":30.0,"key":"Dream Catcher"},{"floor":35.0,"key":"InkBottle"},{"floor":36.0,"key":"Toxic Egg 2"},{"floor":37,"key":"Ginger"},{"floor":40,"key":"The Courier"},{"floor":40,"key":"Akabeko"},{"floor":43,"key":"Vajra"},{"floor":44,"key":"Bag of Preparation"},{"floor":44,"key":"Dead Branch"},{"floor":45,"key":"Ancient Tea Set"},{"floor":46,"key":"Yang"}],"event_choices":[{"damage_healed":0.0,"max_hp_gain":0.0,"max_hp_loss":0.0,"gold_gain":75.0,"event_name":"World of Goop","player_choice":"Gather Gold","floor":2.0,"gold_loss":0.0,"damage_taken":11.0},{"damage_healed":0.0,"max_hp_gain":0.0,"max_hp_loss":0.0,"gold_gain":0.0,"event_name":"Golden Idol","player_choice":"Take Wound","floor":4.0,"gold_loss":0.0,"damage_taken":0.0,"relics_obtained":["Golden Idol"],"cards_obtained":["Injury"]},{"cards_removed":["Defend_P"],"damage_healed":0.0,"max_hp_gain":0.0,"max_hp_loss":0.0,"gold_gain":0.0,"event_name":"Beggar","player_choice":"Gave Gold","floor":19.0,"gold_loss":75.0,"damage_taken":0.0},{"damage_healed":0.0,"max_hp_gain":0.0,"max_hp_loss":0.0,"gold_gain":0.0,"event_name":"Addict","player_choice":"Stole Relic","floor":31.0,"gold_loss":0.0,"damage_taken":0.0,"relics_obtained":["Bag of Marbles"],"cards_obtained":["Shame"]},{"damage_healed":0,"gold_gain":0,"player_choice":"Got Potions","damage_taken":0,"max_hp_gain":0,"max_hp_loss":0,"event_name":"Lab","floor":39,"gold_loss":0},{"damage_healed":36,"gold_gain":0,"player_choice":"Writhe","damage_taken":0,"max_hp_gain":0,"max_hp_loss":0,"event_name":"Winding Halls","floor":47,"gold_loss":0,"cards_obtained":["Writhe"]},{"cards_removed":["Normality"],"damage_healed":0,"gold_gain":0,"player_choice":"Purged","damage_taken":0,"max_hp_gain":0,"max_hp_loss":0,"event_name":"Purifier","floor":48,"gold_loss":0}],"is_beta":false,"boss_relics":[{"not_picked":["Ectoplasm","Empty Cage"],"picked":"SacredBark"},{"not_picked":["Tiny House","Velvet Choker"],"picked":"Black Star"}],"items_purged_floors":[38],"is_endless":false,"potions_floor_spawned":[3,5,6,12,13,14,16,18,20,21,22,23,25,28,29,30,33,35,36,37,40,44,46],"ascension_level":0}}