{"host":"fa35vd3kig5td25x","time":1610646836,"event":{"mods":["BaseMod","Colored Powertips","Minty Spire (QoL Compilation)","Relic Stats","Slay the Relics Exporter"],"gold_per_floor":[366,1,1,53,53,53,109,109,109,190,279,279,279,279],"floor_reached":13,"language":"ENG","playtime":505,"items_purged":[],"score":178,"play_id":"a178f61c-dd4f-4791-bfd5-74e4a792c593","local_time":"20210114185356","is_ascension_mode":true,"campfire_choices":[{"data":"HandOfGreed","floor":6,"key":"SMITH"},{"data":"Bash","floor":8,"key":"SMITH"}],"circlet_count":0,"master_deck":["AscendersBane","Strike_R","Strike_R","Strike_R","Strike_R","Strike_R","Defend_R","Defend_R","Defend_R","Defend_R","Bash+1","HandOfGreed+1","Twin Strike","Reaper","Carnage+1","Iron Wave+1"],"relics":["Burning Blood","Membership Card","Pen Nib","Golden Idol","Bag of Marbles","Molten Egg 2","Odd Mushroom","Kunai"],"acts_visited":["Exordium"],"potions_floor_usage":[7,11],"damage_taken":[{"damage":11,"enemies":"Jaw Worm","floor":1,"turns":6},{"damage":2,"enemies":"2 Louse","floor":4,"turns":5},{"damage":19,"enemies":"Lagavulin","floor":7,"turns":4},{"damage":27,"enemies":"The Mushroom Lair","floor":10,"turns":5},{"damage":10,"enemies":"3 Sentries","floor":11,"turns":5},{"damage":53,"enemies":"Lagavulin","floor":13,"turns":8}],"seed_played":"-8675715642852461216","potions_obtained":[{"floor":4,"key":"DuplicationPotion"}],"is_trial":false,"path_per_floor":["M","$","?","M","?","R","E","R","T","?","E","?","E"],"character_chosen":"IRONCLAD","items_purchased":["Membership Card","Pen Nib","HandOfGreed","AttackPotion"],"campfire_rested":0,"item_purchase_floors":[2,2,2,2],"current_hp_per_floor":[63,63,63,67,62,62,49,49,49,32,32,32,0,0],"gold":279,"neow_bonus":"TWO_FIFTY_GOLD","is_daily":false,"chose_seed":false,"campfire_upgraded":2,"win_rate":0.0,"timestamp":1610646836,"path_taken":["M","$","?","M","?","R","E","R","T","?","E","?","E"],"items_purchased_type":["Relic","Relic","Card","Potion"],"build_version":"2020-12-22","purchased_purges":0,"victory":false,"max_hp_per_floor":[68,68,68,68,62,62,62,62,62,62,62,62,62,62],"relic_stats":{"counters":[6,33],"Golden Idol":20,"Pen Nib":[3],"Kunai":[0],"obtain_stats":[{"Golden Idol":5,"Molten Egg 2":9,"Pen Nib":2,"Bag of Marbles":7,"Membership Card":2,"Kunai":11,"Odd Mushroom":10,"Burning Blood":0},{"Golden Idol":2,"Molten Egg 2":3,"Pen Nib":1,"Bag of Marbles":3,"Membership Card":1,"Kunai":5,"Odd Mushroom":4,"Burning Blood":0},{"Golden Idol":11,"Molten Egg 2":15,"Pen Nib":6,"Bag of Marbles":15,"Membership Card":6,"Kunai":25,"Odd Mushroom":20,"Burning Blood":0}],"Burning Blood":30},"card_choices":[{"not_picked":["Warcry","Iron Wave","Havoc"],"picked":"SKIP","floor":1},{"not_picked":["Cleave","Spot Weakness"],"picked":"Twin Strike","floor":4},{"not_picked":["Sword Boomerang","Flex"],"picked":"Reaper","floor":7},{"not_picked":["Dark Embrace","Twin Strike+1"],"picked":"Carnage+1","floor":10},{"not_picked":["Sever Soul+1","Seeing Red","Heavy Blade+1"],"picked":"SKIP","floor":11}],"player_experience":2924053,"relics_obtained":[{"floor":7,"key":"Bag of Marbles"},{"floor":9,"key":"Molten Egg 2"},{"floor":10,"key":"Odd Mushroom"},{"floor":11,"key":"Kunai"}],"event_choices":[{"damage_healed":0,"gold_gain":0,"player_choice":"Ignored","damage_taken":0,"max_hp_gain":0,"max_hp_loss":0,"event_name":"Liars Game","floor":3,"gold_loss":0},{"damage_healed":0,"gold_gain":0,"player_choice":"Lose Max HP","damage_taken":0,"relics_obtained":["Golden Idol"],"max_hp_gain":0,"max_hp_loss":6,"event_name":"Golden Idol","floor":5,"gold_loss":0},{"damage_healed":0,"gold_gain":0,"player_choice":"Fought Mushrooms","damage_taken":0,"max_hp_gain":0,"max_hp_loss":0,"event_name":"Mushrooms","floor":10,"gold_loss":0},{"damage_healed":0,"gold_gain":0,"player_choice":"1 cards matched","damage_taken":0,"max_hp_gain":0,"max_hp_loss":0,"event_name":"Match and Keep!","floor":12,"gold_loss":0,"cards_obtained":["Iron Wave"]}],"is_beta":false,"boss_relics":[],"items_purged_floors":[],"is_endless":false,"potions_floor_spawned":[4],"killed_by":"Lagavulin","ascension_level":20}}