{"host":"anox4050deqdcqoh","time":1610654837,"event":{"mods":["BaseMod","Colored Map","Highlight Path","Minty Spire (QoL Compilation)","Quick Restart","Rare Cards Sparkle","everything is the same but u backflip on backflip"],"gold_per_floor":[109,109,129,143,143,178,178,205,217,244,4,15,15,15,15,117,117,132,132,149,6,6,6],"floor_reached":22,"language":"ENG","playtime":2111,"items_purged":[],"score":223,"play_id":"36271f07-541f-4b55-8f23-27f0f223f603","local_time":"20210114150717","is_ascension_mode":true,"campfire_choices":[{"floor":7,"key":"REST"},{"floor":15,"key":"REST"}],"circlet_count":0,"master_deck":["Strike_B","Strike_B","Strike_B","Defend_B","Defend_B","Defend_B","Defend_B","Zap","Dualcast","Chill","Capacitor","Ball Lightning","Melter","Lockon","Loop","Conserve Battery","Buffer+1","Cold Snap+1","Glacier"],"relics":["Cracked Core","Regal Pillow","Strawberry","CultistMask","FossilizedHelix","MawBank","The Courier","Membership Card","Mummified Hand","Inserter","Emotion Chip"],"acts_visited":["Exordium","TheCity"],"potions_floor_usage":[8,16,20,22],"damage_taken":[{"damage":0,"enemies":"Small Slimes","floor":1,"turns":4},{"damage":2,"enemies":"Jaw Worm","floor":3,"turns":4},{"damage":0,"enemies":"Cultist","floor":4,"turns":3},{"damage":45,"enemies":"Lagavulin","floor":6,"turns":9},{"damage":16,"enemies":"Gremlin Nob","floor":8,"turns":4},{"damage":0,"enemies":"3 Louse","floor":10,"turns":3},{"damage":0,"enemies":"Exordium Wildlife","floor":12,"turns":2},{"damage":29,"enemies":"Hexaghost","floor":16,"turns":9},{"damage":39,"enemies":"2 Thieves","floor":18,"turns":5},{"damage":24,"enemies":"3 Byrds","floor":20,"turns":6},{"damage":24,"enemies":"Centurion and Healer","floor":22,"turns":10}],"seed_played":"-1810812213038579118","potions_obtained":[{"floor":1,"key":"Dexterity Potion"},{"floor":6,"key":"CultistPotion"},{"floor":8,"key":"BlessingOfTheForge"},{"floor":10,"key":"Energy Potion"},{"floor":20,"key":"Strength Potion"}],"is_trial":false,"path_per_floor":["M","?","M","M","?","E","R","E","T","M","$","M","?","$","R","B",null,"M","?","M","$","M"],"character_chosen":"DEFECT","items_purchased":["Membership Card","Mummified Hand","Loop","Emotion Chip","Explosive Potion"],"campfire_rested":2,"item_purchase_floors":[11,11,11,21,21],"current_hp_per_floor":[75,64,62,62,62,17,56,40,40,40,40,40,33,33,72,43,82,43,43,19,19,0,0],"gold":6,"neow_bonus":"RANDOM_COMMON_RELIC","is_daily":false,"chose_seed":false,"campfire_upgraded":0,"win_rate":0.0,"timestamp":1610654837,"path_taken":["M","?","M","M","?","E","R","E","T","M","$","?","?","?","R","BOSS","M","?","M","$","?"],"items_purchased_type":["Relic","Relic","Card","Relic","Potion"],"build_version":"2020-12-22","purchased_purges":0,"victory":false,"max_hp_per_floor":[75,82,82,82,82,82,82,82,82,82,82,82,82,82,82,82,82,82,82,82,82,82,82],"card_choices":[{"not_picked":["Gash","Redo"],"picked":"Chill","floor":1},{"not_picked":["Sunder","Heatsinks"],"picked":"Capacitor","floor":3},{"not_picked":["Hologram","Barrage"],"picked":"Ball Lightning","floor":4},{"not_picked":["Compile Driver","FTL"],"picked":"Melter","floor":6},{"not_picked":["Undo","Steam Power"],"picked":"Lockon","floor":8},{"not_picked":["Steam","Consume","Turbo"],"picked":"SKIP","floor":10},{"not_picked":["Go for the Eyes","Turbo"],"picked":"Conserve Battery","floor":12},{"not_picked":["All For One","Hyperbeam"],"picked":"Buffer","floor":16},{"not_picked":["Tempest","Sweeping Beam"],"picked":"Cold Snap+1","floor":18},{"not_picked":["Skim","Go for the Eyes"],"picked":"Glacier","floor":20}],"player_experience":331721,"relics_obtained":[{"floor":6,"key":"FossilizedHelix"},{"floor":8,"key":"MawBank"},{"floor":9,"key":"The Courier"}],"event_choices":[{"damage_healed":0,"gold_gain":0,"player_choice":"Success","damage_taken":18,"relics_obtained":["Strawberry"],"max_hp_gain":0,"max_hp_loss":0,"event_name":"Scrap Ooze","floor":2,"gold_loss":0},{"damage_healed":0,"gold_gain":0,"player_choice":"Trade","damage_taken":0,"relics_obtained":["CultistMask"],"max_hp_gain":0,"max_hp_loss":0,"event_name":"FaceTrader","floor":5,"gold_loss":0},{"cards_removed":["Strike_B"],"damage_healed":0,"gold_gain":0,"player_choice":"Card Removal","damage_taken":7,"max_hp_gain":0,"max_hp_loss":0,"event_name":"Golden Wing","floor":13,"gold_loss":0},{"damage_healed":0,"gold_gain":0,"player_choice":"Forge","damage_taken":0,"max_hp_gain":0,"max_hp_loss":0,"event_name":"Accursed Blacksmith","floor":19,"gold_loss":0,"cards_upgraded":["Buffer"]}],"is_beta":false,"boss_relics":[{"not_picked":["Ectoplasm","Busted Crown"],"picked":"Inserter"}],"items_purged_floors":[],"is_endless":false,"potions_floor_spawned":[1,6,8,10,20],"killed_by":"Centurion and Healer","ascension_level":3}}