{"host":"krqozg1tp0zpuvz3","time":1610623204,"event":{"mods":["AchievementEnabler","BaseMod","Colored Map","DeckTracker","Keyboard Shortcuts","Minty Spire (QoL Compilation)","Permanent Neow","Relic Stats","Shop Mod","SuperFastMode"],"gold_per_floor":[114,35,51,51,61,61,96,96,143,157,172,187,187,222,222,300,300,313,363,377,377,377],"floor_reached":21,"language":"KOR","playtime":392,"items_purged":[],"score":470,"play_id":"c8dc706e-99ed-4798-bc99-1fe8f884671e","local_time":"20210114202004","is_ascension_mode":true,"campfire_choices":[{"data":"Hyperbeam","floor":6,"key":"SMITH"},{"data":"Streamline","floor":8,"key":"SMITH"},{"floor":13,"key":"REST"},{"floor":15,"key":"REST"}],"circlet_count":0,"master_deck":["AscendersBane","Strike_B","Strike_B","Strike_B","Strike_B","Defend_B","Defend_B","Defend_B+1","Defend_B+1","Zap","Dualcast","Hyperbeam+1","Ball Lightning","Melter","Gash","Consume","Streamline+1","Cold Snap","Genetic Algorithm","Compile Driver","Rainbow","Core Surge","Sunder","Hologram"],"relics":["Cracked Core","Vajra","War Paint","Torii","Nuclear Battery"],"acts_visited":["Exordium","TheCity"],"potions_floor_usage":[10],"damage_taken":[{"damage":1,"enemies":"Cultist","floor":1,"turns":3},{"damage":2,"enemies":"Jaw Worm","floor":3,"turns":3},{"damage":0,"enemies":"2 Louse","floor":5,"turns":1},{"damage":15,"enemies":"3 Sentries","floor":7,"turns":3},{"damage":20,"enemies":"Large Slime","floor":10,"turns":4},{"damage":6,"enemies":"Looter","floor":11,"turns":3},{"damage":13,"enemies":"Red Slaver","floor":12,"turns":2},{"damage":25,"enemies":"Gremlin Nob","floor":14,"turns":4},{"damage":0,"enemies":"Slime Boss","floor":16,"turns":4},{"damage":11,"enemies":"Chosen","floor":18,"turns":4},{"damage":23,"enemies":"2 Thieves","floor":20,"turns":4},{"damage":31,"enemies":"Shelled Parasite and Fungi","floor":21,"turns":2}],"seed_played":"6175533801286946742","potions_obtained":[{"floor":3,"key":"ColorlessPotion"},{"floor":7,"key":"SteroidPotion"},{"floor":10,"key":"LiquidMemories"},{"floor":14,"key":"Weak Potion"}],"is_trial":false,"path_per_floor":["M","$","M","$","M","R","E","R","T","M","M","M","R","E","R","B",null,"M","?","M","M"],"character_chosen":"DEFECT","items_purchased":["Melter"],"campfire_rested":2,"item_purchase_floors":[2],"current_hp_per_floor":[63,63,61,61,61,61,46,46,46,26,20,7,28,3,24,24,59,48,48,25,0,0],"gold":377,"neow_bonus":"ONE_RANDOM_RARE_CARD","is_daily":false,"chose_seed":false,"campfire_upgraded":2,"win_rate":0.0,"timestamp":1610623204,"path_taken":["M","$","M","?","M","R","E","R","T","M","M","M","R","E","R","BOSS","M","?","M","M"],"items_purchased_type":["Card"],"build_version":"2020-12-22","purchased_purges":0,"victory":false,"max_hp_per_floor":[71,71,71,71,71,71,71,71,71,71,71,71,71,71,71,71,71,71,71,71,71,71],"relic_stats":{"Torii":8,"counters":[12,37],"War Paint":["Defend_B","Defend_B"],"obtain_stats":[{"Torii":14,"Vajra":7,"War Paint":9,"Cracked Core":0,"Nuclear Battery":17},{"Torii":8,"Vajra":4,"War Paint":4,"Cracked Core":0,"Nuclear Battery":9},{"Torii":23,"Vajra":10,"War Paint":10,"Cracked Core":0,"Nuclear Battery":27}]},"card_choices":[{"not_picked":["Redo","Recycle"],"picked":"Ball Lightning","floor":1},{"not_picked":["Steam Power","Turbo"],"picked":"Gash","floor":3},{"not_picked":["Turbo","FTL"],"picked":"Consume","floor":5},{"not_picked":["Conserve Battery","Beam Cell"],"picked":"Streamline","floor":7},{"not_picked":["Sweeping Beam","Redo"],"picked":"Cold Snap","floor":10},{"not_picked":["Ball Lightning","Reinforced Body"],"picked":"Genetic Algorithm","floor":11},{"not_picked":["Stack","Scrape"],"picked":"Compile Driver","floor":12},{"not_picked":["Barrage","Darkness"],"picked":"Rainbow","floor":14},{"not_picked":["Meteor Strike","Hyperbeam"],"picked":"Core Surge","floor":16},{"not_picked":["Streamline","Conserve Battery"],"picked":"Sunder","floor":18},{"not_picked":["Static Discharge","Stack"],"picked":"Hologram","floor":20}],"player_experience":286570,"relics_obtained":[{"floor":7,"key":"Vajra"},{"floor":9,"key":"War Paint"},{"floor":14,"key":"Torii"}],"event_choices":[{"damage_healed":0,"gold_gain":50,"player_choice":"Pray","damage_taken":0,"max_hp_gain":0,"max_hp_loss":0,"event_name":"Golden Shrine","floor":19,"gold_loss":0}],"is_beta":false,"boss_relics":[{"not_picked":["Busted Crown","Tiny House"],"picked":"Nuclear Battery"}],"items_purged_floors":[],"is_endless":false,"potions_floor_spawned":[3,7,10,14,18,20],"killed_by":"Shelled Parasite and Fungi","ascension_level":19}}