{"host":"kqe6w2igxc79vo14","time":1610630174,"event":{"mods":["AchievementEnabler","BaseMod","Downfall","Minty Spire (QoL Compilation)","Quick Restart","StSLib"],"gold_per_floor":[18,31,31,47,65,90,102,5,31,49,49,49,49,65,65,167,167,184,42,59,59,30,63,63,63,63,63,138,138,163,181,181,282,282,300,300,319,114,133,133,133],"floor_reached":40,"language":"ENG","playtime":1970,"items_purged":["Strike_R","Writhe"],"score":699,"play_id":"74631d59-1895-45b7-bb06-c2600e5bc593","local_time":"20210114151614","is_ascension_mode":true,"campfire_choices":[{"data":"Barricade","floor":13.0,"key":"SMITH"},{"data":"Perfected Strike","floor":15.0,"key":"SMITH"},{"data":"True Grit","floor":29,"key":"SMITH"},{"data":"Body Slam","floor":32,"key":"SMITH"}],"circlet_count":0,"master_deck":["AscendersBane","Strike_R","Strike_R","Strike_R","Defend_R","Defend_R","Defend_R","Defend_R","Bash","Apotheosis+1","Thunderclap","Perfected Strike+1","Flame Barrier","Flash of Steel","Barricade+1","Impervious","Clash","Body Slam+1","Metallicize","Flame Barrier","Metallicize","True Grit+1","Warcry+1","Juggernaut","Infernal Blade+1","Intimidate","Ghostly Armor","Dark Embrace","Evolve"],"relics":["Burning Blood","Omamori","Akabeko","Art of War","Nunchaku","Calling Bell","Vajra","The Courier","Dead Branch","Charon\u0027s Ashes","Toy Ornithopter","Molten Egg 2","Gremlin Horn","Happy Flower","Coffee Dripper"],"acts_visited":["Exordium","TheCity","TheBeyond"],"potions_floor_usage":[23,30],"damage_taken":[{"damage":0.0,"enemies":"Small Slimes","floor":1.0,"turns":3.0},{"damage":2.0,"enemies":"Cultist","floor":2.0,"turns":4.0},{"damage":3.0,"enemies":"2 Louse","floor":4.0,"turns":3.0},{"damage":6.0,"enemies":"Looter","floor":5.0,"turns":3.0},{"damage":24.0,"enemies":"Lagavulin","floor":6.0,"turns":7.0},{"damage":23.0,"enemies":"Lots of Slimes","floor":7.0,"turns":4.0},{"damage":9.0,"enemies":"2 Fungi Beasts","floor":10.0,"turns":3.0},{"damage":6.0,"enemies":"Blue Slaver","floor":14.0,"turns":3.0},{"damage":56.0,"enemies":"Hexaghost","floor":16.0,"turns":11.0},{"damage":5,"enemies":"Shell Parasite","floor":18,"turns":7},{"damage":1,"enemies":"Spheric Guardian","floor":20,"turns":7},{"damage":17,"enemies":"Slavers","floor":23,"turns":6},{"damage":21,"enemies":"Book of Stabbing","floor":30,"turns":5},{"damage":12,"enemies":"Centurion and Healer","floor":31,"turns":7},{"damage":9,"enemies":"Champ","floor":33,"turns":11},{"damage":15,"enemies":"3 Darklings","floor":35,"turns":6},{"damage":3,"enemies":"Orb Walker","floor":37,"turns":3},{"damage":0,"enemies":"Maw","floor":39,"turns":8},{"damage":101,"enemies":"Giant Head","floor":40,"turns":10}],"seed_played":"-8227438896479406954","potions_obtained":[{"floor":2.0,"key":"sneckomod:MuddlingPotion"},{"floor":4.0,"key":"BloodPotion"},{"floor":14.0,"key":"Strength Potion"},{"floor":23,"key":"CultistPotion"},{"floor":30,"key":"Guardian:BlockOnCardUsePotion"},{"floor":31,"key":"Strength Potion"}],"is_trial":false,"path_per_floor":["M","M","?","M","M","E","M","$","T","M","?","?","R","M","R","B",null,"M","$","M","$","$","E","?","?","T","?","T","R","E","M","R","B",null,"M","?","M","$","M","E"],"character_chosen":"IRONCLAD","items_purchased":["Flash of Steel","Body Slam","Metallicize","Metallicize","Dark Embrace","Evolve"],"campfire_rested":0,"item_purchase_floors":[8,19,19,22,38,38],"current_hp_per_floor":[78,80,80,80,80,62,45,45,45,42,42,42,42,42,42,8,62,63,63,68,68,68,57,57,57,57,57,57,57,47,41,41,38,70,61,61,64,64,70,0,0],"gold":133,"neow_bonus":"RANDOM_COLORLESS_2","is_daily":false,"chose_seed":false,"campfire_upgraded":4,"win_rate":0.0,"timestamp":1610630174,"path_taken":["M","M","?","?","M","E","M","$","T","M","?","?","R","M","R","BOSS","M","$","M","?","$","E","?","?","T","?","?","R","E","?","R","BOSS","M","?","?","$","M","E"],"items_purchased_type":["Card","Card","Card","Card","Card","Card"],"build_version":"2020-12-22","purchased_purges":2,"victory":false,"max_hp_per_floor":[80,80,80,80,80,80,80,80,80,80,80,80,80,80,80,80,80,80,80,80,80,80,80,80,80,80,80,80,80,80,80,80,80,80,80,80,80,80,80,80,80],"card_choices":[{"not_picked":["Metamorphosis","Mayhem"],"picked":"Apotheosis","floor":0.0},{"not_picked":["Havoc","Pummel"],"picked":"Thunderclap","floor":1.0},{"not_picked":["Pummel","Dark Embrace"],"picked":"Perfected Strike","floor":2.0},{"not_picked":["True Grit","Ghostly Armor","Thunderclap"],"picked":"SKIP","floor":4.0},{"not_picked":["Burning Pact","Clash","Armaments"],"picked":"SKIP","floor":5.0},{"not_picked":["Pummel","Thunderclap","Anger"],"picked":"SKIP","floor":6.0},{"not_picked":["Armaments","Thunderclap"],"picked":"Flame Barrier","floor":7.0},{"not_picked":["Clothesline","Body Slam"],"picked":"Barricade","floor":10.0},{"not_picked":["Headbutt","True Grit","Clothesline"],"picked":"SKIP","floor":14.0},{"not_picked":["Limit Break","Double Tap"],"picked":"Impervious","floor":16.0},{"not_picked":["True Grit","Twin Strike"],"picked":"Clash","floor":18},{"not_picked":["Brutality","Second Wind"],"picked":"Flame Barrier","floor":20},{"not_picked":["Pommel Strike+1","Dual Wield","Thunderclap"],"picked":"SKIP","floor":23},{"not_picked":["Havoc","Double Tap","Dark Embrace+1"],"picked":"SKIP","floor":30},{"not_picked":["Wild Strike+1","Armaments"],"picked":"Warcry+1","floor":31},{"not_picked":["Reaper+1","Immolate+1"],"picked":"Juggernaut","floor":33},{"not_picked":["Heavy Blade+1","Power Through+1"],"picked":"Infernal Blade+1","floor":35},{"not_picked":["Rampage+1","Battle Trance+1"],"picked":"Ghostly Armor","floor":37},{"not_picked":["Twin Strike+1","Perfected Strike+1","Hemokinesis+1"],"picked":"SKIP","floor":39}],"player_experience":898663,"relics_obtained":[{"floor":6.0,"key":"Omamori"},{"floor":9.0,"key":"Akabeko"},{"floor":17.0,"key":"Vajra"},{"floor":17.0,"key":"The Courier"},{"floor":17.0,"key":"Dead Branch"},{"floor":23,"key":"Charon\u0027s Ashes"},{"floor":26,"key":"Molten Egg 2"},{"floor":28,"key":"Gremlin Horn"},{"floor":30,"key":"Happy Flower"}],"event_choices":[{"damage_healed":0.0,"max_hp_gain":0.0,"max_hp_loss":0.0,"gold_gain":0.0,"event_name":"Accursed Blacksmith","player_choice":"Forge","floor":3.0,"gold_loss":0.0,"damage_taken":0.0,"cards_upgraded":["Apotheosis"]},{"damage_healed":0.0,"max_hp_gain":0.0,"max_hp_loss":0.0,"gold_gain":0.0,"event_name":"Big Fish","player_choice":"Box","floor":11.0,"gold_loss":0.0,"damage_taken":0.0,"relics_obtained":["Art of War"],"cards_obtained":["Regret"]},{"damage_healed":0.0,"max_hp_gain":0.0,"max_hp_loss":0.0,"gold_gain":0.0,"event_name":"WeMeetAgain","player_choice":"Gave Potion","floor":12.0,"gold_loss":0.0,"damage_taken":0.0,"relics_obtained":["Nunchaku"]},{"damage_healed":0,"gold_gain":0,"player_choice":"Ignored","damage_taken":0,"max_hp_gain":0,"max_hp_loss":0,"event_name":"Ghosts","floor":24,"gold_loss":0},{"damage_healed":0,"gold_gain":0,"player_choice":"Opened","damage_taken":0,"relics_obtained":["Toy Ornithopter"],"max_hp_gain":0,"max_hp_loss":0,"event_name":"The Mausoleum","floor":25,"gold_loss":0,"cards_obtained":["Writhe"]},{"damage_healed":0,"gold_gain":0,"player_choice":"Read","damage_taken":0,"max_hp_gain":0,"max_hp_loss":0,"event_name":"The Library","floor":27,"gold_loss":0,"cards_obtained":["True Grit"]},{"damage_healed":0,"gold_gain":0,"cards_transformed":["Strike_R"],"player_choice":"Transformed","damage_taken":0,"max_hp_gain":0,"max_hp_loss":0,"event_name":"Transmorgrifier","floor":36,"gold_loss":0,"cards_obtained":["Intimidate"]}],"is_beta":false,"boss_relics":[{"not_picked":["SlaversCollar","Ectoplasm"],"picked":"Calling Bell"},{"not_picked":["Mark of Pain","Sozu"],"picked":"Coffee Dripper"}],"items_purged_floors":[19,38],"is_endless":false,"potions_floor_spawned":[2,4,7,14,23,30,31,39],"killed_by":"Giant Head","ascension_level":11}}