{"host":"eu5wvbbtjeiar27l","time":1610640273,"event":{"mods":["Astrologer","BaseMod","Colored Powertips","Conspire","Energized Spire","Hubris","Infinite Spire","Mad Scientist","Melee Mod","Minty Spire (QoL Compilation)","Potionbrewer","Rare Cards Sparkle","StSLib","The Construct","The Factory","The Jungle","The Runesmith","The Valiant","Treasure Hunter","themimic","vexMod"],"gold_per_floor":[119,119,119,144,144,144,144,144],"floor_reached":7,"language":"ENG","playtime":303,"items_purged":[],"score":39,"play_id":"93d7104f-827b-49cc-8e03-63fad58e27b6","local_time":"20210114160433","is_ascension_mode":false,"campfire_choices":[{"data":"construct:DefenseMode","floor":6,"key":"SMITH"}],"circlet_count":0,"master_deck":["construct:Strike_Gold","construct:Strike_Gold","construct:Strike_Gold","construct:Strike_Gold","construct:Strike_Gold","construct:Defend_Gold","construct:Defend_Gold","construct:Defend_Gold","construct:Defend_Gold","construct:Defend_Gold","construct:DefenseMode+1","construct:Autoturret+1","construct:Tumble"],"relics":["construct:Cogwheel","Golden Idol"],"acts_visited":["Exordium"],"potions_floor_usage":[],"damage_taken":[{"damage":0,"enemies":"2 Louse","floor":1,"turns":4},{"damage":0,"enemies":"Cultist","floor":4,"turns":7},{"damage":93,"enemies":"Gremlin Nob","floor":7,"turns":8}],"seed_played":"8096871798879476459","potions_obtained":[{"floor":1,"key":"Dexterity Potion"}],"is_trial":false,"path_per_floor":["M","?","?","M","?","R","E"],"character_chosen":"THE_CONSTRUCT_MOD","items_purchased":[],"campfire_rested":0,"item_purchase_floors":[],"current_hp_per_floor":[93,86,86,86,86,86,0,0],"gold":144,"neow_bonus":"TEN_PERCENT_HP_BONUS","is_daily":false,"chose_seed":false,"campfire_upgraded":1,"win_rate":0.0,"timestamp":1610640273,"path_taken":["M","?","?","M","?","R","E"],"items_purchased_type":[],"build_version":"2020-12-22","purchased_purges":0,"victory":false,"max_hp_per_floor":[93,86,86,86,86,86,86,86],"card_choices":[{"not_picked":["construct:Forcefield","construct:VentSteam"],"picked":"construct:Autoturret","floor":1},{"not_picked":["construct:FocusedBeam","construct:Reinforce"],"picked":"construct:Tumble","floor":4}],"player_experience":172554,"relics_obtained":[],"event_choices":[{"damage_healed":0,"gold_gain":0,"player_choice":"Lose Max HP","damage_taken":0,"relics_obtained":["Golden Idol"],"max_hp_gain":0,"max_hp_loss":7,"event_name":"Golden Idol","floor":2,"gold_loss":0},{"cards_removed":["construct:AttackMode"],"damage_healed":0,"gold_gain":0,"player_choice":"Purged","damage_taken":0,"max_hp_gain":0,"max_hp_loss":0,"event_name":"Purifier","floor":5,"gold_loss":0}],"is_beta":false,"boss_relics":[],"items_purged_floors":[],"is_endless":false,"potions_floor_spawned":[1],"killed_by":"Gremlin Nob","ascension_level":0}}