{"host":"obplhmlw33xb91v8","time":1610647998,"event":{"mods":["BaseMod","Block Reminder","Curses Come First","Evolution","Minty Spire (QoL Compilation)","Quick Restart","Relic Stats","Spicy Shops","StSLib","Uncapped","Waifu the Spire","slay the spire mod where everything is the same but ironclad has a cowboy hat"],"gold_per_floor":[116,116,134,134,146,179,192,209,209,209,228,242,242,242,242,347,347,362,382,63,63,63,63],"floor_reached":22,"language":"ENG","playtime":790,"items_purged":[],"score":226,"play_id":"8cc96f0b-eccb-408d-94d8-4622ada5c7b5","local_time":"20210114131318","is_ascension_mode":true,"campfire_choices":[{"floor":10,"key":"REST"},{"floor":13,"key":"REST"},{"floor":15,"key":"REST"}],"circlet_count":0,"master_deck":["Wild Strike","Wild Strike","Bash","Shrug It Off","True Grit","Exhume","Thunderclap","True Grit","Feed","Cleave","Disarm","Thunderclap","Burning Pact","Feed","Sever Soul","Metallicize","Body Slam+1"],"relics":["EVO:Axolotl","Black Star","Lantern","Gremlin Horn","TungstenRod","Pandora\u0027s Box","Omamori","Blue Candle","WarpedTongs"],"acts_visited":["Exordium","TheCity"],"potions_floor_usage":[8,14,16,19],"damage_taken":[{"damage":7,"enemies":"Small Slimes","floor":1,"turns":4},{"damage":1,"enemies":"2 Louse","floor":3,"turns":2},{"damage":6,"enemies":"Cultist","floor":5,"turns":3},{"damage":52,"enemies":"Lagavulin","floor":6,"turns":7},{"damage":0,"enemies":"3 Louse","floor":7,"turns":2},{"damage":1,"enemies":"Exordium Thugs","floor":8,"turns":4},{"damage":14,"enemies":"2 Fungi Beasts","floor":11,"turns":4},{"damage":9,"enemies":"Red Slaver","floor":12,"turns":3},{"damage":58,"enemies":"Slime Boss","floor":16,"turns":10},{"damage":17,"enemies":"3 Byrds","floor":18,"turns":5},{"damage":31,"enemies":"Shell Parasite","floor":19,"turns":8},{"damage":46,"enemies":"Chosen and Byrds","floor":22,"turns":8}],"seed_played":"2735238190448069795","potions_obtained":[{"floor":5,"key":"EssenceOfSteel"},{"floor":6,"key":"Energy Potion"},{"floor":8,"key":"FearPotion"},{"floor":14,"key":"EntropicBrew"},{"floor":19,"key":"LiquidBronze"}],"is_trial":false,"path_per_floor":["M","?","M","?","M","E","M","M","T","R","M","M","R","?","R","B",null,"M","M","$","?","M"],"character_chosen":"IRONCLAD","items_purchased":["Omamori","Blue Candle"],"campfire_rested":3,"item_purchase_floors":[20,20],"current_hp_per_floor":[73,73,72,72,66,14,14,13,13,37,23,14,38,38,62,4,80,66,35,35,35,0,0],"gold":63,"neow_bonus":"BOSS_RELIC","is_daily":false,"chose_seed":false,"campfire_upgraded":0,"win_rate":0.0,"timestamp":1610647998,"path_taken":["M","?","M","?","M","E","M","M","T","R","M","M","R","?","R","BOSS","M","M","?","?","M"],"items_purchased_type":["Relic","Relic"],"build_version":"2020-12-22","purchased_purges":0,"victory":false,"max_hp_per_floor":[80,80,80,80,80,80,80,80,80,80,80,80,80,80,80,80,80,83,83,83,83,83,83],"relic_stats":{"Gremlin Horn":[9,9],"counters":[12,60],"Blue Candle":[0],"Pandora\u0027s Box":["Cleave","Disarm","Thunderclap","Burning Pact","Feed","Sever Soul"],"Black Star":1,"obtain_stats":[{"Lantern":6,"Gremlin Horn":6,"Blue Candle":20,"Pandora\u0027s Box":17,"Black Star":0,"Omamori":20,"EVO:Axolotl":0,"Burning Blood":0,"TungstenRod":9,"WarpedTongs":21},{"Lantern":4,"Gremlin Horn":4,"Blue Candle":11,"Pandora\u0027s Box":9,"Black Star":0,"Omamori":11,"EVO:Axolotl":0,"Burning Blood":0,"TungstenRod":6,"WarpedTongs":11},{"Lantern":16,"Gremlin Horn":16,"Blue Candle":52,"Pandora\u0027s Box":39,"Black Star":0,"Omamori":52,"EVO:Axolotl":0,"Burning Blood":0,"TungstenRod":22,"WarpedTongs":52}],"TungstenRod":37,"WarpedTongs":[8]},"card_choices":[{"not_picked":["Havoc","Combust","Perfected Strike"],"picked":"SKIP","floor":1},{"not_picked":["Blood for Blood","Headbutt","Havoc"],"picked":"SKIP","floor":3},{"not_picked":["Twin Strike","Hemokinesis"],"picked":"True Grit","floor":5},{"not_picked":["Warcry","Headbutt"],"picked":"Exhume","floor":6},{"not_picked":["True Grit","Flex"],"picked":"Thunderclap","floor":7},{"not_picked":["Anger","Rage","Thunderclap"],"picked":"SKIP","floor":8},{"not_picked":["Wild Strike","Flex"],"picked":"True Grit","floor":11},{"not_picked":["Double Tap","Perfected Strike","Hemokinesis"],"picked":"SKIP","floor":12},{"not_picked":["Exhume","Corruption"],"picked":"Feed","floor":16},{"not_picked":["Armaments","Wild Strike"],"picked":"Metallicize","floor":18},{"not_picked":["Anger+1","Perfected Strike+1"],"picked":"Body Slam+1","floor":19}],"player_experience":196525,"relics_obtained":[{"floor":6,"key":"Lantern"},{"floor":6,"key":"Gremlin Horn"},{"floor":9,"key":"TungstenRod"}],"event_choices":[{"damage_healed":0,"gold_gain":0,"cards_transformed":["Strike_R"],"player_choice":"Change","damage_taken":0,"max_hp_gain":0,"max_hp_loss":0,"event_name":"Living Wall","floor":2,"gold_loss":0,"cards_obtained":["Shrug It Off"]},{"damage_healed":0,"gold_gain":0,"player_choice":"Ignored","damage_taken":0,"max_hp_gain":0,"max_hp_loss":0,"event_name":"Liars Game","floor":4,"gold_loss":0},{"damage_healed":0,"gold_gain":0,"player_choice":"Got Potions","damage_taken":0,"max_hp_gain":0,"max_hp_loss":0,"event_name":"Lab","floor":14,"gold_loss":0},{"damage_healed":0,"gold_gain":0,"player_choice":"Rummage","damage_taken":0,"relics_obtained":["WarpedTongs"],"max_hp_gain":0,"max_hp_loss":0,"event_name":"Accursed Blacksmith","floor":21,"gold_loss":0,"cards_obtained":["Pain"]}],"is_beta":false,"boss_relics":[{"not_picked":["SacredBark","Runic Dome"],"picked":"Pandora\u0027s Box"}],"items_purged_floors":[],"is_endless":false,"potions_floor_spawned":[5,6,8,19],"killed_by":"Chosen and Byrds","ascension_level":4}}