{"host":"4ag909k4xupnj24b","time":1610612468,"event":{"mods":["BaseMod","Minty Spire (QoL Compilation)","StSLib"],"gold_per_floor":[119,194,204,223,240,240,267,267,267,311,368,387,387,387,387,387,387],"floor_reached":16,"language":"ENG","playtime":769,"items_purged":[],"score":153,"play_id":"6a178112-70b3-4f2d-b864-3188a19b7a4d","local_time":"20210114002108","is_ascension_mode":true,"campfire_choices":[{"floor":6.0,"key":"REST"},{"data":"Wish","floor":8.0,"key":"SMITH"},{"floor":13,"key":"REST"},{"floor":15,"key":"REST"}],"circlet_count":0,"master_deck":["AscendersBane","Strike_P","Strike_P","Strike_P","Strike_P","Defend_P","Defend_P","Defend_P","Defend_P","Eruption","Vigilance","ConjureBlade","EmptyBody","CutThroughFate","InnerPeace","Wish+1","MentalFortress","Wallop","FollowUp","WheelKick"],"relics":["PureWater","Incense Burner","GoldenEye","Du-Vu Doll","Juzu Bracelet"],"acts_visited":["Exordium"],"potions_floor_usage":[11,16],"damage_taken":[{"damage":0.0,"enemies":"2 Louse","floor":1.0,"turns":2.0},{"damage":0.0,"enemies":"Cultist","floor":3.0,"turns":2.0},{"damage":0.0,"enemies":"Small Slimes","floor":4.0,"turns":4.0},{"damage":21.0,"enemies":"3 Louse","floor":5.0,"turns":5.0},{"damage":6.0,"enemies":"3 Sentries","floor":7.0,"turns":12.0},{"damage":23.0,"enemies":"Large Slime","floor":10.0,"turns":9.0},{"damage":10,"enemies":"Gremlin Nob","floor":11,"turns":5},{"damage":8,"enemies":"2 Fungi Beasts","floor":12,"turns":4},{"damage":51,"enemies":"Hexaghost","floor":16,"turns":11}],"seed_played":"3738668008287235255","potions_obtained":[{"floor":3.0,"key":"DuplicationPotion"},{"floor":4.0,"key":"DuplicationPotion"},{"floor":7.0,"key":"GamblersBrew"}],"is_trial":false,"path_per_floor":["M","?","M","M","M","R","E","R","T","M","?","M","R","?","R","B"],"character_chosen":"WATCHER","items_purchased":[],"campfire_rested":3,"item_purchase_floors":[],"current_hp_per_floor":[65,58,58,58,37,58,52,52,52,29,19,11,32,29,50,0,0],"gold":387,"neow_bonus":"ONE_RANDOM_RARE_CARD","is_daily":false,"chose_seed":false,"campfire_upgraded":1,"win_rate":0.0,"timestamp":1610612468,"path_taken":["M","?","M","?","M","R","E","R","T","M","?","M","R","?","R","BOSS"],"items_purchased_type":[],"build_version":"2020-12-22","purchased_purges":0,"victory":false,"max_hp_per_floor":[72,72,72,72,72,72,72,72,72,72,72,72,72,72,72,72,72],"card_choices":[{"not_picked":["PathToVictory","Evaluate"],"picked":"EmptyBody","floor":1.0},{"not_picked":["WheelKick","InnerPeace"],"picked":"CutThroughFate","floor":3.0},{"not_picked":["EmptyBody","Halt"],"picked":"InnerPeace","floor":4.0},{"not_picked":["EmptyMind","JustLucky"],"picked":"Wish","floor":5.0},{"not_picked":["BowlingBash","EmptyBody"],"picked":"MentalFortress","floor":7.0},{"not_picked":["JustLucky","SashWhip"],"picked":"Wallop","floor":10.0},{"not_picked":["ClearTheMind","Pray"],"picked":"FollowUp","floor":11},{"not_picked":["PathToVictory","WaveOfTheHand"],"picked":"WheelKick","floor":12}],"player_experience":831285,"relics_obtained":[{"floor":7.0,"key":"Incense Burner"},{"floor":9.0,"key":"GoldenEye"},{"floor":11,"key":"Du-Vu Doll"}],"event_choices":[{"damage_healed":0.0,"max_hp_gain":0.0,"max_hp_loss":0.0,"gold_gain":75.0,"event_name":"FaceTrader","player_choice":"Touch","floor":2.0,"gold_loss":0.0,"damage_taken":7.0},{"damage_healed":0,"gold_gain":0,"player_choice":"Searched \u00271\u0027 times","damage_taken":0,"max_hp_gain":0,"max_hp_loss":0,"event_name":"Dead Adventurer","floor":11,"gold_loss":0},{"damage_healed":0,"gold_gain":0,"player_choice":"Success","damage_taken":3,"relics_obtained":["Juzu Bracelet"],"max_hp_gain":0,"max_hp_loss":0,"event_name":"Scrap Ooze","floor":14,"gold_loss":0}],"is_beta":false,"boss_relics":[],"items_purged_floors":[],"is_endless":false,"potions_floor_spawned":[3,4,7],"killed_by":"Hexaghost","ascension_level":10}}