{"host":"g01l53quoe6lrer0","time":1610666261,"event":{"mods":["2.2 Compatiblity","AchievementEnabler","BaseMod","Colored Map","Highlight Path","Keyboard Shortcuts","Minty Spire (QoL Compilation)","Permanent Neow","StSLib","SuperFastMode","everything is the same but u backflip on backflip"],"gold_per_floor":[115,135,151,169,186,212,229,229,229],"floor_reached":8,"language":"KOR","playtime":292,"items_purged":[],"score":118,"play_id":"727fb6e8-723e-4b6d-850a-096cace65c38","local_time":"20210115081741","is_ascension_mode":true,"campfire_choices":[],"circlet_count":0,"master_deck":["AscendersBane","Strike_B","Strike_B","Strike_B","Strike_B","Defend_B","Defend_B","Defend_B","Defend_B","Zap","Dualcast","Trip","Undo","Steam Power","Streamline","Sweeping Beam","Barrage","Seek","Hologram"],"relics":["Cracked Core","MealTicket"],"acts_visited":["Exordium"],"potions_floor_usage":[6,6,7,8],"damage_taken":[{"damage":0.0,"enemies":"Cultist","floor":1.0,"turns":3.0},{"damage":7.0,"enemies":"Small Slimes","floor":2.0,"turns":4.0},{"damage":12.0,"enemies":"Jaw Worm","floor":3.0,"turns":2.0},{"damage":0,"enemies":"2 Fungi Beasts","floor":4,"turns":5},{"damage":11,"enemies":"Exordium Thugs","floor":5,"turns":3},{"damage":32,"enemies":"Lagavulin","floor":6,"turns":6},{"damage":1,"enemies":"Large Slime","floor":7,"turns":5},{"damage":77,"enemies":"Gremlin Nob","floor":8,"turns":3}],"seed_played":"-329717231136927264","potions_obtained":[{"floor":1.0,"key":"LiquidBronze"},{"floor":2.0,"key":"EntropicBrew"},{"floor":7,"key":"LiquidMemories"}],"is_trial":false,"path_per_floor":["M","M","M","M","M","E","M","E"],"character_chosen":"DEFECT","items_purchased":[],"campfire_rested":0,"item_purchase_floors":[],"current_hp_per_floor":[64,57,45,45,34,2,1,0,0],"gold":229,"neow_bonus":"RANDOM_COLORLESS","is_daily":false,"chose_seed":false,"campfire_upgraded":0,"win_rate":0.0,"timestamp":1610666261,"path_taken":["M","?","M","M","M","E","M","E"],"items_purchased_type":[],"build_version":"2020-12-22","purchased_purges":0,"victory":false,"max_hp_per_floor":[71,71,71,71,71,71,71,71,71],"card_choices":[{"not_picked":["Purity","Finesse"],"picked":"Trip","floor":0.0},{"not_picked":["Leap","Rip and Tear"],"picked":"Undo","floor":1.0},{"not_picked":["Gash","Redo"],"picked":"Steam Power","floor":2.0},{"not_picked":["Steam","Turbo"],"picked":"Streamline","floor":3.0},{"not_picked":["BootSequence","Rebound"],"picked":"Sweeping Beam","floor":4},{"not_picked":["Undo","Streamline"],"picked":"Barrage","floor":5},{"not_picked":["Rip and Tear","Steam"],"picked":"Seek","floor":6},{"not_picked":["Redo","Fusion"],"picked":"Hologram","floor":7}],"player_experience":198965,"relics_obtained":[{"floor":6,"key":"MealTicket"}],"event_choices":[],"is_beta":false,"boss_relics":[],"items_purged_floors":[],"is_endless":false,"potions_floor_spawned":[1,2,5,7],"killed_by":"Gremlin Nob","ascension_level":18}}