{"host":"qk06od3ap196wbz4","time":1610624144,"event":{"mods":["AchievementEnabler","Arknights The Spire","BaseMod","DeckTracker","Keyboard Shortcuts","Minty Spire (QoL Compilation)","Permanent Neow","StSLib","SuperFastMode"],"gold_per_floor":[118,133,144,157,186,227,264,311,346,368,396,424,451,481,493,603,615,638,667,455,472,484,484,497,527,601,614,649,649,690,304,304,402,402,422,17,36,48,65,94,94,94,173,173,173,200,216,241,241,241,241,241,68,108,108],"floor_reached":56,"language":"KOR","playtime":2257,"items_purged":["MentalFortress+1"],"score":1677,"play_id":"044cdb73-72f9-41a9-aebb-6077c259459f","local_time":"20210114203544","daily_mods":["Draft","Vintage","Heirloom","Time Dilation","Flight"],"is_ascension_mode":false,"campfire_choices":[{"floor":15,"key":"RECALL"},{"floor":23,"key":"DIG"},{"floor":29,"key":"DIG"},{"data":"1","floor":32,"key":"LIFT"},{"data":"2","floor":41,"key":"LIFT"},{"data":"3","floor":42,"key":"LIFT"},{"floor":44,"key":"DIG"},{"floor":45,"key":"DIG"},{"floor":49,"key":"DIG"},{"floor":52,"key":"DIG"}],"circlet_count":0,"master_deck":["ClearTheMind+1","ClearTheMind+1","MentalFortress+1","EmptyFist+1","Consecrate+1","Consecrate+1","Ragnarok+1","Crescendo+1","Crescendo+1","EmptyBody+1","EmptyMind+1","DeceiveReality+1","DeceiveReality+1","DeusExMachina+1","Judgement+1","BattleHymn+1","CarveReality+1","CarveReality+1","ReachHeaven+1","Alpha","Ragnarok+1","BattleHymn+1"],"relics":["HolyWater","Shovel","Eternal Feather","TeardropLocket","Kunai","MawBank","Potion Belt","Bronze Scales","Blood Vial","Meat on the Bone","Pen Nib","Ornamental Fan","Pantograph","FossilizedHelix","Bottled Tornado","Molten Egg 2","VioletLotus","CeramicFish","Omamori","Happy Flower","Gremlin Horn","Dream Catcher","Ice Cream","Nunchaku","HornCleat","Letter Opener","StrikeDummy","Girya","Centennial Puzzle","Blue Candle","Anchor","Yang","Membership Card","Smiling Mask","Darkstone Periapt","Boot","Bird Faced Urn","The Courier","Art of War","Pear","Singing Bowl","Bag of Marbles","Bag of Preparation","Akabeko","White Beast Statue","DollysMirror","Turnip","Ginger"],"acts_visited":["Exordium","TheCity","TheBeyond","TheEnding"],"potions_floor_usage":[33,55,55],"damage_taken":[{"damage":0,"enemies":"Jaw Worm","floor":1,"turns":3},{"damage":0,"enemies":"Small Slimes","floor":2,"turns":3},{"damage":0,"enemies":"Cultist","floor":3,"turns":1},{"damage":0,"enemies":"Looter","floor":4,"turns":1},{"damage":0,"enemies":"Blue Slaver","floor":5,"turns":1},{"damage":0,"enemies":"Lagavulin","floor":6,"turns":2},{"damage":0,"enemies":"3 Sentries","floor":7,"turns":2},{"damage":0,"enemies":"Lagavulin","floor":8,"turns":2},{"damage":6,"enemies":"2 Fungi Beasts","floor":10,"turns":2},{"damage":0,"enemies":"Gremlin Gang","floor":11,"turns":2},{"damage":0,"enemies":"Blue Slaver","floor":12,"turns":1},{"damage":0,"enemies":"2 Fungi Beasts","floor":13,"turns":1},{"damage":0,"enemies":"3 Louse","floor":14,"turns":2},{"damage":0,"enemies":"Slime Boss","floor":16,"turns":4},{"damage":0,"enemies":"Shell Parasite","floor":18,"turns":3},{"damage":0,"enemies":"Spheric Guardian","floor":19,"turns":2},{"damage":0,"enemies":"Centurion and Healer","floor":21,"turns":2},{"damage":0,"enemies":"Cultist and Chosen","floor":22,"turns":2},{"damage":0,"enemies":"Snake Plant","floor":24,"turns":2},{"damage":0,"enemies":"Book of Stabbing","floor":25,"turns":3},{"damage":0,"enemies":"Snecko","floor":27,"turns":2},{"damage":0,"enemies":"Slavers","floor":28,"turns":1},{"damage":6,"enemies":"Book of Stabbing","floor":30,"turns":2},{"damage":0,"enemies":"Automaton","floor":33,"turns":4},{"damage":0,"enemies":"Orb Walker","floor":35,"turns":1},{"damage":16,"enemies":"3 Shapes","floor":37,"turns":2},{"damage":0,"enemies":"Jaw Worm Horde","floor":38,"turns":2},{"damage":0,"enemies":"3 Darklings","floor":39,"turns":3},{"damage":0,"enemies":"Nemesis","floor":40,"turns":3},{"damage":0,"enemies":"Giant Head","floor":46,"turns":2},{"damage":0,"enemies":"Sphere and 2 Shapes","floor":47,"turns":1},{"damage":0,"enemies":"Nemesis","floor":48,"turns":1},{"damage":26,"enemies":"Donu and Deca","floor":50,"turns":4},{"damage":10,"enemies":"Shield and Spear","floor":54,"turns":2},{"damage":60,"enemies":"The Heart","floor":55,"turns":4}],"seed_played":"6651942849414062707","potions_obtained":[{"floor":2,"key":"Block Potion"},{"floor":3,"key":"FearPotion"},{"floor":5,"key":"Explosive Potion"},{"floor":11,"key":"PowerPotion"},{"floor":13,"key":"FairyPotion"},{"floor":18,"key":"Explosive Potion"},{"floor":28,"key":"Explosive Potion"},{"floor":35,"key":"Dexterity Potion"},{"floor":37,"key":"StancePotion"},{"floor":46,"key":"Ancient Potion"},{"floor":54,"key":"LiquidBronze"}],"is_trial":true,"path_per_floor":["M","M","M","M","M","E","E","E","T","M","M","M","M","M","R","B",null,"M","M","$","M","M","R","M","E","T","M","E","R","E","$","R","B",null,"M","$","M","M","M","E","R","R","T","R","R","E","M","E","R","B",null,"R","$","E","B",null],"character_chosen":"WATCHER","items_purchased":["Happy Flower","Blue Candle","Alpha","Yang","Membership Card","DollysMirror","Turnip"],"campfire_rested":0,"item_purchase_floors":[20,31,31,36,36,53,53],"current_hp_per_floor":[72,72,72,72,72,72,72,72,72,66,68,70,72,72,72,72,72,72,72,72,72,72,72,72,72,72,72,72,72,66,66,72,72,72,72,72,56,58,60,62,72,72,72,72,82,84,84,86,86,62,86,86,86,76,38],"gold":108,"neow_bonus":"","is_daily":false,"chose_seed":false,"campfire_upgraded":0,"win_rate":0.0,"timestamp":1610624144,"path_taken":["M","M","M","M","M","E","E","E","T","M","M","M","M","M","R","BOSS","M","M","$","M","M","R","M","E","T","M","E","R","E","$","R","BOSS","M","$","M","M","M","E","R","R","T","R","R","E","M","E","R","BOSS","R","$","E","BOSS"],"items_purchased_type":["Relic","Relic","Card","Relic","Relic","Relic","Relic"],"build_version":"2020-12-22","purchased_purges":1,"victory":true,"max_hp_per_floor":[72,72,72,72,72,72,72,72,72,72,72,72,72,72,72,72,72,72,72,72,72,72,72,72,72,72,72,72,72,72,72,72,72,72,72,72,72,72,72,72,72,72,72,72,82,84,84,86,86,86,86,86,86,86,86],"card_choices":[{"not_picked":["EmptyFist","Nirvana"],"picked":"ClearTheMind","floor":0},{"not_picked":["ThirdEye","FlurryOfBlows"],"picked":"ReachHeaven","floor":0},{"not_picked":["CutThroughFate","WaveOfTheHand"],"picked":"Protect","floor":0},{"not_picked":["FearNoEvil","LikeWater"],"picked":"Consecrate","floor":0},{"not_picked":["FlurryOfBlows","BowlingBash"],"picked":"Consecrate","floor":0},{"not_picked":["SashWhip","FollowUp"],"picked":"ThirdEye","floor":0},{"not_picked":["Fasting2","InnerPeace"],"picked":"BowlingBash","floor":0},{"not_picked":["Swivel","FlurryOfBlows"],"picked":"Crescendo","floor":0},{"not_picked":["Crescendo","FlyingSleeves"],"picked":"Consecrate","floor":0},{"not_picked":["PathToVictory","Protect"],"picked":"CutThroughFate","floor":0},{"not_picked":["DeceiveReality","EmptyBody"],"picked":"BattleHymn","floor":0},{"not_picked":["EmptyFist","CarveReality"],"picked":"CutThroughFate","floor":0},{"not_picked":["FollowUp","Tantrum"],"picked":"SandsOfTime","floor":0},{"not_picked":["WaveOfTheHand","FearNoEvil"],"picked":"FlyingSleeves","floor":0},{"not_picked":["EmptyBody","JustLucky"],"picked":"TalkToTheHand","floor":0},{"not_picked":["CarveReality","PathToVictory","EmptyMind"],"picked":"SKIP","floor":6},{"not_picked":["Omniscience","Protect","ClearTheMind"],"picked":"SKIP","floor":7},{"not_picked":["DeceiveReality","Evaluate","PathToVictory"],"picked":"SKIP","floor":8},{"not_picked":["ClearTheMind+1","Weave+1","WheelKick+1"],"picked":"SKIP","floor":25},{"not_picked":["Protect","CrushJoints+1","ClearTheMind"],"picked":"SKIP","floor":28},{"not_picked":["InnerPeace+1","CarveReality+1"],"picked":"ReachHeaven+1","floor":30},{"not_picked":["ForeignInfluence+1","Nirvana","FlyingSleeves+1"],"picked":"SKIP","floor":40},{"not_picked":["EmptyFist+1","Indignation","CutThroughFate+1"],"picked":"Singing Bowl","floor":46},{"not_picked":["Nirvana","SpiritShield","Prostrate+1"],"picked":"Singing Bowl","floor":48},{"not_picked":["EmptyFist+1","ThirdEye"],"picked":"BattleHymn+1","floor":54}],"player_experience":169271,"relics_obtained":[{"floor":1,"key":"Eternal Feather"},{"floor":2,"key":"TeardropLocket"},{"floor":3,"key":"Kunai"},{"floor":4,"key":"MawBank"},{"floor":5,"key":"Potion Belt"},{"floor":6,"key":"Bronze Scales"},{"floor":7,"key":"Blood Vial"},{"floor":8,"key":"Meat on the Bone"},{"floor":9,"key":"Pen Nib"},{"floor":10,"key":"Ornamental Fan"},{"floor":11,"key":"Pantograph"},{"floor":12,"key":"FossilizedHelix"},{"floor":13,"key":"Bottled Tornado"},{"floor":14,"key":"Molten Egg 2"},{"floor":18,"key":"CeramicFish"},{"floor":19,"key":"Omamori"},{"floor":21,"key":"Gremlin Horn"},{"floor":22,"key":"Dream Catcher"},{"floor":23,"key":"Ice Cream"},{"floor":24,"key":"Nunchaku"},{"floor":25,"key":"HornCleat"},{"floor":27,"key":"Letter Opener"},{"floor":28,"key":"StrikeDummy"},{"floor":29,"key":"Girya"},{"floor":30,"key":"Centennial Puzzle"},{"floor":35,"key":"Anchor"},{"floor":37,"key":"Smiling Mask"},{"floor":38,"key":"Darkstone Periapt"},{"floor":39,"key":"Boot"},{"floor":40,"key":"Bird Faced Urn"},{"floor":43,"key":"The Courier"},{"floor":44,"key":"Art of War"},{"floor":45,"key":"Pear"},{"floor":46,"key":"Singing Bowl"},{"floor":47,"key":"Bag of Marbles"},{"floor":48,"key":"Bag of Preparation"},{"floor":49,"key":"Akabeko"},{"floor":52,"key":"White Beast Statue"},{"floor":54,"key":"Ginger"}],"event_choices":[],"is_beta":false,"boss_relics":[{"not_picked":["Empty Cage","Runic Dome"],"picked":"VioletLotus"},{"not_picked":["Black Star","SlaversCollar"],"picked":"HolyWater"}],"items_purged_floors":[20],"is_endless":false,"potions_floor_spawned":[2,3,5,11,12,13,18,19,28,33,35,37,46,54],"ascension_level":0}}