{"host":"12lnwhc48gjtaggg","time":1610644194,"event":{"mods":["Aspiration","BaseMod","BetterRewards","Energized Spire","Gold Saver","GungeonMod","Infinite Spire","Minty Spire (QoL Compilation)","Remove Card Discount Mod","Shop Mod","StSLib","Trackpad","[IsaacMod]????"],"gold_per_floor":[844,856,464,464,358,392,407,93,93,113,113,113,144,144,144,248,248,268,268,284,383,383,414,414,432,458,471,488,484,518,532,532,627,627,638,652,652,507,507,507,535,391,391,402,434,434,468,499,499,506,506,506,190,239,316,316],"floor_reached":55,"language":"ENG","playtime":2126,"items_purged":["Defend_R","Limit Break","Metallicize","Flame Barrier"],"score":896,"play_id":"77da675c-f2dc-47a0-9ce5-582b8110904a","local_time":"20210114170954","is_ascension_mode":true,"campfire_choices":[{"data":"Bash","floor":12.0,"key":"SMITH"},{"data":"Armaments","floor":15.0,"key":"SMITH"},{"floor":24.0,"key":"REST"},{"data":"Shockwave","floor":32.0,"key":"SMITH"},{"floor":40.0,"key":"RECALL"},{"floor":49.0,"key":"REST"},{"data":"Inflame","floor":52.0,"key":"SMITH"}],"circlet_count":0,"master_deck":["Strike_R","Strike_R","Strike_R","Strike_R","Strike_R","Defend_R","Defend_R","Bash+1","Perfected Strike","Perfected Strike","Inflame+1","Armaments+1","Pommel Strike","Wild Strike","Cleave","Evolve+1","Immolate","Shockwave+1","Shrug It Off+1","Twin Strike","True Grit+1","Thunderclap+1","Spot Weakness"],"relics":["Burning Blood","HushsDoor","BookOfRevelations","DemoMod:SerJunkan","DemoMod:Junk","StrikeDummy","aspiration:FrozenJewel","DemoMod:PoisonVial","aspiration:RitualStick","infinitespire:Satchel","Mark of Pain","Ancient Tea Set","Brimstone","SalivaCoin","infinitespire:BottledMercury"],"acts_visited":["Exordium","TheCity","TheBeyond","TheEnding"],"potions_floor_usage":[],"damage_taken":[{"damage":6.0,"enemies":"Cultist","floor":1.0,"turns":3.0},{"damage":6.0,"enemies":"Jaw Worm","floor":2.0,"turns":2.0},{"damage":10.0,"enemies":"Gremlin Nob","floor":6.0,"turns":3.0},{"damage":0.0,"enemies":"2 Louse","floor":7.0,"turns":3.0},{"damage":0.0,"enemies":"Exordium Wildlife","floor":10.0,"turns":2.0},{"damage":0.0,"enemies":"3 Sentries","floor":13.0,"turns":5.0},{"damage":2.0,"enemies":"Slime Boss","floor":16.0,"turns":8.0},{"damage":0.0,"enemies":"Chosen","floor":18.0,"turns":4.0},{"damage":0.0,"enemies":"3 Byrds","floor":20.0,"turns":4.0},{"damage":40.0,"enemies":"Book of Stabbing","floor":23.0,"turns":6.0},{"damage":0.0,"enemies":"3 Cultists","floor":25.0,"turns":5.0},{"damage":2.0,"enemies":"Snecko","floor":27.0,"turns":4.0},{"damage":5.0,"enemies":"Chosen and Byrds","floor":28.0,"turns":6.0},{"damage":0.0,"enemies":"Slavers","floor":30.0,"turns":1.0},{"damage":3.0,"enemies":"Centurion and Healer","floor":31.0,"turns":5.0},{"damage":12.0,"enemies":"Collector","floor":33.0,"turns":6.0},{"damage":16.0,"enemies":"3 Darklings","floor":35.0,"turns":3.0},{"damage":8.0,"enemies":"3 Shapes","floor":36.0,"turns":3.0},{"damage":26.0,"enemies":"Nemesis","floor":41.0,"turns":5.0},{"damage":10.0,"enemies":"Writhing Mass","floor":44.0,"turns":4.0},{"damage":0.0,"enemies":"Reptomancer","floor":45.0,"turns":3.0},{"damage":0.0,"enemies":"Giant Head","floor":47.0,"turns":4.0},{"damage":6.0,"enemies":"4 Shapes","floor":48.0,"turns":1.0},{"damage":10.0,"enemies":"Donu and Deca","floor":50.0,"turns":2.0},{"damage":14.0,"enemies":"Shield and Spear","floor":54.0,"turns":2.0},{"damage":78,"enemies":"Delirium","floor":55,"turns":4}],"seed_played":"4150296632519013329","potions_obtained":[{"floor":2.0,"key":"FearPotion"},{"floor":6.0,"key":"GamblersBrew"},{"floor":7.0,"key":"AttackPotion"},{"floor":27.0,"key":"Ancient Potion"},{"floor":45.0,"key":"SkillPotion"},{"floor":47.0,"key":"LiquidMemories"},{"floor":54.0,"key":"Regen Potion"}],"is_trial":false,"path_per_floor":["M","M","$","?","$","E","M","$","T","M","?","R","E","$","R","B",null,"M","?","M","?","AVR","E","R","M","T","M","M","$","E","M","R","B",null,"M","M","?","$","?","R","E","$","T","M","E","?","E","M","R","B",null,"R","$","E","B"],"character_chosen":"IRONCLAD","items_purchased":["DemoMod:SerJunkan","Flame Barrier","Inflame","Armaments","Metallicize","StrikeDummy","Wild Strike","Ancient Tea Set","Brimstone","Spot Weakness","infinitespire:BottledMercury"],"campfire_rested":2,"item_purchase_floors":[3,3,3,5,5,8,8,38,42,53,53],"current_hp_per_floor":[80,80,80,73,73,69,75,75,75,80,80,80,80,80,80,80,80,80,64,70,70,70,36,60,66,66,70,71,71,77,80,80,74,80,70,68,68,68,68,68,48,48,48,44,50,50,56,56,80,76,80,80,80,72,0,0],"gold":316,"neow_bonus":"","is_daily":false,"chose_seed":false,"campfire_upgraded":4,"win_rate":0.0,"timestamp":1610644194,"path_taken":["M","M","$","?","$","E","M","$","T","?","?","R","E","?","R","BOSS","M","?","M","?","AVR","E","R","M","T","M","M","$","E","M","R","BOSS","M","M","?","$","?","R","E","$","T","M","E","?","E","M","R","BOSS","R","$","E","BOSS"],"items_purchased_type":["Relic","Card","Card","Card","Card","Relic","Card","Relic","Relic","Card","Relic"],"build_version":"2020-12-22","purchased_purges":4,"victory":false,"max_hp_per_floor":[80,80,80,80,80,80,80,80,80,80,80,80,80,80,80,80,80,80,80,80,80,80,80,80,80,80,80,80,80,80,80,80,80,80,80,80,80,80,80,80,80,80,80,80,80,80,80,80,80,80,80,80,80,80,80,80],"card_choices":[{"not_picked":["Thunderclap","Dropkick"],"picked":"Perfected Strike","floor":1.0},{"not_picked":["Rage","Havoc"],"picked":"Perfected Strike","floor":2.0},{"not_picked":["DemoMod:BlackBlade","Demon Form"],"picked":"Pommel Strike","floor":6.0},{"not_picked":["Sword Boomerang","Heavy Blade","True Grit"],"picked":"SKIP","floor":7.0},{"not_picked":["Havoc","Disarm","Heavy Blade"],"picked":"SKIP","floor":10.0},{"not_picked":["Sword Boomerang","Limit Break"],"picked":"Cleave","floor":13.0},{"not_picked":["Berserk","Corruption"],"picked":"Limit Break","floor":16.0},{"not_picked":["Sword Boomerang","Seeing Red"],"picked":"Evolve+1","floor":18.0},{"not_picked":["infinitespire:OneForAll","Dual Wield+1"],"picked":"Immolate","floor":20.0},{"not_picked":["Thunderclap","Clash"],"picked":"Shockwave","floor":23.0},{"not_picked":["Cleave+1","Sword Boomerang+1","Sever Soul"],"picked":"SKIP","floor":25.0},{"not_picked":["Havoc+1","Iron Wave"],"picked":"Shrug It Off+1","floor":27.0},{"not_picked":["Perfected Strike+1","Bloodletting","DemoMod:WhiteBlade"],"picked":"SKIP","floor":28.0},{"not_picked":["Perfected Strike","Double Tap","Intimidate"],"picked":"SKIP","floor":30.0},{"not_picked":["Clash","Flex","Dual Wield"],"picked":"SKIP","floor":31.0},{"not_picked":["DemoMod:BlackBlade","Whirlwind"],"picked":"Twin Strike","floor":35.0},{"not_picked":["Dropkick+1","Anger+1","Clash+1"],"picked":"SKIP","floor":36.0},{"not_picked":["Feel No Pain","Dual Wield","Limit Break"],"picked":"SKIP","floor":41.0},{"not_picked":["Sentinel","Shrug It Off+1","Headbutt+1"],"picked":"SKIP","floor":44.0},{"not_picked":["Corruption","Shrug It Off"],"picked":"True Grit+1","floor":45.0},{"not_picked":["Sentinel+1","Sword Boomerang+1"],"picked":"Thunderclap+1","floor":47.0},{"not_picked":["Twin Strike+1","Clash+1","Sword Boomerang"],"picked":"SKIP","floor":48.0},{"not_picked":["Dropkick+1","Thunderclap","Rampage+1"],"picked":"SKIP","floor":54.0}],"player_experience":420984,"relics_obtained":[{"floor":6.0,"key":"DemoMod:Junk"},{"floor":9.0,"key":"aspiration:FrozenJewel"},{"floor":11.0,"key":"DemoMod:PoisonVial"},{"floor":13.0,"key":"DemoMod:Junk"},{"floor":23.0,"key":"DemoMod:Junk"},{"floor":30.0,"key":"DemoMod:Junk"},{"floor":41.0,"key":"DemoMod:Junk"},{"floor":43.0,"key":"DemoMod:Junk"},{"floor":45.0,"key":"DemoMod:Junk"},{"floor":47.0,"key":"SalivaCoin"},{"floor":54.0,"key":"DemoMod:Junk"}],"event_choices":[{"cards_removed":["Defend_R"],"damage_healed":0.0,"max_hp_gain":0.0,"max_hp_loss":0.0,"gold_gain":0.0,"event_name":"Golden Wing","player_choice":"Card Removal","floor":4.0,"gold_loss":0.0,"damage_taken":7.0},{"damage_healed":0.0,"max_hp_gain":0.0,"max_hp_loss":0.0,"gold_gain":99.0,"event_name":"Nest","player_choice":"Stole From Cult","floor":21.0,"gold_loss":0.0,"damage_taken":0.0},{"damage_healed":0.0,"max_hp_gain":0.0,"max_hp_loss":0.0,"gold_gain":0.0,"event_name":"NoteForYourself","player_choice":"Ignored","floor":39.0,"gold_loss":0.0,"damage_taken":0.0},{"damage_healed":0.0,"max_hp_gain":0.0,"max_hp_loss":0.0,"gold_gain":0.0,"event_name":"The Woman in Blue","player_choice":"Bought 0 Potions","floor":46.0,"gold_loss":0.0,"damage_taken":0.0}],"is_beta":false,"boss_relics":[{"not_picked":[]},{"not_picked":["energizedSpire:TabascoSauce","Black Blood"],"picked":"Mark of Pain"},{"not_picked":[]}],"items_purged_floors":[3,29,29,38],"is_endless":false,"potions_floor_spawned":[2,6,7,18,27,28,45,47,48,54],"killed_by":"Delirium","ascension_level":1}}