{"host":"91blwi3hgehj6ch9","time":1610599283,"event":{"mods":["2.2 Compatiblity","AchievementEnabler","BaseMod","Colored Map","DeckTracker","Googly Eyes","Keyboard Shortcuts","Minty Spire (QoL Compilation)","Permanent Neow","Quick Restart","StSLib","SuperFastMode","everything is the same but u backflip on backflip"],"gold_per_floor":[10,85,99,117,117,156,156,187,214,241,268,268,285,235,235,320,320,339,254,179,197,206,206,206],"floor_reached":23,"language":"KOR","playtime":660,"items_purged":["Strike_P"],"score":398,"play_id":"0afbe6e1-000d-4893-bafb-86ae38de542d","local_time":"20210114134123","is_ascension_mode":true,"campfire_choices":[{"floor":7.0,"key":"REST"},{"data":"SashWhip","floor":15.0,"key":"SMITH"}],"circlet_count":0,"master_deck":["AscendersBane","Strike_P","Defend_P","Defend_P","Eruption+1","Vigilance","FollowUp","FearNoEvil","SashWhip+1","Tantrum","EmptyBody","Scrawl","Halt","InnerPeace"],"relics":["PureWater","CeramicFish","Blood Vial","PreservedInsect","Yang","Runic Pyramid","Pear"],"acts_visited":["Exordium","TheCity"],"potions_floor_usage":[23],"damage_taken":[{"damage":0.0,"enemies":"Jaw Worm","floor":1.0,"turns":3.0},{"damage":0.0,"enemies":"Cultist","floor":3.0,"turns":2.0},{"damage":0.0,"enemies":"2 Louse","floor":4.0,"turns":2.0},{"damage":21.0,"enemies":"Gremlin Nob","floor":6.0,"turns":4.0},{"damage":0.0,"enemies":"Lagavulin","floor":8.0,"turns":2.0},{"damage":10.0,"enemies":"3 Sentries","floor":10.0,"turns":3.0},{"damage":0.0,"enemies":"Gremlin Gang","floor":11.0,"turns":2.0},{"damage":0.0,"enemies":"Exordium Wildlife","floor":13.0,"turns":3.0},{"damage":36.0,"enemies":"Hexaghost","floor":16.0,"turns":7.0},{"damage":0.0,"enemies":"Chosen","floor":18.0,"turns":2.0},{"damage":4.0,"enemies":"3 Byrds","floor":21.0,"turns":4.0},{"damage":72,"enemies":"Slavers","floor":23,"turns":10}],"seed_played":"-7731668141776657136","potions_obtained":[{"floor":3.0,"key":"SteroidPotion"},{"floor":4.0,"key":"BlessingOfTheForge"},{"floor":11.0,"key":"Strength Potion"},{"floor":18.0,"key":"Weak Potion"},{"floor":21.0,"key":"Energy Potion"}],"is_trial":false,"path_per_floor":["M","?","M","M","?","E","R","E","T","E","M","?","M","?","R","B",null,"M","?","$","M","?","E"],"character_chosen":"WATCHER","items_purchased":[],"campfire_rested":1,"item_purchase_floors":[],"current_hp_per_floor":[61,55,55,55,55,34,54,54,54,46,48,48,50,50,50,16,55,57,67,67,65,65,0,0],"gold":206,"neow_bonus":"REMOVE_TWO","is_daily":false,"chose_seed":false,"campfire_upgraded":1,"win_rate":0.0,"timestamp":1610599283,"path_taken":["M","?","?","M","?","E","R","E","T","E","?","?","M","?","R","BOSS","M","?","$","M","?","E"],"items_purchased_type":[],"build_version":"2020-12-22","purchased_purges":1,"victory":false,"max_hp_per_floor":[68,68,68,68,68,68,68,68,68,68,68,68,68,68,68,68,68,68,78,78,78,78,78,78],"card_choices":[{"not_picked":["WindmillStrike","Fasting2"],"picked":"FollowUp","floor":1.0},{"not_picked":["ClearTheMind","Evaluate"],"picked":"FearNoEvil","floor":3.0},{"not_picked":["ThirdEye","Vengeance"],"picked":"SashWhip","floor":4.0},{"not_picked":["ThirdEye","Study"],"picked":"Tantrum","floor":6.0},{"not_picked":["ThirdEye","Wireheading","PathToVictory"],"picked":"SKIP","floor":8.0},{"not_picked":["Vengeance","Crescendo","Fasting2"],"picked":"SKIP","floor":10.0},{"not_picked":["LikeWater","FlurryOfBlows"],"picked":"EmptyBody","floor":11.0},{"not_picked":["ClearTheMind","ThirdEye","Protect"],"picked":"SKIP","floor":13.0},{"not_picked":["Brilliance","Judgement"],"picked":"Scrawl","floor":16.0},{"not_picked":["Indignation","Sanctity"],"picked":"Halt","floor":18.0},{"not_picked":["BattleHymn","ReachHeaven","ClearTheMind"],"picked":"SKIP","floor":21.0}],"player_experience":178467,"relics_obtained":[{"floor":6.0,"key":"CeramicFish"},{"floor":8.0,"key":"Blood Vial"},{"floor":9.0,"key":"PreservedInsect"},{"floor":10.0,"key":"Yang"}],"event_choices":[{"damage_healed":0.0,"max_hp_gain":0.0,"max_hp_loss":0.0,"gold_gain":75.0,"event_name":"FaceTrader","player_choice":"Touch","floor":2.0,"gold_loss":0.0,"damage_taken":6.0},{"damage_healed":0.0,"max_hp_gain":0.0,"max_hp_loss":0.0,"gold_gain":0.0,"event_name":"Accursed Blacksmith","player_choice":"Forge","floor":5.0,"gold_loss":0.0,"damage_taken":0.0,"cards_upgraded":["Eruption"]},{"cards_removed":["Strike_P"],"damage_healed":0.0,"max_hp_gain":0.0,"max_hp_loss":0.0,"gold_gain":0.0,"event_name":"Living Wall","player_choice":"Forget","floor":12.0,"gold_loss":0.0,"damage_taken":0.0},{"cards_removed":["Defend_P"],"damage_healed":0.0,"max_hp_gain":0.0,"max_hp_loss":0.0,"gold_gain":0.0,"event_name":"The Cleric","player_choice":"Card Removal","floor":14.0,"gold_loss":50.0,"damage_taken":0.0},{"damage_healed":0.0,"max_hp_gain":0.0,"max_hp_loss":0.0,"gold_gain":0.0,"event_name":"Addict","player_choice":"Obtained Relic","floor":19.0,"gold_loss":85.0,"damage_taken":0.0,"relics_obtained":["Pear"]},{"damage_healed":0.0,"max_hp_gain":0.0,"max_hp_loss":0.0,"gold_gain":0.0,"event_name":"The Library","player_choice":"Read","floor":22.0,"gold_loss":0.0,"damage_taken":0.0,"cards_obtained":["InnerPeace"]}],"is_beta":false,"boss_relics":[{"not_picked":["Ectoplasm","Philosopher\u0027s Stone"],"picked":"Runic Pyramid"}],"items_purged_floors":[20],"is_endless":false,"potions_floor_spawned":[3,4,11,18,21],"killed_by":"Slavers","ascension_level":14}}