{"host":"p9t7qd83igtcp2bh","time":1610609960,"event":{"mods":["2.2 Compatiblity","AchievementEnabler","BaseMod","Colored Map","Colored Powertips","Custom Start","DeckTracker","Keyboard Shortcuts","Minty Spire (QoL Compilation)","Permanent Neow","StSLib","SuperFastMode","everything is the same but u backflip on backflip"],"gold_per_floor":[114,127,137,137,93,125,145,165,165,175,187,187,204,204,204,277,277,291,49,65,65,76,76,108,122,176,176,176,76,102,119,119,119,119],"floor_reached":33,"language":"KOR","playtime":828,"items_purged":["Strike_B","Bite"],"score":553,"play_id":"9ef78d0a-8aba-41a2-82aa-83e27334a8bf","local_time":"20210114163920","is_ascension_mode":true,"campfire_choices":[{"data":"Recycle","floor":12.0,"key":"SMITH"},{"data":"Beam Cell","floor":15.0,"key":"SMITH"},{"floor":23.0,"key":"REST"},{"floor":27.0,"key":"REST"},{"floor":32.0,"key":"REST"}],"circlet_count":0,"master_deck":["AscendersBane","Defend_B","Defend_B","Defend_B","Defend_B","Zap+1","Dualcast","Skim","Genetic Algorithm","Sunder","Auto Shields","Beam Cell+1","Go for the Eyes","Leap","Recycle+1","Conserve Battery","Multi-Cast","Darkness","BootSequence","Bite","Bite","Bite","Bite","Leap","Reboot"],"relics":["Cracked Core","Symbiotic Virus","Pantograph","White Beast Statue","Fusion Hammer","Juzu Bracelet","Blue Candle","Akabeko","Boot"],"acts_visited":["Exordium","TheCity"],"potions_floor_usage":[33,33],"damage_taken":[{"damage":1.0,"enemies":"Cultist","floor":1.0,"turns":3.0},{"damage":2.0,"enemies":"Jaw Worm","floor":2.0,"turns":3.0},{"damage":7.0,"enemies":"Small Slimes","floor":3.0,"turns":4.0},{"damage":23.0,"enemies":"Lagavulin","floor":6.0,"turns":6.0},{"damage":7.0,"enemies":"2 Fungi Beasts","floor":7.0,"turns":3.0},{"damage":7.0,"enemies":"Exordium Wildlife","floor":8.0,"turns":4.0},{"damage":11.0,"enemies":"Exordium Thugs","floor":10.0,"turns":2.0},{"damage":0.0,"enemies":"2 Fungi Beasts","floor":11.0,"turns":2.0},{"damage":0.0,"enemies":"Looter","floor":13.0,"turns":3.0},{"damage":19.0,"enemies":"Hexaghost","floor":16.0,"turns":8.0},{"damage":0.0,"enemies":"Chosen","floor":18.0,"turns":2.0},{"damage":1.0,"enemies":"3 Byrds","floor":20.0,"turns":5.0},{"damage":45.0,"enemies":"Snecko","floor":22.0,"turns":6.0},{"damage":12.0,"enemies":"Gremlin Leader","floor":24.0,"turns":9.0},{"damage":14.0,"enemies":"Shelled Parasite and Fungi","floor":25.0,"turns":4.0},{"damage":20.0,"enemies":"Sentry and Sphere","floor":31.0,"turns":6.0},{"damage":61,"enemies":"Collector","floor":33,"turns":8}],"seed_played":"-6298435024111808926","potions_obtained":[{"floor":2.0,"key":"Fire Potion"},{"floor":6.0,"key":"BlessingOfTheForge"},{"floor":7.0,"key":"BlessingOfTheForge"},{"floor":8.0,"key":"Explosive Potion"},{"floor":10.0,"key":"SpeedPotion"},{"floor":11.0,"key":"FearPotion"},{"floor":16.0,"key":"Dexterity Potion"},{"floor":18.0,"key":"AttackPotion"},{"floor":20.0,"key":"PotionOfCapacity"},{"floor":22.0,"key":"EssenceOfDarkness"},{"floor":24.0,"key":"SteroidPotion"},{"floor":25.0,"key":"Strength Potion"},{"floor":31.0,"key":"LiquidMemories"}],"is_trial":false,"path_per_floor":["M","M","M","?","$","E","M","M","T","M","M","R","M","?","R","B",null,"M","$","M","?","M","R","E","M","T","R","?","$","T","M","R","B"],"character_chosen":"DEFECT","items_purchased":["Auto Shields","Juzu Bracelet"],"campfire_rested":3,"item_purchase_floors":[5,19],"current_hp_per_floor":[63,61,54,54,54,31,24,17,17,6,6,6,6,6,6,12,56,56,56,55,49,10,24,32,26,26,40,28,28,28,18,34,0,0],"gold":119,"neow_bonus":"UPGRADE_CARD","is_daily":false,"chose_seed":false,"campfire_upgraded":2,"win_rate":0.0,"timestamp":1610609960,"path_taken":["M","M","M","?","$","E","?","M","T","M","M","R","M","?","R","BOSS","M","$","M","?","M","R","E","M","T","R","?","$","?","M","R","BOSS"],"items_purchased_type":["Card","Relic"],"build_version":"2020-12-22","purchased_purges":2,"victory":false,"max_hp_per_floor":[71,71,71,71,71,71,71,71,71,71,71,71,71,71,71,71,71,71,71,71,49,49,49,49,49,49,49,54,54,54,54,54,54,54],"card_choices":[{"not_picked":["Turbo","Conserve Battery"],"picked":"Skim","floor":1.0},{"not_picked":["Aggregate","Leap"],"picked":"Genetic Algorithm","floor":2.0},{"not_picked":["Melter","Aggregate"],"picked":"Sunder","floor":3.0},{"not_picked":["Ball Lightning","Fission"],"picked":"Beam Cell","floor":6.0},{"not_picked":["Gash","Barrage","Sweeping Beam"],"picked":"SKIP","floor":7.0},{"not_picked":["Rebound","Compile Driver"],"picked":"Go for the Eyes","floor":8.0},{"not_picked":["Hologram","Blizzard"],"picked":"Leap","floor":10.0},{"not_picked":["Hologram","Gash"],"picked":"Recycle","floor":11.0},{"not_picked":["Amplify","Turbo"],"picked":"Conserve Battery","floor":13.0},{"not_picked":["Meteor Strike","Amplify"],"picked":"Multi-Cast","floor":16.0},{"not_picked":["Coolheaded","Barrage"],"picked":"Darkness","floor":18.0},{"not_picked":["Compile Driver","Go for the Eyes"],"picked":"BootSequence","floor":20.0},{"not_picked":["Heatsinks","Storm"],"picked":"Leap","floor":22.0},{"not_picked":["Turbo+1","Rebound","Capacitor"],"picked":"SKIP","floor":24.0},{"not_picked":["Hologram","Compile Driver","Genetic Algorithm"],"picked":"SKIP","floor":25.0},{"not_picked":["Stack","Sweeping Beam"],"picked":"Reboot","floor":31.0}],"player_experience":638447,"relics_obtained":[{"floor":4.0,"key":"Symbiotic Virus"},{"floor":6.0,"key":"Pantograph"},{"floor":9.0,"key":"White Beast Statue"},{"floor":24.0,"key":"Blue Candle"},{"floor":26.0,"key":"Akabeko"},{"floor":30.0,"key":"Boot"}],"event_choices":[{"damage_healed":0.0,"max_hp_gain":0.0,"max_hp_loss":0.0,"gold_gain":0.0,"event_name":"Wheel of Change","player_choice":"Relic","floor":4.0,"gold_loss":0.0,"damage_taken":0.0},{"damage_healed":0.0,"max_hp_gain":0.0,"max_hp_loss":0.0,"gold_gain":0.0,"event_name":"Shining Light","player_choice":"Ignored","floor":14.0,"gold_loss":0.0,"damage_taken":0.0},{"damage_healed":0.0,"max_hp_gain":0.0,"max_hp_loss":22.0,"gold_gain":0.0,"event_name":"Vampires","player_choice":"Became a vampire","floor":21.0,"gold_loss":0.0,"damage_taken":0.0,"cards_obtained":["Bite","Bite","Bite","Bite","Bite"]},{"damage_healed":0.0,"max_hp_gain":5.0,"max_hp_loss":0.0,"gold_gain":0.0,"event_name":"Forgotten Altar","player_choice":"Shed Blood","floor":28.0,"gold_loss":0.0,"damage_taken":17.0}],"is_beta":false,"boss_relics":[{"not_picked":["Tiny House","Runic Dome"],"picked":"Fusion Hammer"}],"items_purged_floors":[19,29],"is_endless":false,"potions_floor_spawned":[2,6,7,8,10,11,13,16,18,20,22,24,25,31],"killed_by":"Collector","ascension_level":19}}