{"host":"uzp1tn8qxn9571p9","time":1610624229,"event":{"mods":["BaseMod","Colored Powertips","Hermit","Minty Spire (QoL Compilation)","Robot Space Explorer","StSLib","The Hierophant","The Marked"],"gold_per_floor":[143,179,30,130,173,173,199,124,151,151,180,227,251,282,282,270,270],"floor_reached":16,"language":"ZHS","playtime":1023,"items_purged":["hierophant:Patience"],"score":104,"play_id":"05285eea-4977-45a7-9468-025617adc514","local_time":"20210114193709","daily_mods":["SealedDeck","Vintage","Heirloom"],"is_ascension_mode":false,"campfire_choices":[{"data":"hierophant:HolyVerse","floor":6,"key":"SMITH"},{"data":"hierophant:HolyVerse","floor":10,"key":"SMITH"},{"data":"hierophant:Patience","floor":15,"key":"SMITH"}],"circlet_count":0,"master_deck":["hierophant:Remorse","hierophant:RustyCrate","hierophant:MorningPrayer","hierophant:Patience+1","hierophant:Endure","hierophant:PassingBell","hierophant:HolyVerse+1","hierophant:PassingBell","hierophant:MorningPrayer","hierophant:Doubloon","hierophant:Doubloon","hierophant:Doubloon","hierophant:HolyVerse+1"],"relics":["hierophant:PropheticMaskRelic","Unceasing Top","Lantern","Orichalcum","DollysMirror","Mummified Hand","Gremlin Horn","MealTicket","Kunai","Matryoshka","Mango","Blood Vial"],"acts_visited":["Exordium"],"potions_floor_usage":[],"damage_taken":[{"damage":1,"enemies":"Jaw Worm","floor":1,"turns":6},{"damage":25,"enemies":"Cultist","floor":2,"turns":7},{"damage":0,"enemies":"Small Slimes","floor":5,"turns":2},{"damage":7,"enemies":"Gremlin Gang","floor":7,"turns":2},{"damage":0,"enemies":"Exordium Thugs","floor":11,"turns":2},{"damage":0,"enemies":"3 Louse","floor":12,"turns":1},{"damage":20,"enemies":"Lagavulin","floor":13,"turns":6},{"damage":0,"enemies":"Looter","floor":14,"turns":2},{"damage":42,"enemies":"Hexaghost","floor":16,"turns":10}],"seed_played":"8963310046912252987","potions_obtained":[{"floor":1,"key":"SteroidPotion"},{"floor":5,"key":"Strength Potion"},{"floor":13,"key":"SkillPotion"},{"floor":14,"key":"Regen Potion"}],"is_trial":true,"path_per_floor":["M","M","$","?","M","R","M","$","T","R","M","M","E","M","R","B"],"character_chosen":"HIEROPHANT","items_purchased":["DollysMirror"],"campfire_rested":0,"item_purchase_floors":[3],"current_hp_per_floor":[74,49,49,49,49,49,42,42,42,42,42,42,36,36,36,0,0],"gold":270,"neow_bonus":"","is_daily":false,"chose_seed":false,"campfire_upgraded":3,"win_rate":0.0,"timestamp":1610624229,"path_taken":["M","M","$","?","M","R","M","$","T","R","M","M","E","?","R","BOSS"],"items_purchased_type":["Relic"],"build_version":"2020-12-22","purchased_purges":1,"victory":false,"max_hp_per_floor":[75,75,75,75,75,75,75,75,75,75,75,75,89,89,89,89,89],"card_choices":[{"not_picked":["hierophant:DeathKnell","hierophant:Rebuild","hierophant:TollTheBells"],"picked":"SKIP","floor":13}],"player_experience":351064,"relics_obtained":[{"floor":1,"key":"Lantern"},{"floor":2,"key":"Orichalcum"},{"floor":5,"key":"Mummified Hand"},{"floor":7,"key":"Gremlin Horn"},{"floor":9,"key":"MealTicket"},{"floor":11,"key":"Kunai"},{"floor":12,"key":"Matryoshka"},{"floor":13,"key":"Mango"},{"floor":14,"key":"Blood Vial"}],"event_choices":[{"damage_healed":0,"gold_gain":100,"player_choice":"Pray","damage_taken":0,"max_hp_gain":0,"max_hp_loss":0,"event_name":"Golden Shrine","floor":4,"gold_loss":0}],"is_beta":false,"boss_relics":[],"items_purged_floors":[8],"is_endless":false,"potions_floor_spawned":[1,5,13,14],"killed_by":"Hexaghost","ascension_level":0}}