{"host":"wogey4gsknv4ot2d","time":1610596474,"event":{"mods":["AchievementEnabler","BaseMod","Bestiary","Colored Map","Colored Powertips","Key Reminder","Minty Spire (QoL Compilation)","Permanent Neow","Rare Cards Sparkle","Relic Stats","The IronCluck","slay the spire mod where everything is the same but ironclad has a cowboy hat"],"gold_per_floor":[118,136,136,136,155,189,189,217,240,252,276,288,319,331,343,355,355],"floor_reached":16,"language":"ENG","playtime":492,"items_purged":[],"score":110,"play_id":"2c764738-e698-49d8-8bd9-1920e6d54020","local_time":"20210113215434","is_ascension_mode":false,"campfire_choices":[{"floor":7,"key":"REST"},{"floor":10,"key":"REST"},{"floor":15,"key":"REST"}],"circlet_count":0,"master_deck":["Strike_R","Strike_R","Strike_R","Strike_R","Strike_R+1","Defend_R","Defend_R","Defend_R","Defend_R","Bash","Clothesline","Cleave","Heavy Blade","Ghostly Armor","Clothesline","Flame Barrier"],"relics":["Burning Blood","Centennial Puzzle","Nunchaku","MawBank","Unceasing Top","Mummified Hand"],"acts_visited":[],"potions_floor_usage":[],"damage_taken":[{"damage":11,"enemies":"Small Slimes","floor":1,"turns":3},{"damage":4,"enemies":"Cultist","floor":2,"turns":3},{"damage":8,"enemies":"Jaw Worm","floor":5,"turns":3},{"damage":35,"enemies":"3 Sentries","floor":6,"turns":6},{"damage":34,"enemies":"Lagavulin","floor":8,"turns":7},{"damage":7,"enemies":"Looter","floor":11,"turns":4},{"damage":36,"enemies":"Gremlin Gang","floor":13,"turns":5},{"damage":43,"enemies":"The Guardian","floor":16,"turns":12}],"seed_played":"-3206144857576041102","potions_obtained":[],"is_trial":false,"path_per_floor":["M","M","?","?","M","E","R","E","T","R","M","?","M","?","R","B"],"character_chosen":"IRONCLAD","items_purchased":[],"campfire_rested":3,"item_purchase_floors":[],"current_hp_per_floor":[83,85,85,67,65,36,62,34,34,60,59,59,29,17,43,0,0],"gold":355,"neow_bonus":"TEN_PERCENT_HP_BONUS","is_daily":false,"chose_seed":false,"campfire_upgraded":0,"win_rate":0.0,"timestamp":1610596474,"path_taken":["M","M","?","?","M","E","R","E","T","R","M","?","?","?","R","BOSS"],"items_purchased_type":[],"build_version":"2020-12-22","purchased_purges":0,"victory":false,"max_hp_per_floor":[88,88,88,88,88,88,88,88,88,88,88,88,88,88,88,88,88],"relic_stats":{"Centennial Puzzle":[12],"Nunchaku":[2],"counters":[8,43],"Mummified Hand":[0],"MawBank":84,"obtain_stats":[{"Centennial Puzzle":6,"Nunchaku":8,"Mummified Hand":14,"MawBank":9,"Burning Blood":0,"Unceasing Top":12},{"Centennial Puzzle":4,"Nunchaku":5,"Mummified Hand":7,"MawBank":5,"Burning Blood":0,"Unceasing Top":6},{"Centennial Puzzle":15,"Nunchaku":22,"Mummified Hand":31,"MawBank":22,"Burning Blood":0,"Unceasing Top":26}],"Burning Blood":42,"Unceasing Top":[0]},"card_choices":[{"not_picked":["Pommel Strike","Iron Wave"],"picked":"Clothesline","floor":1},{"not_picked":["Headbutt","Uppercut"],"picked":"Anger","floor":2},{"not_picked":["Bloodletting","Whirlwind"],"picked":"Cleave","floor":5},{"not_picked":["Rage","Twin Strike"],"picked":"Heavy Blade","floor":6},{"not_picked":["Rupture","Headbutt"],"picked":"Ghostly Armor","floor":8},{"not_picked":["Seeing Red","Warcry"],"picked":"Clothesline","floor":11},{"not_picked":["Battle Trance","Sword Boomerang"],"picked":"Flame Barrier","floor":13}],"player_experience":28244,"relics_obtained":[{"floor":6,"key":"Centennial Puzzle"},{"floor":8,"key":"Nunchaku"},{"floor":9,"key":"MawBank"}],"event_choices":[{"damage_healed":0,"gold_gain":0,"player_choice":"Leave","damage_taken":0,"max_hp_gain":0,"max_hp_loss":0,"event_name":"The Cleric","floor":3,"gold_loss":0},{"damage_healed":0,"gold_gain":0,"player_choice":"Entered Light","damage_taken":18,"max_hp_gain":0,"max_hp_loss":0,"event_name":"Shining Light","floor":4,"gold_loss":0,"cards_upgraded":["Strike_R","Anger"]},{"cards_removed":["Anger"],"damage_healed":0,"gold_gain":0,"player_choice":"Gave Card","damage_taken":0,"relics_obtained":["Unceasing Top"],"max_hp_gain":0,"max_hp_loss":0,"event_name":"WeMeetAgain","floor":12,"gold_loss":0},{"damage_healed":0,"gold_gain":0,"player_choice":"Success","damage_taken":12,"relics_obtained":["Mummified Hand"],"max_hp_gain":0,"max_hp_loss":0,"event_name":"Scrap Ooze","floor":14,"gold_loss":0}],"is_beta":false,"boss_relics":[],"items_purged_floors":[],"is_endless":false,"potions_floor_spawned":[8,11],"killed_by":"The Guardian","ascension_level":0}}