{"host":"p9t7qd83igtcp2bh","time":1610616085,"event":{"mods":["2.2 Compatiblity","AchievementEnabler","BaseMod","Colored Map","Colored Powertips","Custom Start","DeckTracker","Keyboard Shortcuts","Minty Spire (QoL Compilation)","Permanent Neow","StSLib","SuperFastMode","everything is the same but u backflip on backflip"],"gold_per_floor":[111,121,132,145,164,164,89,89,89,89,114,145,145,168,168,257,257,281,196,40,64,64,64,64,64],"floor_reached":24,"language":"KOR","playtime":716,"items_purged":[],"score":386,"play_id":"f854f514-ea15-4a0d-96c9-c46d3fba2cf1","local_time":"20210114182125","is_ascension_mode":true,"campfire_choices":[{"data":"All For One","floor":6.0,"key":"SMITH"},{"data":"Beam Cell","floor":15.0,"key":"SMITH"},{"data":"Strike_B","floor":23.0,"key":"PURGE"}],"circlet_count":0,"master_deck":["AscendersBane","Strike_B","Strike_B","Defend_B","Defend_B","Defend_B","Defend_B","Zap","Dualcast","All For One+1","Self Repair","Gash","Glacier","Coolheaded","Gash","Beam Cell+1","Streamline+1","All For One","Finesse","Finesse"],"relics":["FrozenCore","Golden Idol","The Courier","Centennial Puzzle","Peace Pipe"],"acts_visited":["Exordium","TheCity"],"potions_floor_usage":[24],"damage_taken":[{"damage":7.0,"enemies":"2 Louse","floor":1.0,"turns":2.0},{"damage":10.0,"enemies":"Small Slimes","floor":2.0,"turns":3.0},{"damage":6.0,"enemies":"Cultist","floor":3.0,"turns":4.0},{"damage":5.0,"enemies":"Large Slime","floor":4.0,"turns":5.0},{"damage":13.0,"enemies":"Blue Slaver","floor":5.0,"turns":3.0},{"damage":22.0,"enemies":"Looter","floor":11.0,"turns":3.0},{"damage":2.0,"enemies":"3 Sentries","floor":12.0,"turns":7.0},{"damage":1.0,"enemies":"Exordium Wildlife","floor":14.0,"turns":2.0},{"damage":6.0,"enemies":"Slime Boss","floor":16.0,"turns":7.0},{"damage":18.0,"enemies":"Spheric Guardian","floor":18.0,"turns":6.0},{"damage":19.0,"enemies":"Shell Parasite","floor":21.0,"turns":4.0},{"damage":46,"enemies":"Gremlin Leader","floor":24,"turns":6}],"seed_played":"6757246601767885481","potions_obtained":[{"floor":1.0,"key":"AttackPotion"},{"floor":2.0,"key":"Weak Potion"},{"floor":5.0,"key":"EntropicBrew"},{"floor":11.0,"key":"Fire Potion"},{"floor":18.0,"key":"Weak Potion"}],"is_trial":false,"path_per_floor":["M","M","M","M","M","R","?","?","T","?","M","E","?","M","R","B",null,"M","?","$","M","?","R","E"],"character_chosen":"DEFECT","items_purchased":["Finesse","Finesse"],"campfire_rested":0,"item_purchase_floors":[20,20],"current_hp_per_floor":[57,54,55,57,51,51,51,51,51,56,41,46,46,52,52,46,63,52,52,52,40,40,40,0,0],"gold":64,"neow_bonus":"ONE_RANDOM_RARE_CARD","is_daily":false,"chose_seed":false,"campfire_upgraded":2,"win_rate":0.0,"timestamp":1610616085,"path_taken":["M","M","M","M","M","R","?","?","T","?","M","E","?","M","R","BOSS","M","?","$","M","?","R","E"],"items_purchased_type":["Card","Card"],"build_version":"2020-12-22","purchased_purges":0,"victory":false,"max_hp_per_floor":[71,71,71,71,71,71,71,64,64,69,69,69,69,69,69,69,69,69,69,69,69,69,69,69,69],"card_choices":[{"not_picked":["Blizzard","Storm"],"picked":"Self Repair","floor":1.0},{"not_picked":["FTL","Streamline"],"picked":"Gash","floor":2.0},{"not_picked":["Compile Driver","BootSequence"],"picked":"Glacier","floor":3.0},{"not_picked":["BootSequence","Leap"],"picked":"Coolheaded","floor":4.0},{"not_picked":["Recycle","Storm"],"picked":"Gash","floor":5.0},{"not_picked":["Fission","Redo"],"picked":"Beam Cell","floor":11.0},{"not_picked":["Storm","Aggregate"],"picked":"Streamline","floor":12.0},{"not_picked":["Self Repair","Steam","Stack"],"picked":"SKIP","floor":14.0},{"not_picked":["Thunder Strike","Amplify"],"picked":"All For One","floor":16.0},{"not_picked":["Rebound","Streamline","Ball Lightning"],"picked":"SKIP","floor":18.0},{"not_picked":["Heatsinks","Conserve Battery","Streamline"],"picked":"SKIP","floor":21.0}],"player_experience":643564,"relics_obtained":[{"floor":9.0,"key":"The Courier"},{"floor":12.0,"key":"Centennial Puzzle"}],"event_choices":[{"cards_removed":["Strike_B"],"damage_healed":0.0,"max_hp_gain":0.0,"max_hp_loss":0.0,"gold_gain":0.0,"event_name":"The Cleric","player_choice":"Card Removal","floor":7.0,"gold_loss":75.0,"damage_taken":0.0},{"damage_healed":0.0,"max_hp_gain":0.0,"max_hp_loss":7.0,"gold_gain":0.0,"event_name":"Golden Idol","player_choice":"Lose Max HP","floor":8.0,"gold_loss":0.0,"damage_taken":0.0,"relics_obtained":["Golden Idol"]},{"damage_healed":0.0,"max_hp_gain":5.0,"max_hp_loss":0.0,"gold_gain":0.0,"event_name":"Big Fish","player_choice":"Donut","floor":10.0,"gold_loss":0.0,"damage_taken":0.0},{"damage_healed":0.0,"max_hp_gain":0.0,"max_hp_loss":0.0,"gold_gain":0.0,"event_name":"Accursed Blacksmith","player_choice":"Forge","floor":13.0,"gold_loss":0.0,"damage_taken":0.0,"cards_upgraded":["Streamline"]},{"damage_healed":0.0,"max_hp_gain":0.0,"max_hp_loss":0.0,"gold_gain":0.0,"event_name":"Addict","player_choice":"Obtained Relic","floor":19.0,"gold_loss":85.0,"damage_taken":0.0,"relics_obtained":["Peace Pipe"]},{"damage_healed":0.0,"max_hp_gain":0.0,"max_hp_loss":0.0,"gold_gain":0.0,"event_name":"Cursed Tome","player_choice":"Ignored","floor":22.0,"gold_loss":0.0,"damage_taken":0.0}],"is_beta":false,"boss_relics":[{"not_picked":["SlaversCollar","Snecko Eye"],"picked":"FrozenCore"}],"items_purged_floors":[],"is_endless":false,"potions_floor_spawned":[1,2,5,11,18],"killed_by":"Gremlin Leader","ascension_level":19}}