{"host":"kq2g769nefmuyn7c","time":1610635344,"event":{"mods":["ATMod(°¢èªMod)","Act Like it!","BaseMod","Gensokyo","Koishi","Minty Spire (QoL Compilation)","Replay The Spire","StSLib","The Marked"],"gold_per_floor":[112,112,130,130,148,148,148],"floor_reached":6,"language":"ZHS","playtime":236,"items_purged":[],"score":45,"play_id":"57db9cb8-9e0d-402a-8289-c1a69746326d","local_time":"20210114224224","is_ascension_mode":true,"campfire_choices":[],"circlet_count":0,"master_deck":["Koishi:BasicStrike","Koishi:BasicStrike","Koishi:BasicStrike","Koishi:BasicStrike","Koishi:BasicDefend","Koishi:BasicDefend","Koishi:BasicDefend","Koishi:BasicDefend","Koishi:Provoke","Koishi:HauntingSlash","Koishi:PredatoryInstincts+1","Koishi:SubconsciousSweep"],"relics":["Koishi:ImaginaryFriend","AT_ATBox","AT_BellDemon","Incense Burner","AT_ImmortalShieldbow","Pet Ghost"],"acts_visited":["Exordium"],"potions_floor_usage":[3],"damage_taken":[{"damage":32,"enemies":"Cultist","floor":1,"turns":5},{"damage":2,"enemies":"Small Slimes","floor":3,"turns":3},{"damage":21,"enemies":"2 Louse","floor":5,"turns":4},{"damage":52,"enemies":"3 Sentries","floor":6,"turns":2}],"seed_played":"4085867073777752863","potions_obtained":[{"floor":1,"key":"DistilledChaos"},{"floor":3,"key":"Doom Potion"}],"is_trial":false,"path_per_floor":["M","?","M","?","M","E"],"character_chosen":"KOISHI","items_purchased":[],"campfire_rested":0,"item_purchase_floors":[],"current_hp_per_floor":[30,30,37,37,27,0,0],"gold":148,"neow_bonus":"RANDOM_COMMON_RELIC","is_daily":false,"chose_seed":false,"campfire_upgraded":0,"win_rate":0.0,"timestamp":1610635344,"path_taken":["M","?","M","?","M","E"],"items_purchased_type":[],"build_version":"2020-12-22","purchased_purges":0,"victory":false,"max_hp_per_floor":[60,60,60,60,60,60,60],"card_choices":[{"not_picked":["Koishi:FourthEye","Koishi:SubterraneanRose"],"picked":"Koishi:PredatoryInstincts","floor":1},{"not_picked":["Koishi:BloodcurdlingScream","Koishi:FidgetySnatcher","Koishi:SpiritedAway"],"picked":"SKIP","floor":3},{"not_picked":["Koishi:UnconsciousUprising","Koishi:RacingHeart"],"picked":"Koishi:SubconsciousSweep","floor":5}],"player_experience":101371,"relics_obtained":[{"floor":1,"key":"Incense Burner"},{"floor":3,"key":"AT_ImmortalShieldbow"},{"floor":5,"key":"Pet Ghost"}],"event_choices":[{"damage_healed":0,"gold_gain":0,"player_choice":"Ignored","damage_taken":0,"max_hp_gain":0,"max_hp_loss":0,"event_name":"Liars Game","floor":2,"gold_loss":0}],"is_beta":false,"boss_relics":[],"items_purged_floors":[],"is_endless":false,"potions_floor_spawned":[1,3],"killed_by":"3 Sentries","ascension_level":5}}