{"host":"rzvepkyh9344fbo1","time":1610600429,"event":{"mods":["BaseMod","Colored Map","Colored Powertips","Curses Come First","Downfall","Minty Spire (QoL Compilation)","Replay The Spire","StSLib","The Cursed"],"gold_per_floor":[99,115,115,115,115,115,135,160,160,110,125,225,40,57,92,92,110,207,207,82,99,99,115,25,36,63,63,63,63],"floor_reached":27,"language":"ENG","playtime":3061,"items_purged":["Regret"],"score":246,"play_id":"01338794-c90f-4984-8d61-f8bc6896d89f","local_time":"20210114160029","is_ascension_mode":false,"campfire_choices":[{"data":"Slimebound:Split","floor":1,"key":"SMITH"},{"data":"Slimebound:Equalize","floor":10,"key":"SMITH"},{"data":"Slimebound:LeadByExample","floor":20,"key":"SMITH"}],"circlet_count":0,"master_deck":["Slimebound:Tackle","Slimebound:Defend_Slimebound+1","Slimebound:Defend_Slimebound","Slimebound:Defend_Slimebound+1","Slimebound:Split+1","Slimebound:CorrosiveSpit","Slimebound:LeechEnergy","Slimebound:PressTheAttack","Slimebound:Equalize+1","Slimebound:PressTheAttack","Slimebound:PrepareCrush+1","Slimebound:OozeBath","Slimebound:AcidTongue+1","expansioncontent:Collect","Slimebound:SlimeSpikes","Slimebound:LeadByExample+1","Slimebound:PrepareCrush+1","Slimebound:LeechingTouch+1","Slimebound:Equalize+1","Slimebound:SplitMire+1","Slimebound:GoopSpray","Bite","Bite","Bite","Bite","Bite","Slimebound:MassFeed+1","Slimebound:ProtectTheBoss+1"],"relics":["Slimebound:AbsorbEndCombat","Slimebound:GreedOozeRelic","Ornamental Fan","ReplayTheSpireMod:TigerMarble","Gremlin Horn","Golden Egg","Astrolabe","downfall:HeartBlessingGreen","Replay:Baseball"],"acts_visited":["Exordium","TheCity"],"potions_floor_usage":[8,12,13,18,27],"damage_taken":[{"damage":14,"enemies":"Small Slimes","floor":2,"turns":3},{"damage":14,"enemies":"Jaw Worm","floor":7,"turns":3},{"damage":25,"enemies":"3 Sentries","floor":8,"turns":6},{"damage":4,"enemies":"Cultist","floor":11,"turns":2},{"damage":53,"enemies":"downfall:Heads","floor":12,"turns":5},{"damage":18,"enemies":"downfall:FleeingMerchant","floor":13,"turns":4},{"damage":24,"enemies":"Large Slime","floor":14,"turns":3},{"damage":22,"enemies":"Gremlin Nob","floor":15,"turns":3},{"damage":8,"enemies":"2 Fungi Beasts","floor":17,"turns":2},{"damage":42,"enemies":"downfall:Ironclad","floor":18,"turns":6},{"damage":22,"enemies":"3 Byrds","floor":21,"turns":4},{"damage":14,"enemies":"Chosen","floor":23,"turns":3},{"damage":3,"enemies":"downfall:FleeingMerchant","floor":24,"turns":4},{"damage":15,"enemies":"3 Cultists","floor":25,"turns":3},{"damage":59,"enemies":"Slavers","floor":27,"turns":3}],"seed_played":"2016949167506093507","potions_obtained":[{"floor":7,"key":"LifebloodPotion"},{"floor":11,"key":"Venom Potion"},{"floor":12,"key":"Swift Potion"},{"floor":15,"key":"Slimebound:SlimedPotion"},{"floor":25,"key":"Slimebound:SlimedPotion"}],"is_trial":false,"path_per_floor":["R","M","?","T","PTL","PTL","M","E","T","R","M","?","$","M","E","?","M","B",null,"R","M","?","M","$","M","T","E"],"character_chosen":"SLIMEBOUND","items_purchased":["Slimebound:AcidTongue","expansioncontent:Collect"],"campfire_rested":0,"item_purchase_floors":[13,13],"current_hp_per_floor":[66,64,64,64,64,64,66,60,60,60,66,21,33,37,39,39,49,47,66,66,56,46,40,43,46,46,0,0,0],"gold":63,"neow_bonus":"TEN_PERCENT_HP_BONUS","is_daily":false,"chose_seed":false,"campfire_upgraded":3,"win_rate":0.0,"timestamp":1610600429,"path_taken":["R","M","?","?","PTL","PTL","M","E","T","R","?","?","$","M","E","?","M","BOSS","R","M","?","M","$","M","T","E"],"items_purchased_type":["Card","Card"],"build_version":"2020-12-22","purchased_purges":1,"victory":false,"max_hp_per_floor":[66,66,66,66,66,66,66,66,66,66,66,66,66,66,66,66,66,66,66,66,66,46,46,46,46,46,46,46,46],"card_choices":[{"not_picked":["Slimebound:SlimeSpikes","Slimebound:ViciousTackle"],"picked":"Slimebound:LeechEnergy","floor":2},{"not_picked":["Slimebound:Chomp","Slimebound:BestDefense"],"picked":"Slimebound:PressTheAttack","floor":7},{"not_picked":["Slimebound:SplitAcid","Slimebound:FormOfPuddle"],"picked":"Slimebound:Equalize","floor":8},{"not_picked":["Slimebound:ViciousTackle","Slimebound:GrowthPunch"],"picked":"Slimebound:PressTheAttack","floor":11},{"not_picked":["Slimebound:TongueLash","Slimebound:SplitAcid"],"picked":"Slimebound:PressTheAttack","floor":12},{"not_picked":["Slimebound:ItLooksTasty","Slimebound:SlimeBarrage"],"picked":"Slimebound:OozeBath","floor":13},{"not_picked":["Slimebound:ForwardTackle","Slimebound:Gluttony"],"picked":"Slimebound:SlimeSpikes","floor":14},{"not_picked":["Slimebound:SplitBruiser","Slimebound:SamplingLick"],"picked":"Slimebound:FirmFortitude","floor":15},{"not_picked":["Slimebound:LeechEnergy","Slimebound:FinishingTackle"],"picked":"Slimebound:LeadByExample","floor":17},{"not_picked":["Slimebound:SlimeSlap","Slimebound:WasteNot"],"picked":"Slimebound:PrepareCrush","floor":18},{"not_picked":["Slimebound:PressTheAttack","Slimebound:SlimeSpikes+1"],"picked":"Slimebound:GoopSpray","floor":21},{"not_picked":["Slimebound:ViciousTackle+1","Slimebound:Schlurp"],"picked":"Slimebound:MassFeed","floor":23},{"not_picked":["Slimebound:ComboTackle+1","Slimebound:LeadByExample"],"picked":"Slimebound:ProtectTheBoss","floor":24},{"not_picked":["Slimebound:PressTheAttack","Slimebound:Schlurp+1","Slimebound:ComboTackle"],"picked":"SKIP","floor":25}],"player_experience":180508,"relics_obtained":[{"floor":4,"key":"Ornamental Fan"},{"floor":8,"key":"ReplayTheSpireMod:TigerMarble"},{"floor":9,"key":"Gremlin Horn"},{"floor":15,"key":"Golden Egg"},{"floor":26,"key":"Replay:Baseball"}],"event_choices":[{"damage_healed":0,"gold_gain":0,"player_choice":"Became a vampire","damage_taken":0,"max_hp_gain":0,"max_hp_loss":20,"event_name":"Vampires","floor":22,"gold_loss":0,"cards_obtained":["Bite","Bite","Bite","Bite","Bite"]}],"is_beta":false,"boss_relics":[{"not_picked":["ChewingGum","Busted Crown"],"picked":"Astrolabe"}],"items_purged_floors":[24],"is_endless":false,"potions_floor_spawned":[7,11,12,15,25],"killed_by":"Slavers","ascension_level":0}}