{"host":"l1bfbgeb3oxa8ieg","time":1610611831,"event":{"mods":["AlwaysNeverKeys","Aspiration","BaseMod","Beaked The Cultist","Better Match","Better Note","Better Third Choice","BetterRewards","Colored Powertips","Conspire","Downfall","Energized Spire","Fiend Mod","Friendly Minions","Halation","Infinite Spire","Minty Spire (QoL Compilation)","Permanent Neow","Quick Restart","Replay The Spire","Shop Mod","Spicy Shops","Spikes Relics","StSLib","TestMod","The Blackbeard","The Mystic","The Necromancer","Uncapped","UnlockEverythingMod","vexMod"],"gold_per_floor":[111,85,98,98,98,98,98,98,98,114,114,140,157,168,168,269,269,269,269],"floor_reached":18,"language":"ENG","playtime":1245,"items_purged":[],"score":160,"play_id":"58e9e08b-c393-4189-8830-e68f75cdb37e","local_time":"20210114091031","is_ascension_mode":false,"campfire_choices":[{"data":"Neutralize","floor":6.0,"key":"SMITH"},{"data":"Footwork","floor":11.0,"key":"SMITH"},{"floor":15.0,"key":"REST"}],"circlet_count":0,"master_deck":["Strike_G","Strike_G","Strike_G","Strike_G","Strike_G","Defend_G","Defend_G","Defend_G","Defend_G","Defend_G","Survivor","Neutralize+1","Adrenaline+1","Slice","Backflip","PiercingWail","Footwork+1","Concentrate","Replay:Bag of Tricks","Sucker Punch","Cloak And Dagger","Envenom"],"relics":["Ring of the Snake","testmod-TestBox","testmod-TurbochargingSystem","SpikesRelics:ToyHorsey","Dream Catcher","testmod-LifeArmor","ReplayTheSpireMod:DimensionalGlitch"],"acts_visited":["Exordium","TheCity"],"potions_floor_usage":[],"damage_taken":[{"damage":0.0,"enemies":"Small Slimes","floor":1.0,"turns":5.0},{"damage":0.0,"enemies":"Cultist","floor":3.0,"turns":4.0},{"damage":0.0,"enemies":"2 Louse","floor":10.0,"turns":2.0},{"damage":39.0,"enemies":"Gremlin Nob","floor":12.0,"turns":7.0},{"damage":4.0,"enemies":"2 Fungi Beasts","floor":13.0,"turns":3.0},{"damage":0.0,"enemies":"Red Slaver","floor":14.0,"turns":3.0},{"damage":29.0,"enemies":"Slime Boss","floor":16.0,"turns":11.0},{"damage":0,"enemies":"3 Byrds","floor":18,"turns":1}],"seed_played":"5929896126777469766","potions_obtained":[{"floor":3.0,"key":"ColorlessPotion"},{"floor":12.0,"key":"DuplicationPotion"},{"floor":14.0,"key":"PowerPotion"}],"is_trial":false,"path_per_floor":["M","$","M","?","$","R","?","?","T","M","R","E","M","M","R","B",null,"M"],"character_chosen":"THE_SILENT","items_purchased":["Backflip"],"campfire_rested":1,"item_purchase_floors":[2],"current_hp_per_floor":[70,70,70,70,70,70,67,67,67,67,67,28,24,24,45,16,70,70,70],"gold":269,"neow_bonus":"ONE_RANDOM_RARE_CARD","is_daily":false,"chose_seed":false,"campfire_upgraded":2,"win_rate":0.0,"timestamp":1610611831,"path_taken":["M","$","M","?","?","R","?","?","T","M","R","E","M","?","R","BOSS","M"],"items_purchased_type":["Card"],"build_version":"2020-12-22","purchased_purges":0,"victory":false,"max_hp_per_floor":[70,70,70,70,70,70,70,70,70,70,70,70,70,70,70,70,70,70,70],"card_choices":[{"not_picked":["ReplayTheSpireMod:Speed Training","Calculated Gamble"],"picked":"Slice","floor":1.0},{"not_picked":["Dagger Spray","Infinite Blades"],"picked":"PiercingWail","floor":3.0},{"not_picked":["Acrobatics","Accuracy"],"picked":"Footwork","floor":10.0},{"not_picked":["Slice","Deadly Poison"],"picked":"Concentrate","floor":12.0},{"not_picked":["All Out Attack","Prepared"],"picked":"Replay:Bag of Tricks","floor":13.0},{"not_picked":["conspire:DoublingDagger","Dagger Spray"],"picked":"Sucker Punch","floor":14.0},{"not_picked":["Deadly Poison","Acrobatics"],"picked":"Cloak And Dagger","floor":15.0},{"not_picked":["Corpse Explosion","Night Terror"],"picked":"Envenom","floor":16.0}],"player_experience":220106,"relics_obtained":[{"floor":8.0,"key":"SpikesRelics:ToyHorsey"},{"floor":9.0,"key":"Dream Catcher"},{"floor":12.0,"key":"testmod-LifeArmor"}],"event_choices":[{"damage_healed":0.0,"max_hp_gain":0.0,"max_hp_loss":0.0,"gold_gain":0.0,"event_name":"Accursed Blacksmith","player_choice":"Forge","floor":4.0,"gold_loss":0.0,"damage_taken":0.0,"cards_upgraded":["Adrenaline"]},{"damage_healed":0.0,"max_hp_gain":0.0,"max_hp_loss":0.0,"gold_gain":0.0,"event_name":"betterThird:BetterScrap","player_choice":"Relic ","floor":7.0,"gold_loss":0.0,"damage_taken":3.0,"cards_obtained":["Blood for Blood"]},{"damage_healed":0.0,"max_hp_gain":0.0,"max_hp_loss":0.0,"gold_gain":0.0,"event_name":"Wheel of Change","player_choice":"Relic","floor":8.0,"gold_loss":0.0,"damage_taken":0.0}],"is_beta":false,"boss_relics":[{"not_picked":["Cursed Key","vexMod:EndlessSickness"],"picked":"ReplayTheSpireMod:DimensionalGlitch"}],"items_purged_floors":[],"is_endless":false,"potions_floor_spawned":[3,12,14],"killed_by":"3 Byrds","ascension_level":0}}