{"host":"l84l8xigz5v5foa2","time":1610630904,"event":{"mods":["2.2 Compatiblity","AchievementEnabler","BaseMod","Better Note","Better Vampires","Card Filter","Colored Map","DeckTracker","Downfall","Gremlin Skip","Highlight Path","Keyboard Shortcuts","Minty Spire (QoL Compilation)","Permanent Neow","Quick Restart","Relic Filter","Relic Stats","StSLib","SuperFastMode","Transform Curses","Unknown Chances"],"gold_per_floor":[99,110,128,128,228,228,228,242,68,84,84,95,95,113,129,129,129,129],"floor_reached":16,"language":"ENG","playtime":531,"items_purged":["Slimebound:Icky"],"score":188,"play_id":"cd7e294b-6f68-4105-a950-cc42c84ce5fe","local_time":"20210114222824","is_ascension_mode":true,"campfire_choices":[{"data":"Guardian:TwinSlam","floor":1.0,"key":"SMITH"},{"data":"Guardian:CurlUp","floor":6.0,"key":"SMITH"},{"data":"Guardian:Suspension","floor":11.0,"key":"SMITH"},{"data":"Guardian:BaubleBeam","floor":13.0,"key":"SMITH"}],"circlet_count":0,"master_deck":["AscendersBane","Guardian:Strike_Guardian","Guardian:Strike_Guardian","Guardian:Strike_Guardian","Guardian:Defend_Guardian","Guardian:Defend_Guardian","Guardian:Defend_Guardian","Guardian:Defend_Guardian","Guardian:CurlUp+1","Guardian:TwinSlam+1","Guardian:BaubleBeam+1","Guardian:Incinerate","Guardian:FuturePlans","Guardian:Suspension+1","Guardian:Recover"],"relics":["Guardian:ModeShifter","downfall:ShatteredFragment","Molten Egg 2"],"acts_visited":["Exordium"],"potions_floor_usage":[16],"damage_taken":[{"damage":0.0,"enemies":"Cultist","floor":2.0,"turns":4.0},{"damage":14.0,"enemies":"Jaw Worm","floor":3.0,"turns":4.0},{"damage":0.0,"enemies":"2 Louse","floor":8.0,"turns":2.0},{"damage":0.0,"enemies":"downfall:FleeingMerchant","floor":9.0,"turns":4.0},{"damage":7.0,"enemies":"Exordium Thugs","floor":10.0,"turns":4.0},{"damage":4.0,"enemies":"Large Slime","floor":12.0,"turns":4.0},{"damage":1.0,"enemies":"3 Louse","floor":14.0,"turns":2.0},{"damage":6,"enemies":"Exordium Wildlife","floor":15,"turns":2},{"damage":15,"enemies":"downfall:Defect","floor":16,"turns":5}],"seed_played":"8510478493792200664","potions_obtained":[{"floor":3.0,"key":"LiquidMemories"},{"floor":8.0,"key":"sneckomod:MuddlingPotion"},{"floor":15,"key":"Swift Potion"}],"is_trial":false,"path_per_floor":["R","M","M","?","?","R","T","M","$","M","R","M","R","M","M","B"],"character_chosen":"GUARDIAN","items_purchased":["Guardian:FuturePlans"],"campfire_rested":0,"item_purchase_floors":[9],"current_hp_per_floor":[65,65,51,27,27,27,27,27,27,20,20,16,16,15,9,0,0,0],"gold":129,"neow_bonus":"TRANSFORM_CARD","is_daily":false,"chose_seed":false,"campfire_upgraded":4,"win_rate":0.0,"timestamp":1610630904,"path_taken":["R","M","?","?","?","R","T","M","$","M","R","M","R","M","M","BOSS"],"items_purchased_type":["Card"],"build_version":"2020-12-22","purchased_purges":1,"victory":false,"max_hp_per_floor":[72,72,72,72,72,72,72,72,72,72,72,72,72,72,72,72,72,72],"relic_stats":{"counters":[9,31],"obtain_stats":[{"downfall:ShatteredFragment":4,"Guardian:ModeShifter":0,"Molten Egg 2":7},{"downfall:ShatteredFragment":2,"Guardian:ModeShifter":0,"Molten Egg 2":2},{"downfall:ShatteredFragment":8,"Guardian:ModeShifter":0,"Molten Egg 2":8}]},"card_choices":[{"not_picked":["Guardian:Gem_Cyan","Guardian:ChargeUp"],"picked":"Guardian:Incinerate","floor":2.0},{"not_picked":["Guardian:RefractedBeam","Guardian:PrimingBeam","Guardian:GatlingBeam"],"picked":"SKIP","floor":3.0},{"not_picked":["Guardian:DecasProtection","Guardian:Planning","Guardian:Incinerate+1"],"picked":"SKIP","floor":8.0},{"not_picked":["Guardian:TemporalShield","Guardian:BronzeArmor"],"picked":"Guardian:Gem_Red","floor":9.0},{"not_picked":["Guardian:Harden","Guardian:ShieldSpikes"],"picked":"Guardian:Suspension","floor":10.0},{"not_picked":["Guardian:Harden","Guardian:Gem_Purple"],"picked":"Guardian:Gem_Fragmented","floor":12.0},{"not_picked":["Guardian:Planning","Guardian:CrystalBeam+1"],"picked":"Guardian:Recover","floor":14.0},{"not_picked":["Guardian:Gem_Red","Guardian:PolyBeam+1","Guardian:VentSteam"],"picked":"SKIP","floor":15}],"player_experience":3197757,"relics_obtained":[{"floor":7.0,"key":"Molten Egg 2"}],"event_choices":[],"is_beta":false,"boss_relics":[],"items_purged_floors":[9],"is_endless":false,"potions_floor_spawned":[3,8,15],"killed_by":"downfall:Defect","ascension_level":20}}