{"host":"llpusn9usp8rznkj","time":1610658012,"event":{"mods":["2.2 Compatiblity","Aspiration","BaseMod","Colored Map","Colored Powertips","Conspire","Hubris","Minty Spire (QoL Compilation)","Quick Restart","Rare Cards Sparkle","Replay The Spire","StSLib","The Cursed"],"gold_per_floor":[116,128,128,146,214,214,246,246,272,272,272,298,298,298,298,371,371,384,384,220,220,140,168,168,202,202,202,202,214,214,214,214,214,214],"floor_reached":33,"language":"ENG","playtime":1442,"items_purged":["Strike_G"],"score":570,"play_id":"e769fec3-ac46-4472-82a8-fc77543ef9b4","local_time":"20210114160012","is_ascension_mode":true,"campfire_choices":[{"data":"Draining Mist","floor":6,"key":"SMITH"},{"data":"Prepared","floor":8,"key":"SMITH"},{"floor":10,"key":"REST"},{"floor":15,"key":"REST"},{"data":"After Image","floor":24,"key":"SMITH"},{"floor":28,"key":"REST"},{"data":"Defragment","floor":30,"key":"SMITH"},{"data":"Neutralize","floor":32,"key":"SMITH"}],"circlet_count":0,"master_deck":["AscendersBane","Strike_G","Strike_G","Strike_G","Strike_G","Defend_G","Defend_G","Defend_G","Defend_G","Defend_G","Survivor","Neutralize+1","Blade Dance","Poisoned Stab","Draining Mist+1","Prepared+1","Storm of Steel","After Image+1","Malaise","Defragment+1","Ball Lightning","FTL","Backstab"],"relics":["Ring of the Snake","NeowsBlessing","ReplayTheSpireMod:Ring of Collecting","Juzu Bracelet","PreservedInsect","Bronze Scales","hubris:64BitClover","aspiration:BabyByrd","aspiration:DefectSkillbook","Nloth\u0027s Gift","hubris:AncientText","hubris:DisguiseKit","Ring of Fangs","aspiration:HummingbirdHeart"],"acts_visited":["Exordium","TheCity"],"potions_floor_usage":[7,7,16,18,33],"damage_taken":[{"damage":0,"enemies":"2 Louse","floor":1,"turns":1},{"damage":0,"enemies":"Jaw Worm","floor":2,"turns":1},{"damage":0,"enemies":"Cultist","floor":4,"turns":1},{"damage":44,"enemies":"Gremlin Nob","floor":7,"turns":6},{"damage":23,"enemies":"Lagavulin","floor":12,"turns":4},{"damage":45,"enemies":"Fading Forest","floor":16,"turns":13},{"damage":7,"enemies":"Shell Parasite","floor":18,"turns":4},{"damage":21,"enemies":"conspire:SneckoGhost","floor":23,"turns":5},{"damage":7,"enemies":"Replay:Snechameleon","floor":25,"turns":8},{"damage":4,"enemies":"Spheric Guardian","floor":29,"turns":4},{"damage":44,"enemies":"Collector","floor":33,"turns":8}],"seed_played":"7697195687246634775","potions_obtained":[{"floor":4,"key":"SkillPotion"},{"floor":5,"key":"Block Potion"},{"floor":12,"key":"Weak Potion"},{"floor":16,"key":"LifebloodPotion"},{"floor":18,"key":"Ancient Potion"},{"floor":29,"key":"CultistPotion"}],"is_trial":false,"path_per_floor":["M","M","?","M","?","R","E","R","T","R","?","E","?","?","R","B",null,"M","?","$","?","?","E","R","E","T","?","R","M","R","?","R","B"],"character_chosen":"THE_SILENT","items_purchased":["Defragment"],"campfire_rested":3,"item_purchase_floors":[20],"current_hp_per_floor":[59,59,59,59,59,59,15,15,15,34,34,11,11,11,30,7,51,44,44,44,44,44,23,23,16,16,16,35,31,31,44,44,0,0],"gold":214,"neow_bonus":"THREE_ENEMY_KILL","is_daily":false,"chose_seed":false,"campfire_upgraded":5,"win_rate":0.0,"timestamp":1610658012,"path_taken":["M","M","?","M","?","R","E","R","T","R","?","E","?","?","R","BOSS","M","?","$","?","?","E","R","E","T","?","R","M","R","?","R","BOSS"],"items_purchased_type":["Card"],"build_version":"2020-12-22","purchased_purges":1,"victory":false,"max_hp_per_floor":[66,66,66,66,66,66,66,66,66,66,66,66,66,66,66,66,66,66,66,66,66,66,66,66,66,66,66,66,66,66,66,66,66,66],"card_choices":[{"not_picked":["Acrobatics","All Out Attack"],"picked":"Blade Dance","floor":1},{"not_picked":["Infinite Blades","Dagger Throw"],"picked":"Poisoned Stab","floor":2},{"not_picked":["Cloak And Dagger","Catalyst"],"picked":"Draining Mist","floor":4},{"not_picked":["All Out Attack","Slice"],"picked":"Prepared","floor":5},{"not_picked":["hubris:SlightOfHand","All Out Attack"],"picked":"Storm of Steel","floor":7},{"not_picked":["Crippling Poison","PiercingWail"],"picked":"After Image","floor":12},{"not_picked":["Glass Knife","Wraith Form v2"],"picked":"Malaise","floor":16},{"not_picked":["Panic Button","Redo","Cloak And Dagger","Bane"],"picked":"SKIP","floor":18},{"not_picked":["Go for the Eyes","Electrodynamics","Prepared"],"picked":"Ball Lightning","floor":23},{"not_picked":["Heatsinks","Aggregate","Flying Knee"],"picked":"FTL","floor":25},{"not_picked":["Dash","Leg Sweep","Multi-Cast","WindmillStrike"],"picked":"Backstab","floor":29}],"player_experience":1146562,"relics_obtained":[{"floor":3,"key":"ReplayTheSpireMod:Ring of Challenge"},{"floor":3,"key":"ReplayTheSpireMod:Ring of Collecting"},{"floor":5,"key":"Juzu Bracelet"},{"floor":7,"key":"PreservedInsect"},{"floor":9,"key":"Bronze Scales"},{"floor":12,"key":"hubris:64BitClover"},{"floor":23,"key":"hubris:AncientText"},{"floor":25,"key":"hubris:DisguiseKit"},{"floor":26,"key":"Ring of Fangs"},{"floor":26,"key":"aspiration:HummingbirdHeart"}],"event_choices":[{"cards_removed":["Delirium"],"damage_healed":0,"gold_gain":0,"player_choice":"Forget","damage_taken":0,"max_hp_gain":0,"max_hp_loss":0,"event_name":"Living Wall","floor":11,"gold_loss":0},{"damage_healed":0,"gold_gain":0,"player_choice":"Traded Relic","damage_taken":0,"relics_obtained":["Nloth\u0027s Gift"],"max_hp_gain":0,"max_hp_loss":0,"event_name":"N\u0027loth","floor":19,"relics_lost":["ReplayTheSpireMod:Ring of Challenge"],"gold_loss":0},{"damage_healed":0,"gold_gain":0,"player_choice":"Ignored","damage_taken":0,"max_hp_gain":0,"max_hp_loss":0,"event_name":"Ghosts","floor":21,"gold_loss":0},{"damage_healed":13,"gold_gain":0,"player_choice":"Heal","damage_taken":0,"max_hp_gain":0,"max_hp_loss":0,"event_name":"The Library","floor":31,"gold_loss":0}],"is_beta":false,"boss_relics":[{"not_picked":["Coffee Dripper","hubris:HollowSoul"],"picked":"aspiration:DefectSkillbook"}],"items_purged_floors":[20],"is_endless":false,"potions_floor_spawned":[4,12,16,18,29],"killed_by":"Collector","ascension_level":20}}