{"host":"61xbmbtf5zrn7rzc","time":1610659522,"event":{"mods":["BaseMod","Challenge The Spire","Hubris","Infinite Spire","Minty Spire (QoL Compilation)","Replay The Spire","StSLib","SuperFastMode"],"gold_per_floor":[109,109,34,34,49,49,74,74,74,74,86,121,121,147,147,243,243,255,266,16,16,16,16,49,99,99,126,126,146,173,188,188,284,284,295,295,309,309,409,443,496,521,545,545,560,560,572,350,350,350,350],"floor_reached":50,"language":"ENG","playtime":2405,"items_purged":["Strike_G","Strike_G"],"score":739,"play_id":"87f3afa8-8e6b-465f-adf7-338e37d4d455","local_time":"20210114162522","is_ascension_mode":true,"campfire_choices":[{"data":"Caltrops","floor":6,"key":"SMITH"},{"data":"Survivor","floor":8,"key":"SMITH"},{"data":"Draining Mist","floor":15,"key":"SMITH"},{"data":"infinitespire:Oblivion","floor":23,"key":"SMITH"},{"data":"Footwork","floor":28,"key":"SMITH"},{"floor":32,"key":"REST"},{"data":"infinitespire:Collect","floor":44,"key":"SMITH"},{"data":"Backstab","floor":46,"key":"SMITH"},{"data":"After Image","floor":49,"key":"SMITH"}],"circlet_count":0,"master_deck":["Strike_G+1","Defend_G","Defend_G","Defend_G","Defend_G","Defend_G","Survivor+1","Neutralize+1","Escape Plan","Caltrops+1","All Out Attack","Dagger Throw","Footwork+1","Backstab+1","Draining Mist+1","Writhe","m_Survivalism","After Image+1","Swift Strike+1","infinitespire:Oblivion+1","Fluid Movement","Noxious Fumes+1","infinitespire:Collect+1","Fluid Movement+1","Backstab","hubris:NaturalOne","Backstab"],"relics":["Ring of the Snake","NeowsBlessing","Lantern","Turnip","Ancient Tea Set","ReplayTheSpireMod:SealedPack","HandDrill","Replay:Rubber Ducky","Replay:Towering Pillar of Hats","Tiny House","Bag of Marbles","hubris:MedicalManual","Centennial Puzzle","hubris:CrackedHourglass","Pondfish Scales","hubris:Icosahedron","Torii","Blue Candle","hubris:Zylophone","MealTicket","PreservedInsect","TwistedFunnel"],"acts_visited":["Exordium","TheCity","TheBeyond"],"potions_floor_usage":[12,14,24,27,29,33,33,33,40,41,50,50],"damage_taken":[{"damage":0,"enemies":"Cultist","floor":1,"turns":1},{"damage":0,"enemies":"Small Slimes","floor":5,"turns":1},{"damage":0,"enemies":"Gremlin Nob","floor":7,"turns":1},{"damage":0,"enemies":"2 Louse","floor":11,"turns":2},{"damage":7,"enemies":"Lagavulin","floor":12,"turns":7},{"damage":14,"enemies":"Gremlin Nob","floor":14,"turns":4},{"damage":5,"enemies":"Hexaghost","floor":16,"turns":9},{"damage":0,"enemies":"Chosen","floor":18,"turns":6},{"damage":8,"enemies":"Spheric Guardian","floor":19,"turns":5},{"damage":5,"enemies":"Book of Stabbing","floor":24,"turns":5},{"damage":29,"enemies":"Slavers","floor":27,"turns":5},{"damage":3,"enemies":"Shelled Parasite and Fungi","floor":29,"turns":5},{"damage":4,"enemies":"Book of Stabbing","floor":30,"turns":5},{"damage":0,"enemies":"Snecko","floor":31,"turns":4},{"damage":0,"enemies":"Champ","floor":33,"turns":9},{"damage":8,"enemies":"3 Shapes","floor":35,"turns":4},{"damage":0,"enemies":"Orb Walker","floor":37,"turns":4},{"damage":11,"enemies":"infinitespire:Three Voidlings","floor":39,"turns":5},{"damage":0,"enemies":"Nightmare_Alpha","floor":39,"turns":13},{"damage":0,"enemies":"R_Hoarder","floor":40,"turns":8},{"damage":1,"enemies":"2 Orb Walkers","floor":41,"turns":5},{"damage":22,"enemies":"Reptomancer","floor":42,"turns":9},{"damage":2,"enemies":"3 Darklings","floor":45,"turns":4},{"damage":3,"enemies":"Writhing Mass","floor":47,"turns":5},{"damage":33,"enemies":"LordOfAnnihilation","floor":50,"turns":14}],"seed_played":"8228360364650927402","potions_obtained":[{"floor":11,"key":"Adrenaline Potion"},{"floor":12,"key":"Block Potion"},{"floor":14,"key":"SpeedPotion"},{"floor":22,"key":"SkillPotion"},{"floor":22,"key":"PowerPotion"},{"floor":22,"key":"BlessingOfTheForge"},{"floor":24,"key":"Strength Potion"},{"floor":25,"key":"SkillPotion"},{"floor":30,"key":"LiquidMemories"},{"floor":31,"key":"Dexterity Potion"},{"floor":33,"key":"Fire Potion"},{"floor":37,"key":"SteroidPotion"},{"floor":40,"key":"SteroidPotion"},{"floor":42,"key":"Block Potion"},{"floor":45,"key":"Dexterity Potion"}],"is_trial":false,"path_per_floor":["M","?","$","$","M","R","E","R","T","?","M","E","?","E","R","B",null,"M","M","$","?","?","R","E","AVR","T","E","R","M","E","M","R","B",null,"M","T","M","?","?","E","?","E","T","R","M","R","M","$","R","B"],"character_chosen":"THE_SILENT","items_purchased":["HandDrill","TwistedFunnel","Backstab"],"campfire_rested":1,"item_purchase_floors":[20,48,48],"current_hp_per_floor":[70,56,56,56,56,56,56,56,56,56,56,49,49,35,35,30,70,70,62,62,62,62,62,57,62,62,33,33,30,26,26,48,48,75,67,67,67,67,67,67,66,44,44,44,42,42,39,54,54,0,0],"gold":350,"neow_bonus":"THREE_ENEMY_KILL","is_daily":false,"chose_seed":false,"campfire_upgraded":8,"win_rate":0.0,"timestamp":1610659522,"path_taken":["M","?","?","$","?","R","E","R","T","?","?","E","?","E","R","BOSS","M","?","$","?","?","R","E","AVR","T","E","R","M","E","M","R","BOSS","M","?","M","?","?","E","?","E","T","R","M","R","M","$","R","BOSS"],"items_purchased_type":["Relic","Relic","Card"],"build_version":"2020-12-22","purchased_purges":2,"victory":false,"max_hp_per_floor":[70,70,70,70,70,70,70,70,70,70,70,70,70,70,70,70,70,70,70,70,70,70,70,70,75,75,75,75,75,75,75,75,75,75,75,75,75,75,75,75,75,75,75,75,75,75,75,75,75,75,75],"card_choices":[{"not_picked":["Well Laid Plans","Flying Knee"],"picked":"Escape Plan","floor":1},{"not_picked":["Quick Slash","hubris:Counter"],"picked":"Caltrops","floor":5},{"not_picked":["Distraction","Die Die Die"],"picked":"All Out Attack","floor":7},{"not_picked":["Prepared","Backflip"],"picked":"Dagger Throw","floor":11},{"not_picked":["Slice","Phantasmal Killer"],"picked":"Footwork","floor":12},{"not_picked":["Toxin Wave","Deflect"],"picked":"Draining Mist","floor":14},{"not_picked":["Zap","Bash"],"picked":"m_Survivalism","floor":17},{"not_picked":["Wraith Form v2","Grand Finale"],"picked":"After Image","floor":17},{"not_picked":["Impatience","ReplayTheSpireMod:Trickstab"],"picked":"Swift Strike","floor":17},{"not_picked":["infinitespire:FinalStrike","infinitespire:SevenWalls"],"picked":"infinitespire:Oblivion","floor":17},{"not_picked":["Riddle With Holes+1","hubris:Sniper","Bouncing Flask"],"picked":"SKIP","floor":18},{"not_picked":["Sucker Punch","A Thousand Cuts","Dagger Throw"],"picked":"SKIP","floor":19},{"not_picked":["Deflect","Hidden Blade+1","Dodge and Roll"],"picked":"SKIP","floor":24},{"not_picked":["Slice","Endless Agony"],"picked":"Fluid Movement","floor":25},{"not_picked":["Quick Slash","Storm of Steel"],"picked":"Noxious Fumes+1","floor":27},{"not_picked":["Prepared","Expertise","Catalyst"],"picked":"SKIP","floor":29},{"not_picked":["Prepared","Cloak And Dagger+1","Replay:Bag of Tricks"],"picked":"SKIP","floor":30},{"not_picked":["Dodge and Roll","Poisoned Stab+1","Cloak And Dagger"],"picked":"SKIP","floor":31},{"not_picked":["Slice+1","Accuracy","Sucker Punch"],"picked":"SKIP","floor":35},{"not_picked":["hubris:SlightOfHand+1","Dash","Deflect"],"picked":"SKIP","floor":37},{"not_picked":["infinitespire:Execution","infinitespire:Oblivion"],"picked":"infinitespire:Collect","floor":39},{"not_picked":["Footwork","hubris:SlightOfHand+1"],"picked":"Fluid Movement+1","floor":40},{"not_picked":["Outmaneuver+1","Cloak And Dagger"],"picked":"Backstab","floor":42},{"not_picked":["Underhanded Strike+1","Acrobatics","Leg Sweep"],"picked":"SKIP","floor":45},{"not_picked":["Deflect","All Out Attack+1","Dash"],"picked":"SKIP","floor":47}],"player_experience":117137,"relics_obtained":[{"floor":7,"key":"Lantern"},{"floor":12,"key":"Turnip"},{"floor":14,"key":"Ancient Tea Set"},{"floor":24,"key":"Replay:Rubber Ducky"},{"floor":26,"key":"Bag of Marbles"},{"floor":27,"key":"hubris:MedicalManual"},{"floor":30,"key":"Centennial Puzzle"},{"floor":36,"key":"Pondfish Scales"},{"floor":39,"key":"Torii"},{"floor":40,"key":"Blue Candle"},{"floor":41,"key":"hubris:Zylophone"},{"floor":42,"key":"MealTicket"},{"floor":43,"key":"PreservedInsect"}],"event_choices":[{"damage_healed":0,"gold_gain":0,"player_choice":"Entered Light","damage_taken":14,"max_hp_gain":0,"max_hp_loss":0,"event_name":"Shining Light","floor":2,"gold_loss":0,"cards_upgraded":["Strike_G","Neutralize"]},{"cards_removed":["Strike_G"],"damage_healed":0,"gold_gain":0,"player_choice":"Offered Basic","damage_taken":0,"max_hp_gain":0,"max_hp_loss":0,"event_name":"Bonfire Elementals","floor":10,"gold_loss":0},{"damage_healed":0,"gold_gain":0,"cards_transformed":["Strike_G"],"player_choice":"Transformed","damage_taken":0,"max_hp_gain":0,"max_hp_loss":0,"event_name":"Transmorgrifier","floor":13,"gold_loss":0,"cards_obtained":["Backstab"]},{"damage_healed":0,"gold_gain":0,"player_choice":"Got Potions","damage_taken":0,"max_hp_gain":0,"max_hp_loss":0,"event_name":"Lab","floor":22,"gold_loss":0},{"damage_healed":0,"gold_gain":0,"player_choice":"Fight","damage_taken":0,"max_hp_gain":0,"max_hp_loss":0,"event_name":"Mysterious Sphere","floor":41,"gold_loss":0}],"is_beta":false,"boss_relics":[{"not_picked":["Busted Crown","Pandora\u0027s Box"],"picked":"ReplayTheSpireMod:SealedPack"},{"not_picked":["Runic Pyramid","Replay:Wanted Poster"],"picked":"hubris:CrackedHourglass"}],"items_purged_floors":[3,20],"is_endless":true,"potions_floor_spawned":[11,12,14,24,30,31,33,37,39,40,42,45],"killed_by":"LordOfAnnihilation","ascension_level":2}}