{"host":"Planeswalker","time":1610598619,"event":{"mods":["Act Like it!","Astrologer","BaseMod","Downfall","Friendly Minions","GifTheSpireLib","Halation","Hermit","Hubris","Jorbs\u0027s Wanderer Trilogy","Minty Spire (QoL Compilation)","Replay The Spire","SOS???????","Shop Mod","Somnambulant","StSLib","The Bladedancer","The Cursed","The Elementalist","The Hierophant","The Jungle","The Mystic","The Necromancer"],"gold_per_floor":[114,114,114,114,229,258,275,20,43,58,58,74,86,159,159,160,160,177,177,194,213,227,227,227],"floor_reached":23,"language":"ENG","playtime":1448,"items_purged":[],"score":195,"play_id":"d68ce0db-96cb-48a0-8685-74d5ebecf5f9","local_time":"20210113213019","is_ascension_mode":false,"campfire_choices":[{"floor":11,"key":"REST"},{"floor":15,"key":"REST"}],"circlet_count":0,"master_deck":["Strike_W","Strike_W","Strike_W","Strike_W","Defend_W","Defend_W","Defend_W","Defend_W","Negative_Energy_Arrows","Bone_Wall","Blood_Is_Power","Vampiric_Strike","hubris:DuctTapeCard","Summon_Undead_Army","Life_Drain","Bones_to_Steel","Negative_Energy_Shield","Finger_Of_Death","Cloudkill","Bone_Armor+1","Bone_Armor","Vampiric_Strike","Skeleton_Dragon"],"relics":["Vampire_Amulet","hubris:SlimyHat","hubris:Icosahedron","Replay:Wax Seal","hubris:DuctTape","Orichalcum","halation:SelfBoilingWater","Honey Jar"],"acts_visited":["Exordium","Exordium"],"potions_floor_usage":[7,16,16,21,22,22],"damage_taken":[{"damage":5,"enemies":"Jaw Worm","floor":1,"turns":4},{"damage":4,"enemies":"2 Louse","floor":5,"turns":3},{"damage":47,"enemies":"Gremlin Nob","floor":6,"turns":5},{"damage":12,"enemies":"Small Slimes","floor":7,"turns":3},{"damage":11,"enemies":"Looter","floor":10,"turns":3},{"damage":19,"enemies":"Exordium Wildlife","floor":12,"turns":3},{"damage":7,"enemies":"Red Slaver","floor":13,"turns":4},{"damage":31,"enemies":"Hexaghost","floor":16,"turns":7},{"damage":25,"enemies":"theJungle:GiantWrat","floor":18,"turns":5},{"damage":28,"enemies":"theJungle:Flameango_and_Byrd","floor":20,"turns":8},{"damage":32,"enemies":"Snake Plant","floor":21,"turns":4},{"damage":11,"enemies":"theJungle:Snecko_Cultist_And_Trap","floor":22,"turns":9},{"damage":47,"enemies":"theJungle:Cassacara","floor":23,"turns":6}],"seed_played":"231986212273284557","potions_obtained":[{"floor":6,"key":"hexamod:EctoCoolerPotion"},{"floor":16,"key":"Weak Potion"},{"floor":20,"key":"Regen Potion"},{"floor":21,"key":"Fire Potion"}],"is_trial":false,"path_per_floor":["M","?","?","?","M","E","M","$","T","M","R","M","M","T","R","B",null,"M","?","M","M","M","E"],"character_chosen":"NECROMANCER","items_purchased":["hubris:DuctTape","Summon_Undead_Army","Life_Drain"],"campfire_rested":2,"item_purchase_floors":[8,8,8],"current_hp_per_floor":[79,79,79,79,79,36,28,28,28,27,51,44,47,47,71,68,82,65,65,50,35,39,0,0],"gold":227,"neow_bonus":"TEN_PERCENT_HP_BONUS","is_daily":false,"chose_seed":false,"campfire_upgraded":0,"win_rate":0.0,"timestamp":1610598619,"path_taken":["M","?","?","?","M","E","M","$","T","M","R","M","M","?","R","BOSS","M","?","M","?","M","E"],"items_purchased_type":["Relic","Card","Card"],"build_version":"2020-11-17","purchased_purges":0,"victory":false,"max_hp_per_floor":[82,82,82,82,82,82,82,82,82,82,82,82,82,82,82,82,82,82,82,82,82,82,82,82],"card_choices":[{"not_picked":["Negative_Energy_Sphere","Bone_Armory"],"picked":"Blood_Is_Power","floor":1},{"not_picked":["Blood_Whip","Life_Drain"],"picked":"Vampiric_Strike","floor":5},{"not_picked":["Siphon_Strength","Reap_The_Weak"],"picked":"Grasp_Heart","floor":6},{"not_picked":["Bone_Armor","Negative_Energy_Javelin"],"picked":"Finger_Of_Death","floor":7},{"not_picked":["Shackles_Of_Pain","Chill_Blood"],"picked":"Bones_to_Steel","floor":10},{"not_picked":["Chill_Blood","Bones_to_Steel"],"picked":"Negative_Energy_Shield","floor":12},{"not_picked":["Deaths_Shadow","Bones_to_Steel"],"picked":"Finger_Of_Death","floor":13},{"not_picked":["Hellfire","Blood_Wake"],"picked":"Cloudkill","floor":16},{"not_picked":["Death_March_Dance+1","Chill_Blood+1","Bone_Bullets+1"],"picked":"Bone_Armor+1","floor":18},{"not_picked":["Chill_Blood","Summon_Lich+1","Negative_Energy_Javelin"],"picked":"Bone_Armor","floor":20},{"not_picked":["Negative_Energy_Sphere","Chill_Blood+1","Strike_from_Beyond"],"picked":"Vampiric_Strike","floor":21},{"not_picked":["Toxic_Smoke_Screen+1","Blood_Curse","Life_Drain"],"picked":"Skeleton_Dragon","floor":22}],"player_experience":17443,"relics_obtained":[{"floor":6,"key":"Replay:Wax Seal"},{"floor":9,"key":"Orichalcum"},{"floor":14,"key":"halation:SelfBoilingWater"}],"event_choices":[{"damage_healed":0,"gold_gain":0,"player_choice":"Box","damage_taken":0,"relics_obtained":["hubris:SlimyHat"],"max_hp_gain":0,"max_hp_loss":0,"event_name":"Big Fish","floor":2,"gold_loss":0,"cards_obtained":["Regret"]},{"cards_removed":["Regret"],"damage_healed":0,"gold_gain":0,"player_choice":"Removed Curses","damage_taken":0,"max_hp_gain":0,"max_hp_loss":0,"event_name":"Fountain of Cleansing","floor":19,"gold_loss":0}],"is_beta":true,"boss_relics":[{"not_picked":["Replay:Wanted Poster","halation:LoveArrow"],"picked":"Honey Jar"}],"items_purged_floors":[],"is_endless":false,"potions_floor_spawned":[6,7,12,16,20,21],"killed_by":"theJungle:Cassacara","ascension_level":0}}