{"host":"oeqgep2lwmjgysjb","time":1610608270,"event":{"mods":["AchievementEnabler","Aspiration","BaseMod","Colored Powertips","Custom Start","Hubris","Infinite Spire","Minty Spire (QoL Compilation)","Quick Restart","Replay The Spire","Shop Mod","StSLib"],"gold_per_floor":[99,99,159,159,192,282,426,9286,9365,9455,9485,9485,9566,9623,9623,9911,9911,9953,9067,9027,9081,9123,9198,9246,9246,9270,9351,8446,8551,8551,8653,8653,8944,8944,8986,8324,8381,8438,8486,8561,8609,8714,8714,8804,8861,8942,8942,8042,8042,8042],"floor_reached":51,"language":"ENG","playtime":3488,"items_purged":["Bash","ReplayTheSpireMod:Strike From Hell","Whirlwind","Midas Touch","Body Slam"],"score":1163,"play_id":"e0832d78-63c4-4c38-9779-a29a385a8ab1","local_time":"20210114181110","daily_mods":["SealedDeck","Vintage","Elite Swarm","Lethality","Midas"],"is_ascension_mode":false,"campfire_choices":[{"floor":12,"key":"REST"},{"floor":25,"key":"REST"},{"floor":32,"key":"REST"}],"circlet_count":0,"master_deck":["Armaments+1","Dual Wield","Cleave","Cleave","Shrug It Off+1","Evolve+1","Iron Wave","ReplayTheSpireMod:Muscle Training","Iron Wave","Pommel Strike","Reaper+1","Fire Breathing","Demon Form","Limit Break","Fire Breathing","Conserve Battery","Replay:Many Hands","Static Discharge","Juggernaut","Replay:Many Hands","Demon Form","hubris:PowerSurge","Juggernaut","Juggernaut","Echo Form","Limit Break","Self Repair","Specialist","ReplayUltimateDefense"],"relics":["Burning Blood","replay:Trail_Library","Dream Catcher","Letter Opener","infinitespire:Joker Card","Iron Hammer","infinitespire:FocusingShard","Quantum Egg","OrangePellets","Bottled Tornado","aspiration:DSix","Orichalcum","War Paint","Lantern","aspiration:DefectSkillbook","King of Hearts","Mummified Hand","aspiration:HummingbirdHeart","HandDrill","aspiration:Lifesprig","Replay:Rubber Ducky","Counterbalance","hubris:MysteriousPyramids","aspiration:TomeofQuesting","MealTicket","Chemical X","Replay:Towering Pillar of Hats","Self Forming Clay","aspiration:ChemicalBlood","hubris:ScarierMask","Onion Ring","DollysMirror","Akabeko","Red Skull","infinitespire:Beetle Shell","Bag of Marbles","Gremlin Food","infinitespire:Golems Mask","hubris:BottledRain","Thread and Needle","Unceasing Top","ReplayTheSpireMod:Spearhead","Meat on the Bone","hubris:CrystalStatue","Art of War","Snack Pack","aspiration:Nostalgia","infinitespire:DarkRift"],"acts_visited":["Exordium","TheCity","TheBeyond"],"potions_floor_usage":[16,16,16,23,31,33,50],"damage_taken":[{"damage":2,"enemies":"Jaw Worm","floor":3,"turns":2},{"damage":1,"enemies":"2 Louse","floor":5,"turns":1},{"damage":31,"enemies":"Lagavulin","floor":6,"turns":5},{"damage":12,"enemies":"3 Sentries","floor":10,"turns":4},{"damage":1,"enemies":"Cultist","floor":11,"turns":3},{"damage":0,"enemies":"Lagavulin","floor":13,"turns":5},{"damage":0,"enemies":"Blue Slaver","floor":14,"turns":2},{"damage":55,"enemies":"Hexaghost","floor":16,"turns":4},{"damage":0,"enemies":"Spheric Guardian","floor":18,"turns":3},{"damage":0,"enemies":"Chosen","floor":21,"turns":4},{"damage":10,"enemies":"Centurion and Healer","floor":22,"turns":4},{"damage":1,"enemies":"Gremlin Leader","floor":23,"turns":3},{"damage":1,"enemies":"Sentry and Sphere","floor":24,"turns":3},{"damage":0,"enemies":"Book of Stabbing","floor":27,"turns":3},{"damage":0,"enemies":"Replay:Snechameleon","floor":29,"turns":4},{"damage":1,"enemies":"Book of Stabbing","floor":31,"turns":2},{"damage":1,"enemies":"Champ","floor":33,"turns":2},{"damage":0,"enemies":"Orb Walker","floor":35,"turns":1},{"damage":0,"enemies":"3 Darklings","floor":37,"turns":2},{"damage":0,"enemies":"4 Shapes","floor":38,"turns":2},{"damage":0,"enemies":"Sphere and 2 Shapes","floor":39,"turns":1},{"damage":1,"enemies":"Giant Head","floor":40,"turns":3},{"damage":1,"enemies":"Transient","floor":41,"turns":4},{"damage":1,"enemies":"R_Hoarder","floor":42,"turns":3},{"damage":0,"enemies":"Giant Head","floor":44,"turns":2},{"damage":1,"enemies":"Spire Growth","floor":45,"turns":2},{"damage":0,"enemies":"Nemesis","floor":46,"turns":1},{"damage":1,"enemies":"Donu and Deca","floor":50,"turns":3}],"seed_played":"4031160529795377967","potions_obtained":[{"floor":7,"key":"FearPotion"},{"floor":11,"key":"Cursed Concoction"},{"floor":13,"key":"BlessingOfTheForge"},{"floor":22,"key":"Strength Potion"},{"floor":23,"key":"DuplicationPotion"},{"floor":41,"key":"BloodPotion"},{"floor":42,"key":"Toxic Potion"},{"floor":45,"key":"Swift Potion"}],"is_trial":true,"path_per_floor":["?","?","M","?","M","E","?","$","T","E","M","R","E","M","R","B",null,"M","$","?","M","M","E","M","R","T","E","$","E","?","E","R","B",null,"M","$","M","M","M","E","M","E","T","E","M","E","?","$","R","B",null],"character_chosen":"IRONCLAD","items_purchased":["Fire Breathing","infinitespire:FocusingShard","Quantum Egg","OrangePellets","Mummified Hand","aspiration:HummingbirdHeart","HandDrill","Conserve Battery","EntropicBrew","Chemical X","Replay:Towering Pillar of Hats","infinitespire:BlackPotion","Midas Touch","DollysMirror","Akabeko","Red Skull","hubris:PowerSurge","Art of War","Snack Pack","aspiration:Nostalgia","ReplayUltimateDefense"],"campfire_rested":3,"item_purchase_floors":[8,8,8,8,19,19,19,19,19,28,28,28,28,36,36,36,36,48,48,48,48],"current_hp_per_floor":[80,80,80,80,80,55,23,23,23,33,38,62,68,74,74,25,80,80,80,80,80,76,80,80,80,80,80,80,80,80,80,80,80,80,80,80,80,80,80,80,80,80,80,80,80,80,80,80,80,80],"gold":8042,"neow_bonus":"","is_daily":false,"chose_seed":false,"campfire_upgraded":0,"win_rate":0.0,"timestamp":1610608270,"path_taken":["?","?","?","?","M","E","?","$","T","E","M","R","E","M","R","BOSS","M","$","?","M","M","E","?","R","T","E","?","E","?","E","R","BOSS","M","$","M","M","?","E","M","E","T","E","M","E","?","$","R","BOSS"],"items_purchased_type":["Card","Relic","Relic","Relic","Relic","Relic","Relic","Card","Potion","Relic","Relic","Potion","Card","Relic","Relic","Relic","Card","Relic","Relic","Relic","Card"],"build_version":"2020-12-22","purchased_purges":5,"victory":true,"max_hp_per_floor":[80,80,80,80,80,80,80,80,80,80,80,80,80,80,80,80,80,80,80,80,80,80,80,80,80,80,80,80,80,80,80,80,80,80,80,80,80,80,80,80,80,80,80,80,80,80,80,80,80,80],"card_choices":[{"not_picked":["Exhume","Demonic Infusion"],"picked":"Reaper","floor":6},{"not_picked":["Shrug It Off","Armaments"],"picked":"Body Slam","floor":7},{"not_picked":["Exhume","Brutality"],"picked":"Demon Form","floor":10},{"not_picked":["Brutality","Berserk"],"picked":"Limit Break","floor":13},{"not_picked":["Multi-Cast","Offering","Buffer"],"picked":"Replay:Many Hands","floor":23},{"not_picked":["FIFO Queue+1","ReplayTheSpireMod:Limb From Limb","ReplayTheSpireMod:LeadingStrike"],"picked":"Static Discharge","floor":25},{"not_picked":["Buffer","Double Tap","Exhume","hubris:StunningStrike"],"picked":"SKIP","floor":27},{"not_picked":["Immolate","Reboot","Exhume","Meteor Strike"],"picked":"SKIP","floor":29},{"not_picked":["Replay:Many Hands","Biased Cognition","ReplayTheSpireMod:Fabricate Wheel"],"picked":"Juggernaut","floor":31},{"not_picked":["Immolate","Exhume","hubris:Prefetch"],"picked":"Replay:Many Hands","floor":33},{"not_picked":["hubris:DoWhile","Reaper","Biased Cognition"],"picked":"Juggernaut","floor":40},{"not_picked":["Double Tap","Thunder Strike","ReplayTheSpireMod:Omega Cannon"],"picked":"Juggernaut","floor":42},{"not_picked":["Hemogenesis","Immolate","Rainbow"],"picked":"Echo Form","floor":44},{"not_picked":["Biased Cognition","All For One","Impervious"],"picked":"Limit Break","floor":46},{"not_picked":["Panacea","Enlightenment","Replay:Parry"],"picked":"Specialist","floor":47}],"player_experience":268768,"relics_obtained":[{"floor":3,"key":"Dream Catcher"},{"floor":5,"key":"Letter Opener"},{"floor":6,"key":"infinitespire:Joker Card"},{"floor":7,"key":"Iron Hammer"},{"floor":9,"key":"Bottled Tornado"},{"floor":10,"key":"aspiration:DSix"},{"floor":11,"key":"Orichalcum"},{"floor":13,"key":"War Paint"},{"floor":14,"key":"Lantern"},{"floor":18,"key":"King of Hearts"},{"floor":21,"key":"aspiration:Lifesprig"},{"floor":22,"key":"Replay:Rubber Ducky"},{"floor":23,"key":"Counterbalance"},{"floor":24,"key":"hubris:MysteriousPyramids"},{"floor":26,"key":"aspiration:TomeofQuesting"},{"floor":27,"key":"MealTicket"},{"floor":29,"key":"Self Forming Clay"},{"floor":31,"key":"aspiration:ChemicalBlood"},{"floor":35,"key":"Onion Ring"},{"floor":37,"key":"infinitespire:Beetle Shell"},{"floor":38,"key":"Bag of Marbles"},{"floor":39,"key":"Gremlin Food"},{"floor":40,"key":"infinitespire:Golems Mask"},{"floor":41,"key":"hubris:BottledRain"},{"floor":42,"key":"Thread and Needle"},{"floor":43,"key":"Unceasing Top"},{"floor":44,"key":"ReplayTheSpireMod:Spearhead"},{"floor":45,"key":"Meat on the Bone"},{"floor":46,"key":"hubris:CrystalStatue"}],"event_choices":[{"damage_healed":0,"gold_gain":0,"player_choice":"2 cards matched","damage_taken":0,"max_hp_gain":0,"max_hp_loss":0,"event_name":"Match and Keep!","floor":2,"gold_loss":0,"cards_obtained":["Iron Wave","Bash"]},{"damage_healed":0,"gold_gain":0,"player_choice":"Upgraded Two","damage_taken":0,"max_hp_gain":0,"max_hp_loss":0,"event_name":"Designer","floor":20,"gold_loss":40,"cards_upgraded":["Evolve","Reaper"]},{"damage_healed":0,"gold_gain":0,"player_choice":"Ignored","damage_taken":0,"max_hp_gain":0,"max_hp_loss":0,"event_name":"NoteForYourself","floor":30,"gold_loss":0},{"damage_healed":0,"gold_gain":0,"player_choice":"Memory 1","damage_taken":0,"max_hp_gain":0,"max_hp_loss":0,"event_name":"SensoryStone","floor":47,"gold_loss":0}],"is_beta":false,"boss_relics":[{"not_picked":["SlaversCollar","aspiration:RunicSpoon"],"picked":"aspiration:DefectSkillbook"},{"not_picked":["ChewingGum","Snecko Heart"],"picked":"hubris:ScarierMask"}],"items_purged_floors":[8,19,28,36,48],"is_endless":false,"potions_floor_spawned":[11,13,22,23,29,41,42,45,46],"ascension_level":0}}