{"host":"yv7ijgyl7mqt7c0r","time":1610594573,"event":{"mods":["2.2 Compatiblity","Act Like it!","Aspiration","BaseMod","Bestiary","Better Note","Better Skull","Conspire","DeckTracker","Elementarium","Energized Spire","Friendly Minions","Gensokyo","GifTheSpireLib","Hallownest","Mari Mod (Legacy)","Mari\u0027s V1 Patch","Marisa????????","Menagerie","Minty Spire (QoL Compilation)","Prisma Mod","Random Character Button","Reimu??????","Remilia_Scarlet Moed?????·?????3.3.5","StSLib","Stuff the Spire","The Bug Knight","The Factory","The Jungle","The Senshi","The Servant 0.9.4","Wandering Minibosses"],"gold_per_floor":[114,128,138,138,156,186,186,186,186,220,34,44,44,7,7,105,105,119,119,136,98,110,143,143,243,243,243,278,89,89,49,49,148,148,163,18,31,331,345,345,379,379,403,416,441,441,441,541,541,541],"floor_reached":51,"language":"ENG","playtime":6305,"items_purged":[],"score":869,"play_id":"739b9954-4224-4306-bd4e-e647a4e5cd98","local_time":"20210113212253","is_ascension_mode":false,"campfire_choices":[{"data":"TimeTheft","floor":7,"key":"SMITH"},{"data":"Contraction","floor":13,"key":"SMITH"},{"floor":15,"key":"REST"},{"data":"BestPractice","floor":24,"key":"SMITH"},{"data":"BestPractice","floor":30,"key":"SMITH"},{"floor":32,"key":"REST"},{"data":"MurderousAura","floor":40,"key":"SMITH"},{"data":"Foresight","floor":42,"key":"SMITH"},{"data":"FloweringNight","floor":46,"key":"SMITH"},{"data":"StuffTheSpire:CelestialWarden","floor":49,"key":"SMITH"}],"circlet_count":0,"master_deck":["Strike_S","Strike_S","Strike_S","Strike_S","Defend_S","Defend_S","Defend_S","Defend_S+1","KidneyShot+1","Exchange","Spin","Ricochet","ShiftingGears+1","Starlight","TimeTheft+1","Contraction+1","MoonPhase+1","Rewind","FloweringNight+1","Rearm","Potential+1","BestPractice+1","ShatteredReality","FanOfKnives+1","BestPractice+1","Foresight+1","Dilation","MurderousAura+1","CurseOfTheBell","Potential+1","ShiftingGears+1","SpecialFormula+1","DualDimension+1","Rearm+1","StuffTheSpire:CelestialWarden+1"],"relics":["Uniform","StuffTheSpire:Barrel","conspire:BottledYoYo","Matryoshka","Orichalcum","Black Star","War Paint","Du-Vu Doll","aspiration:TrustyKnives","CrazyTorch:ReiMu","conspire:DeflatedDodgeball","ZunR:ReiMu","Calling Bell","Smiling Mask","Shuriken","Thread and Needle","Pen Nib","Boot","Bottled Flame","StuffTheSpire:HeavyRock","Potion Belt","StuffTheSpire:Gunfinga"],"acts_visited":["Exordium","TheCity","TheBeyond"],"potions_floor_usage":[16,33,41,50,50,50],"damage_taken":[{"damage":0,"enemies":"Cultist","floor":1,"turns":4},{"damage":0,"enemies":"2 Louse","floor":2,"turns":2},{"damage":1,"enemies":"conspire:RoseBush","floor":3,"turns":3},{"damage":8,"enemies":"Large Slime","floor":5,"turns":5},{"damage":13,"enemies":"Gremlin Nob","floor":6,"turns":4},{"damage":45,"enemies":"Lagavulin","floor":10,"turns":9},{"damage":0,"enemies":"Exordium Thugs","floor":12,"turns":3},{"damage":0,"enemies":"The Guardian","floor":16,"turns":22},{"damage":13,"enemies":"Spheric Guardian","floor":18,"turns":6},{"damage":11,"enemies":"2 Thieves","floor":20,"turns":4},{"damage":10,"enemies":"Snake Plant","floor":22,"turns":8},{"damage":9,"enemies":"conspire:SneckoGhost","floor":23,"turns":10},{"damage":0,"enemies":"conspire:Head Lice","floor":28,"turns":5},{"damage":0,"enemies":"conspire:MysteriousRune","floor":33,"turns":10},{"damage":3,"enemies":"3 Darklings","floor":35,"turns":5},{"damage":1,"enemies":"Orb Walker","floor":37,"turns":3},{"damage":0,"enemies":"4 Shapes","floor":39,"turns":3},{"damage":0,"enemies":"Reptomancer","floor":41,"turns":7},{"damage":6,"enemies":"Sphere and 2 Shapes","floor":44,"turns":5},{"damage":26,"enemies":"Time Eater","floor":50,"turns":7}],"seed_played":"-2668785110291079502","potions_obtained":[{"floor":2,"key":"SmokeBomb"},{"floor":5,"key":"SpeedPotion"},{"floor":6,"key":"PowerPotion"},{"floor":10,"key":"PowerPotion"},{"floor":22,"key":"Ancient Potion"},{"floor":23,"key":"PowerPotion"},{"floor":39,"key":"SpeedPotion"},{"floor":41,"key":"DuplicationPotion"}],"is_trial":false,"path_per_floor":["M","M","M","?","M","E","R","?","T","E","$","M","R","?","R","B",null,"M","?","M","$","M","E","R","?","T","?","E","$","R","?","R","B",null,"M","$","M","?","M","R","E","R","T","M","T","R","?","?","R","B",null],"character_chosen":"THE_SERVANT","items_purchased":["MoonPhase","Orichalcum","BestPractice","Foresight","Dilation","Pen Nib"],"campfire_rested":2,"item_purchase_floors":[11,11,21,29,29,36],"current_hp_per_floor":[71,71,70,75,67,54,54,54,54,9,9,17,17,17,39,47,76,63,63,60,60,50,41,41,41,41,46,46,46,46,46,68,76,76,73,73,76,76,76,76,76,76,76,70,70,70,70,70,70,52],"gold":541,"neow_bonus":"TEN_PERCENT_HP_BONUS","is_daily":false,"chose_seed":false,"campfire_upgraded":8,"win_rate":0.0,"timestamp":1610594573,"path_taken":["M","?","M","?","M","E","R","?","T","E","$","M","R","?","R","BOSS","M","?","M","$","M","E","R","?","T","?","E","$","R","?","R","BOSS","M","$","M","?","M","R","E","R","T","?","?","R","?","?","R","BOSS"],"items_purchased_type":["Card","Relic","Card","Card","Card","Relic"],"build_version":"2020-12-22","purchased_purges":0,"victory":true,"max_hp_per_floor":[71,71,71,76,76,76,76,76,76,76,76,76,76,76,76,76,76,76,76,76,76,76,76,76,76,76,76,76,76,76,76,76,76,76,76,76,76,76,76,76,76,76,76,76,76,76,76,76,76,76],"card_choices":[{"not_picked":["Revamp","Defy"],"picked":"Spin","floor":1},{"not_picked":["Revamp","TimeWarp"],"picked":"Ricochet","floor":2},{"not_picked":["Initiator","Manipulate"],"picked":"ShiftingGears","floor":3},{"not_picked":["Advance","Replace"],"picked":"Starlight","floor":5},{"not_picked":["Hightail","Unruled"],"picked":"TimeTheft","floor":6},{"not_picked":["Revamp","FastForward"],"picked":"Contraction","floor":10},{"not_picked":["Collapse","FastForward"],"picked":"Rewind","floor":12},{"not_picked":["SilverMatrix","PendulumOfEternity"],"picked":"FloweringNight","floor":16},{"not_picked":["FastForward","Starlight+1"],"picked":"Rearm","floor":18},{"not_picked":["BottledTime","DoubleEdge+1"],"picked":"Potential+1","floor":20},{"not_picked":["Moondial+1","DoubleEdge+1"],"picked":"ShatteredReality","floor":22},{"not_picked":["Revamp","Defy"],"picked":"FanOfKnives+1","floor":23},{"not_picked":["Defy+1","ShiftingGears"],"picked":"BestPractice","floor":28},{"not_picked":["Solidify","ForgedInTime"],"picked":"MurderousAura","floor":33},{"not_picked":["Manipulate","FastForward+1"],"picked":"Potential+1","floor":35},{"not_picked":["FastForward","Rearm+1"],"picked":"ShiftingGears+1","floor":37},{"not_picked":["Revamp+1","Alleviate+1"],"picked":"SpecialFormula+1","floor":39},{"not_picked":["Collapse+1","Solidify"],"picked":"DualDimension+1","floor":41},{"not_picked":["TimeWarp","Defy"],"picked":"Rearm+1","floor":44},{"not_picked":["StuffTheSpire:Rapture","StuffTheSpire:Perfection"],"picked":"StuffTheSpire:CelestialWarden","floor":47}],"player_experience":476050,"relics_obtained":[{"floor":6,"key":"StuffTheSpire:Barrel"},{"floor":9,"key":"conspire:BottledYoYo"},{"floor":10,"key":"Matryoshka"},{"floor":23,"key":"War Paint"},{"floor":23,"key":"Du-Vu Doll"},{"floor":26,"key":"aspiration:TrustyKnives"},{"floor":26,"key":"CrazyTorch:ReiMu"},{"floor":28,"key":"conspire:DeflatedDodgeball"},{"floor":28,"key":"Tiny Chest"},{"floor":34,"key":"Smiling Mask"},{"floor":34,"key":"Shuriken"},{"floor":34,"key":"Thread and Needle"},{"floor":41,"key":"Boot"},{"floor":41,"key":"Bottled Flame"},{"floor":43,"key":"StuffTheSpire:HeavyRock"},{"floor":43,"key":"Potion Belt"},{"floor":45,"key":"StuffTheSpire:Gunfinga"}],"event_choices":[{"damage_healed":0,"gold_gain":0,"player_choice":"CYMZW","damage_taken":0,"max_hp_gain":5,"max_hp_loss":0,"event_name":"Remilia_CDSJ09","floor":4,"gold_loss":0},{"damage_healed":0,"gold_gain":0,"player_choice":"Grow","damage_taken":0,"max_hp_gain":0,"max_hp_loss":0,"event_name":"Living Wall","floor":8,"gold_loss":0,"cards_upgraded":["KidneyShot"]},{"damage_healed":0,"gold_gain":0,"player_choice":"Left Gold","damage_taken":0,"max_hp_gain":0,"max_hp_loss":0,"event_name":"World of Goop","floor":14,"gold_loss":37},{"damage_healed":0,"gold_gain":0,"player_choice":"Upgraded","damage_taken":0,"max_hp_gain":0,"max_hp_loss":0,"event_name":"Upgrade Shrine","floor":19,"gold_loss":0,"cards_upgraded":["MoonPhase"]},{"damage_healed":0,"gold_gain":100,"player_choice":"Pray","damage_taken":0,"max_hp_gain":0,"max_hp_loss":0,"event_name":"Golden Shrine","floor":25,"gold_loss":0},{"cards_removed":["RemiliaMod:CYMZW"],"damage_healed":5,"gold_gain":0,"player_choice":"Offered Special","damage_taken":0,"max_hp_gain":0,"max_hp_loss":0,"event_name":"Bonfire Elementals","floor":27,"gold_loss":0},{"damage_healed":0,"gold_gain":0,"player_choice":"Keep O-miki","damage_taken":0,"relics_obtained":["ZunR:ReiMu"],"max_hp_gain":0,"max_hp_loss":0,"event_name":"ZunEvent","floor":31,"gold_loss":40},{"damage_healed":0,"gold_gain":300,"player_choice":"Gold","damage_taken":0,"max_hp_gain":0,"max_hp_loss":0,"event_name":"Wheel of Change","floor":38,"gold_loss":0},{"damage_healed":0,"gold_gain":100,"player_choice":"Pray","damage_taken":0,"max_hp_gain":0,"max_hp_loss":0,"event_name":"Golden Shrine","floor":48,"gold_loss":0}],"is_beta":false,"boss_relics":[{"not_picked":["aspiration:RunicSpoon","StuffTheSpire:ModemDavis"],"picked":"Black Star"},{"not_picked":["aspiration:FutureDiary","RedLine:ReiMu"],"picked":"Calling Bell"}],"items_purged_floors":[],"is_endless":false,"potions_floor_spawned":[2,5,6,10,22,23,39,41],"ascension_level":0}}