{"host":"g01l53quoe6lrer0","time":1610627405,"event":{"mods":["2.2 Compatiblity","AchievementEnabler","BaseMod","Colored Map","Highlight Path","Keyboard Shortcuts","Minty Spire (QoL Compilation)","Permanent Neow","StSLib","SuperFastMode","everything is the same but u backflip on backflip"],"gold_per_floor":[109,109,34,47,65,65,78,58,85,95,113,138,156,176,176,253,253,253,253],"floor_reached":18,"language":"KOR","playtime":386,"items_purged":["Strike_B"],"score":291,"play_id":"0d734319-31c2-4c15-bf5c-a7785b9914c9","local_time":"20210114213005","is_ascension_mode":true,"campfire_choices":[{"data":"Zap","floor":6,"key":"SMITH"},{"floor":15,"key":"REST"}],"circlet_count":0,"master_deck":["AscendersBane","Strike_B","Strike_B","Strike_B+1","Defend_B+1","Defend_B","Defend_B","Defend_B","Zap+1","Dualcast","Lockon","Leap","BootSequence","Aggregate","Auto Shields","Static Discharge","Sunder","Hyperbeam","Hello World","Electrodynamics","CurseOfTheBell"],"relics":["Cracked Core","Bronze Scales","Boot","Tiny Chest","Calling Bell","Bag of Marbles","The Courier","Du-Vu Doll"],"acts_visited":["Exordium","TheCity"],"potions_floor_usage":[12,12,12,12],"damage_taken":[{"damage":0,"enemies":"Jaw Worm","floor":1,"turns":3},{"damage":0,"enemies":"Small Slimes","floor":4,"turns":3},{"damage":1,"enemies":"Cultist","floor":5,"turns":3},{"damage":0,"enemies":"Looter","floor":7,"turns":3},{"damage":0,"enemies":"3 Louse","floor":10,"turns":3},{"damage":5,"enemies":"Exordium Thugs","floor":11,"turns":5},{"damage":8,"enemies":"Gremlin Nob","floor":12,"turns":3},{"damage":0,"enemies":"2 Fungi Beasts","floor":13,"turns":2},{"damage":3,"enemies":"Blue Slaver","floor":14,"turns":3},{"damage":16,"enemies":"The Guardian","floor":16,"turns":10},{"damage":0,"enemies":"Spheric Guardian","floor":18,"turns":1}],"seed_played":"-7954928744309541520","potions_obtained":[{"floor":1,"key":"Strength Potion"},{"floor":7,"key":"PotionOfCapacity"},{"floor":8,"key":"EntropicBrew"},{"floor":13,"key":"Block Potion"}],"is_trial":false,"path_per_floor":["M","?","$","M","M","R","M","?","T","M","M","E","M","M","R","B",null,"M"],"character_chosen":"DEFECT","items_purchased":[],"campfire_rested":1,"item_purchase_floors":[],"current_hp_per_floor":[64,43,43,43,42,42,42,42,42,42,37,29,29,26,47,31,61,61,61],"gold":253,"neow_bonus":"RANDOM_COMMON_RELIC","is_daily":false,"chose_seed":false,"campfire_upgraded":1,"win_rate":0.0,"timestamp":1610627405,"path_taken":["M","?","$","M","M","R","M","?","T","?","M","E","M","M","R","BOSS","M"],"items_purchased_type":[],"build_version":"2020-12-22","purchased_purges":1,"victory":false,"max_hp_per_floor":[71,71,71,71,71,71,71,71,71,71,71,71,71,71,71,71,71,71,71],"card_choices":[{"not_picked":["Doom and Gloom","Consume"],"picked":"Lockon","floor":1},{"not_picked":["Steam","Redo"],"picked":"Leap","floor":4},{"not_picked":["Conserve Battery","Redo"],"picked":"BootSequence","floor":5},{"not_picked":["Hologram","Storm"],"picked":"Aggregate","floor":7},{"not_picked":["Streamline","Tempest"],"picked":"Auto Shields","floor":10},{"not_picked":["Force Field","Leap"],"picked":"Static Discharge","floor":11},{"not_picked":["Aggregate","Chill"],"picked":"Sunder","floor":12},{"not_picked":["Sweeping Beam","Chaos"],"picked":"Hyperbeam","floor":13},{"not_picked":["Barrage","Chill"],"picked":"Hello World","floor":14},{"not_picked":["Amplify","Multi-Cast"],"picked":"Electrodynamics","floor":16}],"player_experience":185790,"relics_obtained":[{"floor":9,"key":"Boot"},{"floor":12,"key":"Tiny Chest"},{"floor":17,"key":"Bag of Marbles"},{"floor":17,"key":"The Courier"},{"floor":17,"key":"Du-Vu Doll"}],"event_choices":[{"damage_healed":0,"gold_gain":0,"player_choice":"Entered Light","damage_taken":21,"max_hp_gain":0,"max_hp_loss":0,"event_name":"Shining Light","floor":2,"gold_loss":0,"cards_upgraded":["Strike_B","Defend_B"]},{"damage_healed":0,"gold_gain":0,"player_choice":"Bought 1 Potion","damage_taken":0,"max_hp_gain":0,"max_hp_loss":0,"event_name":"The Woman in Blue","floor":8,"gold_loss":0}],"is_beta":false,"boss_relics":[{"not_picked":["Coffee Dripper","SacredBark"],"picked":"Calling Bell"}],"items_purged_floors":[3],"is_endless":false,"potions_floor_spawned":[1,7,13],"killed_by":"Spheric Guardian","ascension_level":15}}