{"host":"v711dtdb46xe9u7l","time":1610635240,"event":{"mods":["BaseMod","Minty Spire (QoL Compilation)","StSLib"],"gold_per_floor":[111,129,145,162,5,38,38,58,58,58,70,85,10,10,10,136,136,152,172,187,3,102,102,102,102,102,102,116,159,38,57,57,176,239,259,39,63,63,3,3,24,43,95,95,95],"floor_reached":44,"language":"ENG","playtime":2591,"items_purged":["Shame","Strike_B","Strike_B"],"score":562,"play_id":"54e9f521-01ed-4600-972d-5b5eafd6aa42","local_time":"20210114144040","is_ascension_mode":true,"campfire_choices":[{"floor":7,"key":"REST"},{"data":"Zap","floor":10,"key":"SMITH"},{"data":"Conserve Battery","floor":15,"key":"SMITH"},{"data":"Capacitor","floor":23,"key":"SMITH"},{"data":"Consume","floor":27,"key":"SMITH"},{"data":"Stack","floor":32,"key":"SMITH"},{"floor":40,"key":"RECALL"}],"circlet_count":0,"master_deck":["Strike_B+1","Strike_B+1","Defend_B","Defend_B","Defend_B","Defend_B","Zap+1","Dualcast","Conserve Battery+1","Redo","Coolheaded","Loop","Auto Shields","Rebound","FTL","Ball Lightning+1","Capacitor+1","Thunder Strike","Consume+1","Cold Snap","Self Repair","Clumsy","Stack+1","Barrage+1","Electrodynamics","Lockon+1","Madness","Glacier","Normality"],"relics":["Cracked Core","TungstenRod","Membership Card","MealTicket","Golden Idol","Cursed Key","Medical Kit","Ornamental Fan","The Courier","Torii","Tiny House","Bag of Preparation","ClockworkSouvenir","Whetstone","Blood Vial"],"acts_visited":["Exordium","TheCity","TheBeyond"],"potions_floor_usage":[6,16,16,16,28,28,29,41,41],"damage_taken":[{"damage":0,"enemies":"2 Louse","floor":1,"turns":2},{"damage":7,"enemies":"Small Slimes","floor":2,"turns":3},{"damage":4,"enemies":"Cultist","floor":3,"turns":4},{"damage":9,"enemies":"Exordium Wildlife","floor":4,"turns":4},{"damage":34,"enemies":"3 Sentries","floor":6,"turns":9},{"damage":0,"enemies":"3 Louse","floor":8,"turns":3},{"damage":1,"enemies":"Large Slime","floor":11,"turns":6},{"damage":6,"enemies":"2 Fungi Beasts","floor":12,"turns":4},{"damage":11,"enemies":"Hexaghost","floor":16,"turns":7},{"damage":0,"enemies":"3 Byrds","floor":18,"turns":4},{"damage":16,"enemies":"Shell Parasite","floor":19,"turns":5},{"damage":19,"enemies":"Shelled Parasite and Fungi","floor":20,"turns":7},{"damage":14,"enemies":"3 Cultists","floor":28,"turns":6},{"damage":32,"enemies":"Slavers","floor":29,"turns":6},{"damage":6,"enemies":"Centurion and Healer","floor":31,"turns":7},{"damage":30,"enemies":"Collector","floor":33,"turns":12},{"damage":16,"enemies":"3 Shapes","floor":35,"turns":4},{"damage":34,"enemies":"3 Darklings","floor":37,"turns":5},{"damage":26,"enemies":"Writhing Mass","floor":41,"turns":6},{"damage":21,"enemies":"4 Shapes","floor":42,"turns":4},{"damage":40,"enemies":"Nemesis","floor":44,"turns":7}],"seed_played":"3039386591965198066","potions_obtained":[{"floor":3,"key":"LiquidBronze"},{"floor":6,"key":"Fruit Juice"},{"floor":11,"key":"LiquidBronze"},{"floor":12,"key":"BlessingOfTheForge"},{"floor":20,"key":"Energy Potion"},{"floor":28,"key":"BlessingOfTheForge"},{"floor":31,"key":"SmokeBomb"},{"floor":33,"key":"SkillPotion"},{"floor":34,"key":"DuplicationPotion"},{"floor":42,"key":"Swift Potion"}],"is_trial":false,"path_per_floor":["M","M","M","M","$","E","R","M","T","R","M","M","$","?","R","B",null,"M","M","M","$","?","R","?","?","T","R","M","E","$","M","R","B",null,"M","$","M","$","$","R","M","M","T","E"],"character_chosen":"DEFECT","items_purchased":["Membership Card","Capacitor","Self Repair","Medical Kit","Explosive Potion","Torii","Bag of Preparation","ClockworkSouvenir","Madness","Whetstone"],"campfire_rested":1,"item_purchase_floors":[5,13,21,21,21,30,36,36,36,39],"current_hp_per_floor":[68,61,57,48,48,19,43,43,43,43,42,36,51,51,51,40,66,66,50,31,46,46,46,70,60,60,60,53,31,46,47,47,24,67,51,66,39,54,69,69,50,36,36,0,0],"gold":95,"neow_bonus":"ONE_RARE_RELIC","is_daily":false,"chose_seed":false,"campfire_upgraded":5,"win_rate":0.0,"timestamp":1610635240,"path_taken":["M","M","M","M","$","E","R","M","T","R","M","M","$","?","R","BOSS","M","M","M","$","?","R","?","?","T","R","M","E","$","M","R","BOSS","M","$","M","?","$","R","M","M","T","E"],"items_purchased_type":["Relic","Card","Card","Relic","Potion","Relic","Relic","Relic","Card","Relic"],"build_version":"2020-12-22","purchased_purges":3,"victory":false,"max_hp_per_floor":[75,75,75,75,75,80,80,80,80,80,80,80,80,74,74,74,74,74,74,74,74,74,74,74,74,74,74,74,74,74,74,74,74,79,79,79,79,79,79,79,79,79,79,79,79],"card_choices":[{"not_picked":["Gash","Undo"],"picked":"Conserve Battery","floor":1},{"not_picked":["Go for the Eyes","Rebound"],"picked":"Redo","floor":2},{"not_picked":["Stack","White Noise"],"picked":"Coolheaded","floor":3},{"not_picked":["Darkness","Coolheaded"],"picked":"Loop","floor":4},{"not_picked":["White Noise","Melter"],"picked":"Auto Shields","floor":6},{"not_picked":["Leap","Compile Driver"],"picked":"Rebound","floor":8},{"not_picked":["Steam","Static Discharge"],"picked":"FTL","floor":11},{"not_picked":["Heatsinks","Compile Driver"],"picked":"Ball Lightning","floor":12},{"not_picked":["Seek","Amplify"],"picked":"Thunder Strike","floor":16},{"not_picked":["Force Field","Rebound+1"],"picked":"Consume","floor":18},{"not_picked":["Static Discharge","Turbo+1","Hologram"],"picked":"SKIP","floor":19},{"not_picked":["Lockon","Beam Cell+1"],"picked":"Cold Snap","floor":20},{"not_picked":["Turbo","Auto Shields","Cold Snap+1"],"picked":"SKIP","floor":28},{"not_picked":["Amplify","Beam Cell"],"picked":"Stack","floor":29},{"not_picked":["Doom and Gloom","Rebound"],"picked":"Barrage+1","floor":31},{"not_picked":["Core Surge","Echo Form"],"picked":"Electrodynamics","floor":33},{"not_picked":["Cold Snap+1","Double Energy"],"picked":"Lockon+1","floor":34},{"not_picked":["Rebound","Beam Cell+1","Steam+1"],"picked":"SKIP","floor":35},{"not_picked":["Lockon","Static Discharge+1","Turbo"],"picked":"SKIP","floor":37},{"not_picked":["Gash","Turbo","Coolheaded"],"picked":"SKIP","floor":41},{"not_picked":["Gash","Turbo","Coolheaded"],"picked":"SKIP","floor":41},{"not_picked":["Redo+1","Steam+1"],"picked":"Glacier","floor":42}],"player_experience":331824,"relics_obtained":[{"floor":6,"key":"MealTicket"},{"floor":26,"key":"Ornamental Fan"},{"floor":29,"key":"The Courier"},{"floor":43,"key":"Blood Vial"}],"event_choices":[{"damage_healed":0,"gold_gain":0,"player_choice":"Lose Max HP","damage_taken":0,"relics_obtained":["Golden Idol"],"max_hp_gain":0,"max_hp_loss":6,"event_name":"Golden Idol","floor":14,"gold_loss":0},{"damage_healed":0,"gold_gain":99,"player_choice":"Stole From Cult","damage_taken":0,"max_hp_gain":0,"max_hp_loss":0,"event_name":"Nest","floor":22,"gold_loss":0},{"damage_healed":24,"gold_gain":0,"player_choice":"Heal","damage_taken":0,"max_hp_gain":0,"max_hp_loss":0,"event_name":"The Library","floor":24,"gold_loss":0},{"damage_healed":0,"gold_gain":0,"player_choice":"POTION ","damage_taken":12,"max_hp_gain":0,"max_hp_loss":0,"event_name":"Knowing Skull","floor":25,"potions_obtained":["DuplicationPotion"],"gold_loss":0,"cards_obtained":[]}],"is_beta":false,"boss_relics":[{"not_picked":["Velvet Choker","Sozu"],"picked":"Cursed Key"},{"not_picked":["Busted Crown","Snecko Eye"],"picked":"Tiny House"}],"items_purged_floors":[13,21,36],"is_endless":false,"potions_floor_spawned":[3,6,11,12,20,28,31,33,35,42],"killed_by":"Nemesis","ascension_level":6}}