{"host":"ied4ms9juizrl48v","time":1610631148,"event":{"mods":["BaseMod","Block Reminder","Colored Map","Colored Powertips","DeckTracker","Highlight Path","Minty Spire (QoL Compilation)","Quick Restart","Random Character Button","StSLib","SuperFastMode"],"gold_per_floor":[112,124,274,294,108,120,150,150,150,150,12,12,25,25,25,25,25],"floor_reached":16,"language":"JPN","playtime":363,"items_purged":["Doubt"],"score":200,"play_id":"e75a1690-f4b4-4d56-b6b7-00be57108ef0","local_time":"20210114223228","is_ascension_mode":true,"campfire_choices":[{"data":"Deadly Poison","floor":8,"key":"SMITH"},{"data":"Neutralize","floor":10,"key":"SMITH"},{"data":"Dagger Spray","floor":15,"key":"SMITH"}],"circlet_count":0,"master_deck":["AscendersBane","Strike_G","Strike_G","Strike_G","Strike_G","Defend_G","Defend_G","Defend_G","Defend_G","Defend_G","Survivor","Neutralize+1","Dagger Spray+1","Deadly Poison+1","Bane","Dagger Spray","PiercingWail","Distraction+1","Underhanded Strike","Crippling Poison+1"],"relics":["Ring of the Snake","NeowsBlessing","Toxic Egg 2","The Courier","Snake Skull","Regal Pillow"],"acts_visited":["Exordium"],"potions_floor_usage":[7,7],"damage_taken":[{"damage":0,"enemies":"Jaw Worm","floor":1,"turns":1},{"damage":0,"enemies":"2 Louse","floor":2,"turns":1},{"damage":0,"enemies":"Cultist","floor":4,"turns":1},{"damage":12,"enemies":"Exordium Wildlife","floor":6,"turns":5},{"damage":7,"enemies":"3 Sentries","floor":7,"turns":5},{"damage":9,"enemies":"Blue Slaver","floor":13,"turns":4},{"damage":31,"enemies":"The Guardian","floor":16,"turns":5}],"seed_played":"7505060970583551782","potions_obtained":[{"floor":2,"key":"Energy Potion"}],"is_trial":false,"path_per_floor":["M","M","?","M","$","M","E","R","T","R","$","?","M","T","R","B"],"character_chosen":"THE_SILENT","items_purchased":["DistilledChaos","Dagger Spray","Snake Skull"],"campfire_rested":0,"item_purchase_floors":[5,5,11],"current_hp_per_floor":[59,59,59,59,59,47,40,40,40,40,40,40,31,31,31,0,0],"gold":25,"neow_bonus":"THREE_ENEMY_KILL","is_daily":false,"chose_seed":false,"campfire_upgraded":3,"win_rate":0.0,"timestamp":1610631148,"path_taken":["M","M","?","M","$","M","E","R","T","R","$","?","?","?","R","BOSS"],"items_purchased_type":["Potion","Card","Relic"],"build_version":"2020-12-22","purchased_purges":1,"victory":false,"max_hp_per_floor":[66,66,66,66,66,66,66,66,66,66,66,66,66,66,66,66,66],"card_choices":[{"not_picked":["Outmaneuver","Catalyst"],"picked":"Dagger Spray","floor":1},{"not_picked":["Quick Slash","Underhanded Strike"],"picked":"Deadly Poison","floor":2},{"not_picked":["Tactician","Quick Slash"],"picked":"Bane","floor":4},{"not_picked":["Sucker Punch","Backflip"],"picked":"PiercingWail","floor":6},{"not_picked":["Outmaneuver+1","Bane"],"picked":"Distraction+1","floor":7},{"not_picked":["Corpse Explosion+1","Backflip+1"],"picked":"Crippling Poison+1","floor":13}],"player_experience":8836,"relics_obtained":[{"floor":7,"key":"Toxic Egg 2"},{"floor":9,"key":"The Courier"},{"floor":14,"key":"Regal Pillow"}],"event_choices":[{"damage_healed":0,"gold_gain":150,"player_choice":"AGREE","damage_taken":0,"max_hp_gain":0,"max_hp_loss":0,"event_name":"Liars Game","floor":3,"gold_loss":0,"cards_obtained":["Doubt"]},{"damage_healed":0,"gold_gain":0,"cards_transformed":["Strike_G"],"player_choice":"Transformed","damage_taken":0,"max_hp_gain":0,"max_hp_loss":0,"event_name":"Transmorgrifier","floor":12,"gold_loss":0,"cards_obtained":["Underhanded Strike"]}],"is_beta":false,"boss_relics":[],"items_purged_floors":[5],"is_endless":false,"potions_floor_spawned":[2,6],"killed_by":"The Guardian","ascension_level":20}}