{"host":"h4lp0eeso8a0ssq0","time":1610637724,"event":{"mods":["2.2 Compatiblity","BaseMod","CapriCore","Colored Map","Minty Spire (QoL Compilation)","StSLib","SuperFastMode"],"gold_per_floor":[119,169,186,186,261,63,92,92,92,107,107,71,71,88,88,160,160,175,175,186,204,217,217,217,229,229,248,248,248,248],"floor_reached":29,"language":"KOR","playtime":617,"items_purged":[],"score":438,"play_id":"d663ba12-ce99-4aa8-88a1-c3adb163a6a7","local_time":"20210115002204","is_ascension_mode":true,"campfire_choices":[{"data":"Deadly Poison","floor":8,"key":"SMITH"},{"data":"Footwork","floor":11,"key":"SMITH"},{"data":"Caltrops","floor":13,"key":"SMITH"},{"data":"Catalyst","floor":15,"key":"SMITH"},{"floor":23,"key":"REST"}],"circlet_count":0,"master_deck":["AscendersBane","Strike_G","Defend_G","Defend_G","Defend_G","Defend_G","Defend_G","Survivor","Neutralize","Escape Plan","Tactician","Deadly Poison+1","Deadly Poison","Footwork+1","PiercingWail","Caltrops+1","Catalyst+1","Bullet Time","Acrobatics","Backflip","Dagger Throw","Poisoned Stab+1","Ghostly","Ghostly","Ghostly","Poisoned Stab","Catalyst+1"],"relics":["Ring of the Snake","NeowsBlessing","Ancient Tea Set","Snake Skull","The Specimen","Empty Cage","Gremlin Horn","CultistMask"],"acts_visited":["Exordium","TheCity"],"potions_floor_usage":[],"damage_taken":[{"damage":0,"enemies":"Jaw Worm","floor":1,"turns":1},{"damage":0,"enemies":"Cultist","floor":3,"turns":1},{"damage":0,"enemies":"Gremlin Nob","floor":7,"turns":1},{"damage":0,"enemies":"Small Slimes","floor":10,"turns":3},{"damage":0,"enemies":"Exordium Wildlife","floor":14,"turns":3},{"damage":6,"enemies":"Hexaghost","floor":16,"turns":6},{"damage":3,"enemies":"Spheric Guardian","floor":18,"turns":3},{"damage":36,"enemies":"2 Thieves","floor":20,"turns":5},{"damage":4,"enemies":"Snake Plant","floor":21,"turns":5},{"damage":9,"enemies":"Snecko","floor":22,"turns":4},{"damage":22,"enemies":"Sentry and Sphere","floor":25,"turns":7},{"damage":3,"enemies":"Cultist and Chosen","floor":27,"turns":7},{"damage":0,"enemies":"Gremlin Leader","floor":29,"turns":1}],"seed_played":"-760619280091381650","potions_obtained":[{"floor":1,"key":"Dexterity Potion"},{"floor":7,"key":"PowerPotion"},{"floor":10,"key":"BlessingOfTheForge"},{"floor":22,"key":"GhostInAJar"}],"is_trial":false,"path_per_floor":["M","?","M","?","?","$","E","R","T","M","R","$","R","M","R","B",null,"M","?","M","M","M","R","?","M","T","M","?","E"],"character_chosen":"THE_SILENT","items_purchased":["Deadly Poison","Ancient Tea Set","Caltrops"],"campfire_rested":1,"item_purchase_floors":[6,6,12],"current_hp_per_floor":[59,59,59,59,48,48,48,48,48,48,48,48,48,48,48,42,60,57,57,21,17,8,27,27,5,5,2,2,2,2],"gold":248,"neow_bonus":"THREE_ENEMY_KILL","is_daily":false,"chose_seed":false,"campfire_upgraded":4,"win_rate":0.0,"timestamp":1610637724,"path_taken":["M","?","?","?","?","$","E","R","T","M","R","?","R","M","R","BOSS","M","?","M","?","M","R","?","M","T","M","?","E"],"items_purchased_type":["Card","Relic","Card"],"build_version":"2020-12-22","purchased_purges":0,"victory":false,"max_hp_per_floor":[66,66,66,66,66,66,66,66,66,66,66,66,66,66,66,66,66,66,66,66,66,66,66,33,33,33,33,33,33,33],"card_choices":[{"not_picked":["Noxious Fumes","Slice"],"picked":"Escape Plan","floor":1},{"not_picked":["Well Laid Plans","Deflect"],"picked":"Tactician","floor":3},{"not_picked":["Underhanded Strike","Cloak And Dagger"],"picked":"Footwork","floor":7},{"not_picked":["Dagger Throw","Envenom"],"picked":"PiercingWail","floor":10},{"not_picked":["Infinite Blades","Masterful Stab"],"picked":"Catalyst","floor":14},{"not_picked":["Unload","Venomology"],"picked":"Bullet Time","floor":16},{"not_picked":["Dodge and Roll","Caltrops"],"picked":"Acrobatics","floor":18},{"not_picked":["Prepared","Predator"],"picked":"Backflip","floor":20},{"not_picked":["Cloak And Dagger","Quick Slash"],"picked":"Dagger Throw","floor":21},{"not_picked":["Deadly Poison","Backstab"],"picked":"Poisoned Stab+1","floor":22},{"not_picked":["Eviscerate","Endless Agony"],"picked":"Poisoned Stab","floor":25},{"not_picked":["Underhanded Strike","Cloak And Dagger+1"],"picked":"Catalyst+1","floor":27}],"player_experience":163745,"relics_obtained":[{"floor":7,"key":"Snake Skull"},{"floor":9,"key":"The Specimen"},{"floor":26,"key":"Gremlin Horn"}],"event_choices":[{"damage_healed":0,"gold_gain":50,"player_choice":"Pray","damage_taken":0,"max_hp_gain":0,"max_hp_loss":0,"event_name":"Golden Shrine","floor":2,"gold_loss":0},{"damage_healed":0,"gold_gain":0,"cards_transformed":["Strike_G"],"player_choice":"Change","damage_taken":0,"max_hp_gain":0,"max_hp_loss":0,"event_name":"Living Wall","floor":4,"gold_loss":0,"cards_obtained":["Deadly Poison"]},{"damage_healed":0,"gold_gain":75,"player_choice":"Gather Gold","damage_taken":11,"max_hp_gain":0,"max_hp_loss":0,"event_name":"World of Goop","floor":5,"gold_loss":0},{"cards_removed":["Strike_G"],"damage_healed":0,"gold_gain":0,"player_choice":"Offered Basic","damage_taken":0,"max_hp_gain":0,"max_hp_loss":0,"event_name":"Bonfire Elementals","floor":19,"gold_loss":0},{"damage_healed":0,"gold_gain":0,"player_choice":"Became a Ghost","damage_taken":0,"max_hp_gain":0,"max_hp_loss":33,"event_name":"Ghosts","floor":24,"gold_loss":0,"cards_obtained":["Ghostly","Ghostly","Ghostly"]},{"damage_healed":0,"gold_gain":0,"player_choice":"Trade","damage_taken":0,"relics_obtained":["CultistMask"],"max_hp_gain":0,"max_hp_loss":0,"event_name":"FaceTrader","floor":28,"gold_loss":0}],"is_beta":false,"boss_relics":[{"not_picked":["Snecko Eye","Busted Crown"],"picked":"Empty Cage"}],"items_purged_floors":[],"is_endless":false,"potions_floor_spawned":[1,7,10,18,22,25],"killed_by":"Gremlin Leader","ascension_level":15}}