{"host":"7qoz5gmva6til3yp","time":1610623106,"event":{"mods":["AchievementEnabler","BaseMod","Minty Spire (QoL Compilation)","StSLib","SuperFastMode"],"gold_per_floor":[109,9,29,29,45,71,85,85,112,126,126,137,137,154,154,252,252,263,188,35,52,63,90,90,90],"floor_reached":24,"language":"KOR","playtime":2156,"items_purged":["Strike_G","Strike_G"],"score":286,"play_id":"e834504c-ed6f-4b0a-bef5-e3049d91edff","local_time":"20210114201826","is_ascension_mode":true,"campfire_choices":[{"floor":8,"key":"REST"},{"data":"Finisher","floor":11,"key":"SMITH"},{"floor":13,"key":"REST"},{"floor":15,"key":"REST"}],"circlet_count":0,"master_deck":["Strike_G","Strike_G","Strike_G","Defend_G","Defend_G","Defend_G","Defend_G","Survivor","Neutralize","Well Laid Plans","Quick Slash","Finisher+1","Bouncing Flask","Footwork","Backflip","Backstab","Tactician","Grand Finale","Acrobatics","Prepared","Underhanded Strike+1","PiercingWail"],"relics":["Ring of the Snake","Unceasing Top","Oddly Smooth Stone","Pen Nib","Philosopher\u0027s Stone","Potion Belt"],"acts_visited":["Exordium","TheCity"],"potions_floor_usage":[6,16,16,16,22],"damage_taken":[{"damage":4,"enemies":"Cultist","floor":1,"turns":5},{"damage":0,"enemies":"2 Louse","floor":3,"turns":2},{"damage":1,"enemies":"Small Slimes","floor":5,"turns":5},{"damage":43,"enemies":"Gremlin Nob","floor":6,"turns":6},{"damage":2,"enemies":"Looter","floor":7,"turns":4},{"damage":0,"enemies":"Exordium Wildlife","floor":10,"turns":3},{"damage":21,"enemies":"Large Slime","floor":12,"turns":9},{"damage":4,"enemies":"2 Fungi Beasts","floor":14,"turns":3},{"damage":23,"enemies":"Slime Boss","floor":16,"turns":7},{"damage":27,"enemies":"2 Thieves","floor":18,"turns":3},{"damage":28,"enemies":"Chosen","floor":21,"turns":6},{"damage":5,"enemies":"Snecko","floor":22,"turns":3},{"damage":79,"enemies":"Book of Stabbing","floor":23,"turns":8},{"damage":22,"enemies":"Shelled Parasite and Fungi","floor":24,"turns":3}],"seed_played":"7120057389428621221","potions_obtained":[{"floor":1,"key":"CultistPotion"},{"floor":3,"key":"Block Potion"},{"floor":7,"key":"Dexterity Potion"},{"floor":10,"key":"Regen Potion"},{"floor":12,"key":"Strength Potion"},{"floor":18,"key":"Regen Potion"}],"is_trial":false,"path_per_floor":["M","$","M","?","M","E","M","R","T","M","R","M","R","M","R","B",null,"M","?","$","M","M","E","M"],"character_chosen":"THE_SILENT","items_purchased":["Quick Slash","Prepared"],"campfire_rested":3,"item_purchase_floors":[2,20],"current_hp_per_floor":[59,59,59,59,58,15,13,31,31,31,31,10,28,24,42,34,56,29,29,29,1,51,22,0,0],"gold":90,"neow_bonus":"ONE_RARE_RELIC","is_daily":false,"chose_seed":false,"campfire_upgraded":1,"win_rate":0.0,"timestamp":1610623106,"path_taken":["M","$","M","?","M","E","M","R","T","M","R","M","R","M","R","BOSS","M","?","$","M","M","E","M"],"items_purchased_type":["Card","Card"],"build_version":"2020-12-22","purchased_purges":2,"victory":false,"max_hp_per_floor":[63,63,63,63,63,63,63,63,63,63,63,63,63,63,63,63,63,63,63,63,63,63,63,63,63],"card_choices":[{"not_picked":["Predator","Bane"],"picked":"Well Laid Plans","floor":1},{"not_picked":["Deflect","Skewer","Distraction"],"picked":"SKIP","floor":3},{"not_picked":["Backflip","Poisoned Stab"],"picked":"Finisher","floor":5},{"not_picked":["Masterful Stab","Infinite Blades"],"picked":"Bouncing Flask","floor":6},{"not_picked":["Reflex","Unload"],"picked":"Footwork","floor":7},{"not_picked":["Poisoned Stab","Reflex"],"picked":"Backflip","floor":10},{"not_picked":["Crippling Poison","Infinite Blades"],"picked":"Backstab","floor":12},{"not_picked":["Skewer","Prepared"],"picked":"Tactician","floor":14},{"not_picked":["Glass Knife","Malaise"],"picked":"Grand Finale","floor":16},{"not_picked":["Blade Dance","Bane"],"picked":"Acrobatics","floor":18},{"not_picked":["Storm of Steel","Sucker Punch"],"picked":"Underhanded Strike+1","floor":21},{"not_picked":["Acrobatics+1","Outmaneuver+1"],"picked":"PiercingWail","floor":22},{"not_picked":["Sucker Punch","Blade Dance","Bane"],"picked":"SKIP","floor":23}],"player_experience":343560,"relics_obtained":[{"floor":6,"key":"Oddly Smooth Stone"},{"floor":9,"key":"Pen Nib"},{"floor":23,"key":"Potion Belt"}],"event_choices":[{"damage_healed":0,"gold_gain":0,"player_choice":"Ignored","damage_taken":0,"max_hp_gain":0,"max_hp_loss":0,"event_name":"Liars Game","floor":4,"gold_loss":0},{"cards_removed":["Defend_G"],"damage_healed":0,"gold_gain":0,"player_choice":"Gave Gold","damage_taken":0,"max_hp_gain":0,"max_hp_loss":0,"event_name":"Beggar","floor":19,"gold_loss":75}],"is_beta":false,"boss_relics":[{"not_picked":["Snecko Eye","Runic Dome"],"picked":"Philosopher\u0027s Stone"}],"items_purged_floors":[2,20],"is_endless":false,"potions_floor_spawned":[1,3,7,10,12,14,18],"killed_by":"Shelled Parasite and Fungi","ascension_level":6}}