{"host":"dm4yvegl9um2tlqd","time":1610626124,"event":{"mods":["2.2 Compatiblity","AchievementEnabler","BaseMod","Colored Map","DeckTracker","Highlight Path","KOR Keyword Fix","Keyboard Shortcuts","Minty Spire (QoL Compilation)","Permanent Neow","Quick Restart","Random Character Button","StSLib","SuperFastMode","everything is the same but u backflip on backflip"],"gold_per_floor":[116,41,58,58,58,58,86,99,126,140,157,157,185,200,200,297,297,307,318,350,47,59,59,92,92,92],"floor_reached":25,"language":"KOR","playtime":998,"items_purged":["Doubt","Strike_B"],"score":268,"play_id":"bb58f858-ad9c-4c34-97d8-2d6a4a0099f6","local_time":"20210114210844","is_ascension_mode":true,"campfire_choices":[{"data":"Storm","floor":6,"key":"SMITH"},{"floor":12,"key":"REST"},{"data":"Defragment","floor":15,"key":"SMITH"},{"data":"Fusion","floor":23,"key":"SMITH"}],"circlet_count":0,"master_deck":["Strike_B","Defend_B","Defend_B","Defend_B","Defend_B","Zap","Dualcast","Electrodynamics","Storm+1","Defragment+1","Self Repair","Chill","Barrage","Streamline","Beam Cell","Capacitor","Compile Driver","Amplify","Turbo+1","Hologram","Defragment","Panacea","Fusion+1"],"relics":["Cracked Core","Dream Catcher","Potion Belt","HornCleat","Nunchaku","Girya","Inserter","Red Mask","Membership Card","Centennial Puzzle"],"acts_visited":["Exordium","TheCity"],"potions_floor_usage":[11,16,20],"damage_taken":[{"damage":3,"enemies":"2 Louse","floor":1,"turns":2},{"damage":6,"enemies":"Cultist","floor":3,"turns":3},{"damage":28,"enemies":"Gremlin Nob","floor":7,"turns":4},{"damage":5,"enemies":"Jaw Worm","floor":8,"turns":4},{"damage":10,"enemies":"Exordium Thugs","floor":10,"turns":3},{"damage":9,"enemies":"3 Louse","floor":11,"turns":5},{"damage":21,"enemies":"Lagavulin","floor":13,"turns":5},{"damage":5,"enemies":"Gremlin Gang","floor":14,"turns":2},{"damage":13,"enemies":"The Guardian","floor":16,"turns":9},{"damage":15,"enemies":"Spheric Guardian","floor":18,"turns":4},{"damage":16,"enemies":"Chosen","floor":19,"turns":5},{"damage":0,"enemies":"Masked Bandits","floor":20,"turns":2},{"damage":17,"enemies":"Centurion and Healer","floor":22,"turns":3},{"damage":24,"enemies":"Book of Stabbing","floor":24,"turns":4},{"damage":42,"enemies":"Shelled Parasite and Fungi","floor":25,"turns":3}],"seed_played":"-6906150091549127788","potions_obtained":[{"floor":3,"key":"FocusPotion"},{"floor":7,"key":"Regen Potion"},{"floor":11,"key":"SpeedPotion"},{"floor":14,"key":"Weak Potion"},{"floor":16,"key":"PowerPotion"},{"floor":19,"key":"Explosive Potion"},{"floor":24,"key":"Explosive Potion"}],"is_trial":false,"path_per_floor":["M","$","M","?","?","R","E","M","T","M","M","R","E","M","R","B",null,"M","M","?","$","M","R","E","M"],"character_chosen":"DEFECT","items_purchased":["Membership Card","Defragment","Panacea","EssenceOfDarkness"],"campfire_rested":1,"item_purchase_floors":[21,21,21,21],"current_hp_per_floor":[72,72,66,41,41,41,20,22,22,19,31,53,39,34,34,28,75,67,51,58,58,48,48,31,0,0],"gold":92,"neow_bonus":"TRANSFORM_TWO_CARDS","is_daily":false,"chose_seed":false,"campfire_upgraded":3,"win_rate":0.0,"timestamp":1610626124,"path_taken":["M","$","M","?","?","R","E","M","T","?","M","R","E","M","R","BOSS","M","M","?","$","M","R","E","M"],"items_purchased_type":["Relic","Card","Card","Potion"],"build_version":"2020-12-22","purchased_purges":2,"victory":false,"max_hp_per_floor":[75,75,75,75,75,75,75,75,75,75,75,75,75,75,75,75,75,75,75,75,75,75,75,75,75,75],"card_choices":[{"not_picked":["Sweeping Beam","Go for the Eyes"],"picked":"Defragment","floor":1},{"not_picked":["Skim","Streamline"],"picked":"Self Repair","floor":3},{"not_picked":["Recycle","Reprogram"],"picked":"Chill","floor":7},{"not_picked":["Beam Cell","Redo"],"picked":"Barrage","floor":8},{"not_picked":["Blizzard","Beam Cell","Multi-Cast"],"picked":"SKIP","floor":10},{"not_picked":["Steam","Static Discharge"],"picked":"Streamline","floor":11},{"not_picked":["Recycle","Genetic Algorithm"],"picked":"Beam Cell","floor":12},{"not_picked":["Auto Shields","Gash"],"picked":"Capacitor","floor":13},{"not_picked":["Conserve Battery","Multi-Cast"],"picked":"Compile Driver","floor":14},{"not_picked":["Seek","Buffer"],"picked":"Amplify","floor":16},{"not_picked":["Redo","Fusion"],"picked":"Turbo+1","floor":18},{"not_picked":["Redo","Steam","Gash"],"picked":"SKIP","floor":19},{"not_picked":["Streamline","Sweeping Beam"],"picked":"Hologram","floor":20},{"not_picked":["Hologram","Stack"],"picked":"Fusion","floor":22},{"not_picked":["Steam Power","Redo","Core Surge"],"picked":"SKIP","floor":24}],"player_experience":38997,"relics_obtained":[{"floor":7,"key":"HornCleat"},{"floor":9,"key":"Nunchaku"},{"floor":13,"key":"Girya"},{"floor":20,"key":"Red Mask"},{"floor":24,"key":"Centennial Puzzle"}],"event_choices":[{"damage_healed":0,"gold_gain":0,"player_choice":"Success","damage_taken":25,"relics_obtained":["Dream Catcher"],"max_hp_gain":0,"max_hp_loss":0,"event_name":"Scrap Ooze","floor":4,"gold_loss":0},{"damage_healed":0,"gold_gain":0,"player_choice":"Gave Potion","damage_taken":0,"relics_obtained":["Potion Belt"],"max_hp_gain":0,"max_hp_loss":0,"event_name":"WeMeetAgain","floor":5,"gold_loss":0},{"damage_healed":0,"gold_gain":0,"player_choice":"Fought Bandits","damage_taken":0,"max_hp_gain":0,"max_hp_loss":0,"event_name":"Masked Bandits","floor":20,"gold_loss":0}],"is_beta":false,"boss_relics":[{"not_picked":["Black Star","SlaversCollar"],"picked":"Inserter"}],"items_purged_floors":[2,21],"is_endless":false,"potions_floor_spawned":[3,7,11,14,16,19,24],"killed_by":"Shelled Parasite and Fungi","ascension_level":3}}