{"host":"t4313i2190y6fz3q","time":1610662136,"event":{"mods":["2.2 Compatiblity","AchievementEnabler","Act Like it!","BaseMod","Colored Powertips","Downfall","Highlight Path","Minty Spire (QoL Compilation)","Permanent Neow","Quick Restart","Rare Cards Sparkle","StSLib"],"gold_per_floor":[14,32,32,47,63,98,98,133,158,158,176,176,192,244,244,383,383,417,417,272,295,395,434,457,457,457,473,473,511,511,83,83,83,83],"floor_reached":33,"language":"ENG","playtime":1225,"items_purged":["Defend_G"],"score":550,"play_id":"679f654d-d148-4921-a108-79834a1dcfdc","local_time":"20210114140856","is_ascension_mode":true,"campfire_choices":[{"data":"Glass Knife","floor":7,"key":"SMITH"},{"data":"Neutralize","floor":10,"key":"SMITH"},{"data":"Dash","floor":15,"key":"SMITH"},{"floor":25,"key":"REST"},{"floor":28,"key":"REST"},{"floor":30,"key":"REST"},{"data":"Catalyst","floor":32,"key":"SMITH"}],"circlet_count":0,"master_deck":["AscendersBane","Strike_G","Strike_G+1","Strike_G","Strike_G","Defend_G+1","Defend_G","Defend_G","Defend_G+1","Survivor","Neutralize+1","Quick Slash+1","Dash+1","Underhanded Strike","Dagger Throw","Glass Knife+1","Corpse Explosion","Flying Knee","Deadly Poison","Bane","Dodge and Roll","Burst","Blur+1","Heel Hook","Eviscerate+1","Catalyst+1"],"relics":["Ring of the Snake","FossilizedHelix","Golden Idol","Whetstone","War Paint","Centennial Puzzle","CeramicFish","HoveringKite","StrikeDummy","Darkstone Periapt","Paper Crane","Singing Bowl","TwistedFunnel"],"acts_visited":["Exordium","TheCity"],"potions_floor_usage":[6,14,23,23,27,29],"damage_taken":[{"damage":0,"enemies":"Small Slimes","floor":1,"turns":4},{"damage":0,"enemies":"Cultist","floor":2,"turns":4},{"damage":0,"enemies":"2 Louse","floor":4,"turns":3},{"damage":0,"enemies":"Blue Slaver","floor":5,"turns":4},{"damage":2,"enemies":"3 Sentries","floor":6,"turns":6},{"damage":0,"enemies":"Gremlin Nob","floor":8,"turns":3},{"damage":0,"enemies":"Looter","floor":11,"turns":3},{"damage":0,"enemies":"Large Slime","floor":13,"turns":4},{"damage":0,"enemies":"3 Sentries","floor":14,"turns":4},{"damage":33,"enemies":"The Guardian","floor":16,"turns":10},{"damage":0,"enemies":"3 Byrds","floor":18,"turns":2},{"damage":0,"enemies":"Shell Parasite","floor":21,"turns":5},{"damage":34,"enemies":"Book of Stabbing","floor":23,"turns":7},{"damage":6,"enemies":"Chosen and Byrds","floor":24,"turns":3},{"damage":16,"enemies":"Centurion and Healer","floor":27,"turns":5},{"damage":22,"enemies":"Slavers","floor":29,"turns":2},{"damage":26,"enemies":"Champ","floor":33,"turns":9}],"seed_played":"-957096666157505167","potions_obtained":[{"floor":1,"key":"Block Potion"},{"floor":2,"key":"Strength Potion"},{"floor":13,"key":"SteroidPotion"},{"floor":14,"key":"Guardian:BlockOnCardUsePotion"},{"floor":23,"key":"SpeedPotion"},{"floor":24,"key":"hexamod:EctoCoolerPotion"},{"floor":27,"key":"Poison Potion"}],"is_trial":false,"path_per_floor":["M","M","?","M","M","E","R","E","T","R","M","?","M","E","R","B",null,"M","?","$","M","?","E","M","R","T","M","R","E","R","$","R","B"],"character_chosen":"THE_SILENT","items_purchased":["Heel Hook","Singing Bowl","TwistedFunnel","Catalyst"],"campfire_rested":3,"item_purchase_floors":[20,31,31,31],"current_hp_per_floor":[63,63,63,63,63,61,61,61,61,61,61,61,61,61,61,28,56,56,56,56,56,56,22,16,35,35,19,38,16,35,35,35,9,9],"gold":83,"neow_bonus":"ONE_RARE_RELIC","is_daily":false,"chose_seed":false,"campfire_upgraded":4,"win_rate":0.0,"timestamp":1610662136,"path_taken":["M","M","?","M","M","E","R","E","T","R","M","?","?","E","R","BOSS","M","?","$","?","?","E","M","R","T","M","R","E","R","$","R","BOSS"],"items_purchased_type":["Card","Relic","Relic","Card"],"build_version":"2020-12-22","purchased_purges":1,"victory":false,"max_hp_per_floor":[70,70,65,65,65,65,65,65,65,65,65,65,65,65,65,65,65,65,65,65,65,65,65,65,65,65,65,65,65,65,65,65,65,65],"card_choices":[{"not_picked":["Well Laid Plans","Heel Hook"],"picked":"Quick Slash","floor":1},{"not_picked":["Dagger Spray","Backflip"],"picked":"Dash","floor":2},{"not_picked":["PiercingWail","Deadly Poison"],"picked":"Underhanded Strike","floor":4},{"not_picked":["Flying Knee","Cloak And Dagger"],"picked":"Dagger Throw","floor":5},{"not_picked":["Backstab","Accuracy"],"picked":"Glass Knife","floor":6},{"not_picked":["Dash","Dagger Spray"],"picked":"Corpse Explosion","floor":8},{"not_picked":["Riddle With Holes","Reflex"],"picked":"Flying Knee","floor":11},{"not_picked":["Setup","Backflip"],"picked":"Bane","floor":13},{"not_picked":["Deflect","PiercingWail"],"picked":"Dodge and Roll","floor":14},{"not_picked":["Envenom","Corpse Explosion"],"picked":"Burst","floor":16},{"not_picked":["Setup","PiercingWail"],"picked":"Blur+1","floor":18},{"not_picked":["All Out Attack","Deadly Poison","Choke"],"picked":"SKIP","floor":21},{"not_picked":["All Out Attack","Deadly Poison","Choke"],"picked":"SKIP","floor":21},{"not_picked":["Prepared","Accuracy+1","Dagger Spray+1"],"picked":"SKIP","floor":23},{"not_picked":["Cloak And Dagger","Concentrate"],"picked":"Eviscerate+1","floor":24},{"not_picked":["Backflip","Heel Hook","All Out Attack"],"picked":"SKIP","floor":27},{"not_picked":["Finisher","Escape Plan","Malaise"],"picked":"SKIP","floor":29}],"player_experience":211671,"relics_obtained":[{"floor":6,"key":"Whetstone"},{"floor":8,"key":"War Paint"},{"floor":9,"key":"Centennial Puzzle"},{"floor":14,"key":"CeramicFish"},{"floor":23,"key":"StrikeDummy"},{"floor":26,"key":"Darkstone Periapt"},{"floor":29,"key":"Paper Crane"}],"event_choices":[{"damage_healed":0,"gold_gain":0,"player_choice":"Lose Max HP","damage_taken":0,"relics_obtained":["Golden Idol"],"max_hp_gain":0,"max_hp_loss":5,"event_name":"Golden Idol","floor":3,"gold_loss":0},{"damage_healed":0,"gold_gain":0,"cards_transformed":["Strike_G"],"player_choice":"Transformed","damage_taken":0,"max_hp_gain":0,"max_hp_loss":0,"event_name":"Transmorgrifier","floor":12,"gold_loss":0,"cards_obtained":["Deadly Poison"]},{"damage_healed":0,"gold_gain":0,"player_choice":"Bought 0 Potions","damage_taken":0,"max_hp_gain":0,"max_hp_loss":0,"event_name":"The Woman in Blue","floor":19,"gold_loss":0},{"damage_healed":0,"gold_gain":100,"player_choice":"Pray","damage_taken":0,"max_hp_gain":0,"max_hp_loss":0,"event_name":"Golden Shrine","floor":22,"gold_loss":0}],"is_beta":false,"boss_relics":[{"not_picked":["Calling Bell","Busted Crown"],"picked":"HoveringKite"}],"items_purged_floors":[20],"is_endless":false,"potions_floor_spawned":[1,2,13,14,23,24,27],"killed_by":"Champ","ascension_level":11}}