{"host":"bf76s0h7296j55rp","time":1610631585,"event":{"mods":["BaseMod","Colored Powertips","Friendly Minions","Kiyohime£¨Çå¼§£©","Minty Spire (QoL Compilation)","Quick Restart","Shop Mod","StSLib","The Administrix","The Servant 0.9.4","óô»ðÖ¸ÄÏ"],"gold_per_floor":[119,69,69,87,87,87,87],"floor_reached":6,"language":"ZHS","playtime":288,"items_purged":[],"score":34,"play_id":"c07b70f3-33de-42cc-897f-aca5f71b5811","local_time":"20210114213945","is_ascension_mode":false,"campfire_choices":[],"circlet_count":0,"master_deck":["KiyohimeMod:Strike","KiyohimeMod:Strike","KiyohimeMod:Strike","KiyohimeMod:Strike","KiyohimeMod:Defend","KiyohimeMod:Defend","KiyohimeMod:Track","KiyohimeMod:FlameKiss","KiyohimeMod:Shapeshift","KiyohimeMod:FirstPremonition","KiyohimeMod:Berserker"],"relics":["KiyohimeMod:FireDragon"],"acts_visited":["Exordium"],"potions_floor_usage":[],"damage_taken":[{"damage":6,"enemies":"Small Slimes","floor":1,"turns":4},{"damage":0,"enemies":"2 Louse","floor":4,"turns":3},{"damage":60,"enemies":"3 Sentries","floor":6,"turns":8}],"seed_played":"2848258432581628254","potions_obtained":[{"floor":4,"key":"Block Potion"}],"is_trial":false,"path_per_floor":["M","?","?","M","?","E"],"character_chosen":"Kiyohime","items_purchased":[],"campfire_rested":0,"item_purchase_floors":[],"current_hp_per_floor":[60,60,53,53,58,0,0],"gold":87,"neow_bonus":"TEN_PERCENT_HP_BONUS","is_daily":false,"chose_seed":false,"campfire_upgraded":0,"win_rate":0.0,"timestamp":1610631585,"path_taken":["M","?","?","M","?","E"],"items_purchased_type":[],"build_version":"2020-12-22","purchased_purges":0,"victory":false,"max_hp_per_floor":[66,66,66,66,71,71,71],"card_choices":[{"not_picked":["KiyohimeMod:GreenBlackKey","KiyohimeMod:WaterTurn"],"picked":"KiyohimeMod:FirstPremonition","floor":1},{"not_picked":["KiyohimeMod:RedBlackKey","KiyohimeMod:Preemptive"],"picked":"KiyohimeMod:Berserker","floor":4}],"player_experience":50069,"relics_obtained":[],"event_choices":[{"cards_removed":["KiyohimeMod:Defend"],"damage_healed":0,"gold_gain":0,"player_choice":"Card Removal","damage_taken":0,"max_hp_gain":0,"max_hp_loss":0,"event_name":"The Cleric","floor":2,"gold_loss":50},{"cards_removed":["KiyohimeMod:Defend"],"damage_healed":0,"gold_gain":0,"player_choice":"Card Removal","damage_taken":7,"max_hp_gain":0,"max_hp_loss":0,"event_name":"Golden Wing","floor":3,"gold_loss":0},{"damage_healed":0,"gold_gain":0,"player_choice":"Donut","damage_taken":0,"max_hp_gain":5,"max_hp_loss":0,"event_name":"Big Fish","floor":5,"gold_loss":0}],"is_beta":false,"boss_relics":[],"items_purged_floors":[],"is_endless":false,"potions_floor_spawned":[4],"killed_by":"3 Sentries","ascension_level":0}}