{"host":"ccryllxwh68mzgdb","time":1610606685,"event":{"mods":["Act Like it!","BaseMod","Downfall","Gremlin Skip","Hallownest","HololiveMod","KinomotoSakuraMod(ƒæ÷Æ±æ”£)","Marisa£®ÏF”Í°°ƒß¿Ì…≥£©","Minty Spire (QoL Compilation)","Reimu£®≤©¿ˆ¡È√Œ£©","Remilia£®¿Ÿ√◊¿Ú—«£©","Replay The Spire","RumiaBox-¬∂√◊Ê´µƒ…Ò√ÿ∫–◊”","Spicy Shops","StSLib","The Bug Knight","The Servant 0.9.4","WarShipGirlsR/’ΩΩ¢…Ÿ≈ÆR mod","Youmu£®ªÍ∆«—˝√Œ£©","Yuri Mod","[IsaacMod]“‘»ˆº‚À˛"],"gold_per_floor":[230,305,21,21,21,48,48,76,102,130,166,350,372,296,296,407,407,437,13,41,66,108,108,133,143,143,249,285,285,210,233,233,339,339,360,395,182,221,285,363,372,402,458,542,542,565,565],"floor_reached":46,"language":"ZHS","playtime":3347,"items_purged":["Doubt","yuri:yuriDefend","yuri:yuriDefend"],"score":574,"play_id":"86ee7296-f8a9-4c6a-8cb0-049ad7a70736","local_time":"20210114144445","is_ascension_mode":false,"campfire_choices":[{"data":"yuri:yuriQuickStrike","floor":7.0,"key":"SMITH"},{"data":"yuri:UntestedCode","floor":15.0,"key":"SMITH"},{"data":"yuri:MagneticKnives","floor":23.0,"key":"SMITH"},{"floor":29.0,"key":"REST"},{"data":"yuri:HeavierStrike","floor":32.0,"key":"SMITH"}],"circlet_count":0,"master_deck":["yuri:yuriStrike","yuri:yuriStrike+1","yuri:yuriStrike","yuri:yuriDefend","yuri:yuriDefend","yuri:yuriDefend","yuri:Oolong","yuri:yuriStab+1","BettingIsNotGood","yuri:NerfBat","yuri:yuriQuickStrike+1","yuri:InduceGlitch","yuri:Spin","yuri:Stalk","yuri:ThrowingKnives","yuri:Parry","Dark Shackles","yuri:ThrowBook","yuri:UntestedCode+1","yuri:HeavierStrike+1","Chrysalis","yuri:MagneticKnives+1","yuri:BookRed+1","yuri:DeepBreathing+1","yuri:ThornRemove","yuri:BookGreen+1","yuri:TeaSet","yuri:RelentlessStrikes","yuri:yuriQuickStrike+1","yuri:BrokenCode+1","yuri:InsanityDefense+1","yuri:BookBlue+1","yuri:Virus","Clumsy","Slimebound:Icky","yuri:CalmingAura+1"],"relics":["yuri:yuriKnife","HushsDoor","BelialBook","SteamSale","MagicDraw3","Ccalipers","CeramicFish","BargainBundle","Philosopher\u0027s Stone","Mango","Ginger","Tiny Chest","Gremlin Horn","MagicDraw1","Cursed Key","Bronze Scales","Replay:Bandana","MealTicket","yuri:GlitchPowder","Potion Belt","StoneCalendar"],"acts_visited":["Exordium","TheCity","TheBeyond"],"potions_floor_usage":[44],"damage_taken":[{"damage":2.0,"enemies":"Small Slimes","floor":1.0,"turns":3.0},{"damage":8.0,"enemies":"HollowMod:MossKnight","floor":6.0,"turns":5.0},{"damage":2.0,"enemies":"Cultist","floor":8.0,"turns":3.0},{"damage":10.0,"enemies":"2 Louse","floor":10.0,"turns":2.0},{"damage":6.0,"enemies":"Large Slime","floor":11.0,"turns":3.0},{"damage":6.0,"enemies":"Exordium Thugs","floor":13.0,"turns":3.0},{"damage":21.0,"enemies":"The Guardian","floor":16.0,"turns":5.0},{"damage":2.0,"enemies":"Chosen","floor":18.0,"turns":4.0},{"damage":4.0,"enemies":"Spheric Guardian","floor":20.0,"turns":3.0},{"damage":7.0,"enemies":"Centurion and Healer","floor":21.0,"turns":4.0},{"damage":20.0,"enemies":"3 Cultists","floor":22.0,"turns":5.0},{"damage":19.0,"enemies":"Shelled Parasite and Fungi","floor":24.0,"turns":4.0},{"damage":3.0,"enemies":"Sentry and Sphere","floor":25.0,"turns":2.0},{"damage":6.0,"enemies":"HollowMod:Nosk","floor":28.0,"turns":5.0},{"damage":6.0,"enemies":"Snake Plant","floor":31.0,"turns":3.0},{"damage":42.0,"enemies":"Collector","floor":33.0,"turns":4.0},{"damage":2.0,"enemies":"Orb Walker","floor":35.0,"turns":2.0},{"damage":22.0,"enemies":"3 Darklings","floor":36.0,"turns":5.0},{"damage":15.0,"enemies":"Spire Growth","floor":38.0,"turns":4.0},{"damage":11.0,"enemies":"Jaw Worm Horde","floor":39.0,"turns":3.0},{"damage":16.0,"enemies":"Reptomancer","floor":40.0,"turns":3.0},{"damage":29,"enemies":"Maw","floor":42,"turns":5},{"damage":26,"enemies":"2 Orb Walkers","floor":44,"turns":5},{"damage":22,"enemies":"3 Darklings","floor":46,"turns":2}],"seed_played":"-6359605528509414971","potions_obtained":[{"floor":1.0,"key":"Fire Potion"},{"floor":8.0,"key":"GamblersBrew"},{"floor":11.0,"key":"Weak Potion"},{"floor":20.0,"key":"Fire Potion"},{"floor":28.0,"key":"Slimebound:ThreeZeroPotion"},{"floor":33.0,"key":"Block Potion"},{"floor":38.0,"key":"SpeedPotion"},{"floor":42,"key":"Elixir"},{"floor":44,"key":"Energy Potion"}],"is_trial":false,"path_per_floor":["M","?","$","?","?","E","R","M","T","M","M","?","M","$","R","B",null,"M","$","M","M","M","R","M","M","T","?","E","R","?","M","R","B",null,"M","M","$","M","M","E","T","M","T","?","?","M"],"character_chosen":"YURI","items_purchased":["SteamSale","MagicDraw3","yuri:yuriQuickStrike","BargainBundle","Dark Shackles","yuri:ThrowBook","yuri:UntestedCode","yuri:HeavierStrike","Venom Potion","Chrysalis","Mango","Ginger","Tiny Chest","Bronze Scales","Replay:Bandana"],"campfire_rested":1,"item_purchase_floors":[3,3,3,14,14,14,14,14,14,14,19,19,19,37,37],"current_hp_per_floor":[78,67,67,51,44,45,45,47,47,42,40,40,34,34,34,17,80,78,92,92,89,73,73,57,54,54,17,22,50,50,50,50,14,94,94,73,73,62,55,45,45,23,23,12,12,0,0],"gold":565,"neow_bonus":"HUNDRED_GOLD","is_daily":false,"chose_seed":false,"campfire_upgraded":4,"win_rate":0.0,"timestamp":1610606685,"path_taken":["M","?","?","?","?","E","R","M","T","M","?","?","M","$","R","BOSS","M","$","M","M","M","R","M","M","T","?","E","R","?","M","R","BOSS","M","M","$","M","?","E","?","?","T","?","?","M"],"items_purchased_type":["Relic","Relic","Card","Relic","Card","Card","Card","Card","Potion","Card","Relic","Relic","Relic","Relic","Relic"],"build_version":"2020-12-22","purchased_purges":3,"victory":false,"max_hp_per_floor":[80,80,80,80,80,80,80,80,80,80,80,80,80,80,80,80,80,80,94,94,94,94,94,94,94,94,94,94,94,94,94,94,94,94,94,94,94,94,94,94,94,94,94,94,94,94,94],"card_choices":[{"not_picked":[],"picked":"BettingIsNotGood","floor":0.0},{"not_picked":["yuri:AdaptiveAI","yuri:TPose"],"picked":"yuri:NerfBat","floor":1.0},{"not_picked":["yuri:yuriQuickStrike","Bomb"],"picked":"yuri:InduceGlitch","floor":6.0},{"not_picked":["yuri:GhostForm","Bomb"],"picked":"yuri:Spin","floor":8.0},{"not_picked":["yuri:yuriQuickStrike","yuri:Stare"],"picked":"yuri:Stalk","floor":10.0},{"not_picked":["yuri:WickedSlash","yuri:AdaptiveAI"],"picked":"yuri:ThrowingKnives","floor":11.0},{"not_picked":["yuri:CorruptHitbox","yuri:BookGreen"],"picked":"yuri:Parry","floor":13.0},{"not_picked":["yuri:NoEscape","yuri:GlitchRemove"],"picked":"yuri:MagneticKnives","floor":16.0},{"not_picked":["yuri:RecklessStrike","yuri:HeavierStrike","yuri:ThrowingKnives"],"picked":"SKIP","floor":18.0},{"not_picked":["yuri:WickedSlash","yuri:TeaSet"],"picked":"yuri:BookRed+1","floor":20.0},{"not_picked":["yuri:CalmingAura","yuri:WickedSlash+1","yuri:Stare"],"picked":"SKIP","floor":21.0},{"not_picked":["yuri:CalmingAura","yuri:WickedSlash+1","yuri:Stare"],"picked":"SKIP","floor":21.0},{"not_picked":["yuri:WickedSlash","yuri:ThrowBook"],"picked":"yuri:DeepBreathing+1","floor":22.0},{"not_picked":["yuri:RecklessStrike","yuri:yuriQuickStrike","yuri:MagneticKnives"],"picked":"SKIP","floor":24.0},{"not_picked":["yuri:TPose","yuri:GreenTea","yuri:StealPen"],"picked":"SKIP","floor":25.0},{"not_picked":["yuri:DebugCard","yuri:GlitchedStrike"],"picked":"yuri:ThornRemove","floor":27.0},{"not_picked":["yuri:TPose","yuri:Spin"],"picked":"yuri:BookGreen+1","floor":28.0},{"not_picked":["yuri:JumpScare","yuri:DebugCard"],"picked":"yuri:TeaSet","floor":31.0},{"not_picked":["yuri:NoEscape","yuri:JumpScare"],"picked":"yuri:RelentlessStrikes","floor":33.0},{"not_picked":["yuri:ThornRemove+1","yuri:Stare+1"],"picked":"yuri:yuriQuickStrike+1","floor":35.0},{"not_picked":["yuri:CorruptHitbox","yuri:ReloadGame+1"],"picked":"yuri:BrokenCode+1","floor":36.0},{"not_picked":["yuri:Stare+1","yuri:WickedSlash"],"picked":"yuri:InsanityDefense+1","floor":38.0},{"not_picked":["yuri:InduceGlitch","yuri:MPose+1"],"picked":"yuri:BookBlue+1","floor":39.0},{"not_picked":["yuri:GlitchedStrike+1","yuri:BrokenCode+1"],"picked":"yuri:Virus","floor":40.0},{"not_picked":["yuri:WickedSlash+1","yuri:Skip+1","yuri:BookRed+1"],"picked":"SKIP","floor":42},{"not_picked":["yuri:DejaVu+1","yuri:InduceGlitch+1"],"picked":"yuri:CalmingAura+1","floor":44}],"player_experience":615961,"relics_obtained":[{"floor":6.0,"key":"Ccalipers"},{"floor":9.0,"key":"CeramicFish"},{"floor":26.0,"key":"Gremlin Horn"},{"floor":28.0,"key":"MagicDraw1"},{"floor":40.0,"key":"MealTicket"},{"floor":41.0,"key":"yuri:GlitchPowder"},{"floor":43,"key":"Potion Belt"},{"floor":44,"key":"StoneCalendar"}],"event_choices":[{"damage_healed":0.0,"max_hp_gain":0.0,"max_hp_loss":0.0,"gold_gain":75.0,"event_name":"World of Goop","player_choice":"Gather Gold","floor":2.0,"gold_loss":0.0,"damage_taken":11.0},{"damage_healed":0.0,"max_hp_gain":0.0,"max_hp_loss":0.0,"gold_gain":0.0,"event_name":"Shining Light","player_choice":"Entered Light","floor":4.0,"gold_loss":0.0,"damage_taken":16.0,"cards_upgraded":["yuri:yuriStab","yuri:yuriStrike"]},{"cards_removed":["yuri:yuriStrike"],"damage_healed":0.0,"max_hp_gain":0.0,"max_hp_loss":0.0,"gold_gain":0.0,"event_name":"Golden Wing","player_choice":"Card Removal","floor":5.0,"gold_loss":0.0,"damage_taken":7.0},{"damage_healed":0.0,"max_hp_gain":0.0,"max_hp_loss":0.0,"gold_gain":175.0,"event_name":"Liars Game","player_choice":"AGREE","floor":12.0,"gold_loss":0.0,"damage_taken":0.0,"cards_obtained":["Doubt"]},{"cards_removed":["yuri:yuriStrike"],"damage_healed":0.0,"max_hp_gain":0.0,"max_hp_loss":0.0,"gold_gain":0.0,"event_name":"Beggar","player_choice":"Gave Gold","floor":30.0,"gold_loss":75.0,"damage_taken":0.0},{"damage_healed":0,"gold_gain":0,"player_choice":"Fight","damage_taken":0,"max_hp_gain":0,"max_hp_loss":0,"event_name":"Mysterious Sphere","floor":44,"gold_loss":0}],"is_beta":false,"boss_relics":[{"not_picked":["Hololive_TopUpMoneyS","Busted Crown"],"picked":"Philosopher\u0027s Stone"},{"not_picked":[]},{"not_picked":["Honey Jar","SoulBox"],"picked":"Cursed Key"},{"not_picked":[]}],"items_purged_floors":[14,19,37],"is_endless":false,"potions_floor_spawned":[1,8,11,18,20,28,33,38,42,44],"killed_by":"3 Darklings","ascension_level":0}}