{"host":"7k7fhzlbqzyu5ijh","time":1610599412,"event":{"mods":["AchievementEnabler","BaseMod","Bestiary","Colored Powertips","Filter the Spire","Highlight Path","Minty Spire (QoL Compilation)","Potion Indicator Mod","RNG Fix","Relic Stats"],"gold_per_floor":[114,114,127,147,160,160,189,189,214,12,12,39,39,57,57,155,155,172,172,184,195,205,205,205],"floor_reached":23,"language":"ENG","playtime":1219,"items_purged":["Strike_R"],"score":308,"play_id":"10f9889a-2083-4eae-9f4c-021b56f49eb2","local_time":"20210113234332","is_ascension_mode":true,"campfire_choices":[{"data":"Pommel Strike","floor":6,"key":"SMITH"},{"data":"Ghostly Armor","floor":8,"key":"SMITH"},{"data":"True Grit","floor":13,"key":"SMITH"},{"data":"Clothesline","floor":15,"key":"SMITH"}],"circlet_count":0,"master_deck":["Strike_R","Strike_R","Strike_R","Strike_R","Defend_R","Defend_R","Defend_R","Defend_R","Bash+1","Wild Strike+1","Pummel","Pommel Strike+1","Cleave","Ghostly Armor+1","True Grit+1","Rampage","Hemokinesis","Clothesline+1","Feed","Anger+1","Blood for Blood+1","Rupture","Rupture+1"],"relics":["Burning Blood","Lantern","Ancient Tea Set","MealTicket","HornCleat","Black Star","Enchiridion"],"acts_visited":["Exordium","TheCity"],"potions_floor_usage":[7,12,16,20,21,23],"damage_taken":[{"damage":3,"enemies":"2 Louse","floor":1,"turns":4},{"damage":7,"enemies":"Jaw Worm","floor":3,"turns":2},{"damage":0,"enemies":"Small Slimes","floor":4,"turns":3},{"damage":14,"enemies":"Exordium Wildlife","floor":5,"turns":5},{"damage":0,"enemies":"Gremlin Nob","floor":7,"turns":2},{"damage":8,"enemies":"3 Sentries","floor":12,"turns":7},{"damage":2,"enemies":"3 Louse","floor":14,"turns":2},{"damage":27,"enemies":"Hexaghost","floor":16,"turns":9},{"damage":2,"enemies":"Spheric Guardian","floor":18,"turns":3},{"damage":7,"enemies":"2 Thieves","floor":20,"turns":4},{"damage":16,"enemies":"Shelled Parasite and Fungi","floor":21,"turns":5},{"damage":21,"enemies":"Centurion and Healer","floor":22,"turns":11},{"damage":43,"enemies":"Book of Stabbing","floor":23,"turns":4}],"seed_played":"-5418979754404036334","potions_obtained":[{"floor":1,"key":"LiquidMemories"},{"floor":3,"key":"Dexterity Potion"},{"floor":14,"key":"Energy Potion"},{"floor":16,"key":"EssenceOfSteel"},{"floor":20,"key":"Block Potion"},{"floor":21,"key":"LiquidBronze"}],"is_trial":false,"path_per_floor":["M","?","M","M","M","R","E","R","T","$","?","E","R","M","R","B",null,"M","?","M","M","M","E"],"character_chosen":"IRONCLAD","items_purchased":["True Grit","Rampage"],"campfire_rested":0,"item_purchase_floors":[10,10],"current_hp_per_floor":[75,75,74,80,72,72,78,78,78,78,66,64,64,68,68,47,72,76,60,59,49,37,0,0],"gold":205,"neow_bonus":"UPGRADE_CARD","is_daily":false,"chose_seed":false,"campfire_upgraded":4,"win_rate":0.0,"timestamp":1610599412,"path_taken":["M","?","?","M","M","R","E","R","T","$","?","E","R","M","R","BOSS","M","?","M","M","?","E"],"items_purchased_type":["Card","Card"],"build_version":"2020-12-22","purchased_purges":1,"victory":false,"max_hp_per_floor":[80,80,80,80,80,80,80,80,80,80,80,80,80,80,80,80,80,80,80,80,80,83,83,83],"relic_stats":{"counters":[13,61],"MealTicket":0,"Black Star":0,"obtain_stats":[{"Lantern":7,"HornCleat":12,"Enchiridion":19,"MealTicket":11,"Black Star":17,"Ancient Tea Set":9,"Burning Blood":0},{"Lantern":5,"HornCleat":6,"Enchiridion":9,"MealTicket":5,"Black Star":8,"Ancient Tea Set":5,"Burning Blood":0},{"Lantern":16,"HornCleat":23,"Enchiridion":37,"MealTicket":16,"Black Star":34,"Ancient Tea Set":16,"Burning Blood":0}],"Burning Blood":72},"card_choices":[{"not_picked":["Power Through","Dual Wield"],"picked":"Wild Strike","floor":1},{"not_picked":["Clash","Wild Strike"],"picked":"Pummel","floor":3},{"not_picked":["Twin Strike","Fire Breathing"],"picked":"Pommel Strike","floor":4},{"not_picked":["Sentinel","Corruption"],"picked":"Cleave","floor":5},{"not_picked":["Burning Pact","Body Slam"],"picked":"Ghostly Armor","floor":7},{"not_picked":["Heavy Blade","Armaments"],"picked":"Hemokinesis","floor":12},{"not_picked":["Body Slam","Anger"],"picked":"Clothesline","floor":14},{"not_picked":["Exhume","Corruption"],"picked":"Feed","floor":16},{"not_picked":["Perfected Strike","Power Through"],"picked":"Anger+1","floor":18},{"not_picked":["Flex","Clothesline"],"picked":"Blood for Blood+1","floor":20},{"not_picked":["Bloodletting+1","Cleave"],"picked":"Rupture","floor":21},{"not_picked":["Flame Barrier","Perfected Strike"],"picked":"Rupture+1","floor":22}],"player_experience":431951,"relics_obtained":[{"floor":7,"key":"Lantern"},{"floor":9,"key":"Ancient Tea Set"},{"floor":12,"key":"HornCleat"},{"floor":19,"key":"Enchiridion"}],"event_choices":[{"damage_healed":0,"gold_gain":0,"player_choice":"Upgraded","damage_taken":0,"max_hp_gain":0,"max_hp_loss":0,"event_name":"Upgrade Shrine","floor":2,"gold_loss":0,"cards_upgraded":["Wild Strike"]},{"damage_healed":0,"gold_gain":0,"player_choice":"Success","damage_taken":12,"relics_obtained":["MealTicket"],"max_hp_gain":0,"max_hp_loss":0,"event_name":"Scrap Ooze","floor":11,"gold_loss":0},{"damage_healed":0,"gold_gain":0,"player_choice":"Obtained Book","damage_taken":16,"max_hp_gain":0,"max_hp_loss":0,"event_name":"Cursed Tome","floor":19,"gold_loss":0}],"is_beta":false,"boss_relics":[{"not_picked":["Sozu","Ectoplasm"],"picked":"Black Star"}],"items_purged_floors":[10],"is_endless":false,"potions_floor_spawned":[1,3,14,16,20,21],"killed_by":"Book of Stabbing","ascension_level":7}}