{"host":"p033swmn9l8hdcoq","time":1610622141,"event":{"mods":["BaseMod","Minty Spire (QoL Compilation)","StSLib","[功能]功能增强和修复MOD"],"gold_per_floor":[458,848,1242,1649,947,977,1457,1959,1984,1984,2364,2364,1994,2499,2499,4570,4570,4949,5344,5795,6217,5793,5793,6218,6218,6243,6243,6567,6594,6594,6624,6624,8289,8289,8747,9157,9503,9960,10342,10342,10372,10372,10422,10889,11378,11403,10971,10971,10971,10971],"floor_reached":51,"language":"ZHS","playtime":2279,"items_purged":["Deadly Poison","Deadly Poison","Poisoned Stab","Distraction","Sucker Punch","Crippling Poison","Distraction","Dash","Heel Hook","Deadly Poison","Catalyst","Distraction","Dagger Throw","Dodge and Roll","Dash","Deflect","Deflect","Acrobatics","PiercingWail","Dodge and Roll","Distraction","Dodge and Roll","Cloak And Dagger","Outmaneuver","Leg Sweep","Bane","Flying Knee","Acrobatics","All Out Attack","Predator","Dagger Spray","Catalyst","Eviscerate","PiercingWail","Well Laid Plans","Acrobatics","Skewer","Prepared","Backflip","Slice","Slice","Prepared","Slice"],"score":1107,"play_id":"0aa0d8b7-712c-4694-991c-e26d5d01458b","local_time":"20210114190221","daily_mods":["Insanity","Uncertain Future","Binary"],"is_ascension_mode":false,"campfire_choices":[{"data":"Adrenaline","floor":12.0,"key":"SMITH"},{"data":"Concentrate","floor":15.0,"key":"SMITH"},{"data":"Tactician","floor":23.0,"key":"SMITH"},{"data":"Tactician","floor":27.0,"key":"SMITH"},{"data":"Terror","floor":32.0,"key":"SMITH"},{"data":"Reflex","floor":40.0,"key":"SMITH"},{"data":"Expertise","floor":42.0,"key":"SMITH"},{"data":"Acrobatics","floor":49.0,"key":"SMITH"}],"circlet_count":0,"master_deck":["Accuracy","Terror+1","Blade Dance","Concentrate+1","Expertise+1","Blade Dance","Reflex+1","Tactician+1","Blade Dance","Accuracy","Finisher+1","Adrenaline+1","Accuracy","Tactician+1","Acrobatics+1"],"relics":["Ring of the Snake","Chemical X","Ornamental Fan","Happy Flower","Regal Pillow","Oddly Smooth Stone","Gambling Chip","Tingsha","MealTicket","Pocketwatch","StoneCalendar","Ice Cream","Ninja Scroll","Bottled Lightning","Torii","Whetstone","Red Mask","Letter Opener","HornCleat","Mummified Hand","Meat on the Bone","Sozu","Incense Burner","Smiling Mask","Ancient Tea Set","TungstenRod","HandDrill","CeramicFish"],"acts_visited":["Exordium","TheCity","TheBeyond"],"potions_floor_usage":[50,50],"damage_taken":[{"damage":0.0,"enemies":"Cultist","floor":1.0,"turns":3.0},{"damage":0.0,"enemies":"2 Louse","floor":2.0,"turns":2.0},{"damage":0.0,"enemies":"Small Slimes","floor":3.0,"turns":2.0},{"damage":2.0,"enemies":"Blue Slaver","floor":4.0,"turns":2.0},{"damage":13.0,"enemies":"Lagavulin","floor":6.0,"turns":3.0},{"damage":0.0,"enemies":"3 Louse","floor":7.0,"turns":1.0},{"damage":0.0,"enemies":"Gremlin Gang","floor":8.0,"turns":1.0},{"damage":0.0,"enemies":"Red Slaver","floor":11.0,"turns":1.0},{"damage":0.0,"enemies":"Blue Slaver","floor":14.0,"turns":1.0},{"damage":0.0,"enemies":"Slime Boss","floor":16.0,"turns":2.0},{"damage":0.0,"enemies":"Chosen","floor":18.0,"turns":1.0},{"damage":0.0,"enemies":"2 Thieves","floor":19.0,"turns":3.0},{"damage":8.0,"enemies":"Centurion and Healer","floor":20.0,"turns":2.0},{"damage":17.0,"enemies":"Snake Plant","floor":21.0,"turns":2.0},{"damage":0.0,"enemies":"Sentry and Sphere","floor":24.0,"turns":1.0},{"damage":0.0,"enemies":"Snecko","floor":28.0,"turns":1.0},{"damage":0.0,"enemies":"Masked Bandits","floor":29.0,"turns":2.0},{"damage":0.0,"enemies":"Slavers","floor":31.0,"turns":2.0},{"damage":0.0,"enemies":"Champ","floor":33.0,"turns":1.0},{"damage":0.0,"enemies":"3 Darklings","floor":35.0,"turns":2.0},{"damage":10.0,"enemies":"3 Shapes","floor":36.0,"turns":1.0},{"damage":0.0,"enemies":"Jaw Worm Horde","floor":37.0,"turns":1.0},{"damage":0.0,"enemies":"Spire Growth","floor":38.0,"turns":1.0},{"damage":0.0,"enemies":"Transient","floor":39.0,"turns":4.0},{"damage":0.0,"enemies":"Reptomancer","floor":41.0,"turns":1.0},{"damage":6.0,"enemies":"Sphere and 2 Shapes","floor":44.0,"turns":1.0},{"damage":0.0,"enemies":"Jaw Worm Horde","floor":45.0,"turns":2.0},{"damage":0,"enemies":"Donu and Deca","floor":50,"turns":1}],"seed_played":"-4891952413640654339","potions_obtained":[{"floor":1.0,"key":"Dexterity Potion"},{"floor":1.0,"key":"SteroidPotion"},{"floor":2.0,"key":"Poison Potion"},{"floor":11.0,"key":"PowerPotion"},{"floor":24.0,"key":"Energy Potion"},{"floor":28.0,"key":"Fruit Juice"},{"floor":29.0,"key":"GamblersBrew"}],"is_trial":false,"path_per_floor":["M","M","M","M","$","E","M","M","T","?","M","R","$","M","R","B",null,"M","M","M","M","$","R","M","?","T","R","M","?","?","E","R","B",null,"M","M","M","M","M","R","E","R","T","M","M","T","$","?","R","B",null],"character_chosen":"THE_SILENT","items_purchased":["Chemical X","Ornamental Fan","Happy Flower","Slice","Accuracy","DuplicationPotion","Tingsha","MealTicket","Infinite Blades","Ninja Scroll","Bottled Lightning","Tactician","TungstenRod","HandDrill","CeramicFish","Acrobatics"],"campfire_rested":0,"item_purchase_floors":[5,5,5,5,5,5,13,13,13,22,22,22,47,47,47,47],"current_hp_per_floor":[70,70,70,68,68,55,55,55,55,43,43,43,43,43,43,43,70,70,70,62,45,60,60,60,60,60,60,65,65,65,65,65,65,75,75,65,65,65,65,65,65,65,65,59,59,59,74,74,74,74],"gold":10971,"neow_bonus":"","is_daily":true,"chose_seed":false,"campfire_upgraded":8,"win_rate":0.0,"timestamp":1610622141,"path_taken":["M","M","M","?","?","E","M","M","T","?","M","R","$","M","R","BOSS","M","M","M","M","$","R","M","?","T","R","M","?","?","E","R","BOSS","M","M","?","M","M","R","E","R","T","M","M","?","$","?","R","BOSS"],"items_purchased_type":["Relic","Relic","Relic","Card","Card","Potion","Relic","Relic","Card","Relic","Relic","Card","Relic","Relic","Relic","Card"],"build_version":"2020-11-30","purchased_purges":43,"victory":true,"max_hp_per_floor":[70,70,70,70,70,70,70,70,70,70,70,70,70,70,70,70,70,70,70,70,70,70,70,70,70,70,70,75,75,75,75,75,75,75,75,75,75,75,75,75,75,75,75,75,75,75,75,75,75,75],"card_choices":[{"not_picked":["Dodge and Roll"],"picked":"Blade Dance","floor":1.0},{"not_picked":["Sucker Punch","PiercingWail"],"picked":"SKIP","floor":2.0},{"not_picked":["Predator","Underhanded Strike"],"picked":"SKIP","floor":3.0},{"not_picked":["Flying Knee","Blade Dance"],"picked":"SKIP","floor":4.0},{"not_picked":["PiercingWail"],"picked":"Finisher","floor":6.0},{"not_picked":["Dagger Throw","Crippling Poison"],"picked":"SKIP","floor":7.0},{"not_picked":["Prepared"],"picked":"Adrenaline","floor":8.0},{"not_picked":["Calculated Gamble","Cloak And Dagger"],"picked":"SKIP","floor":11.0},{"not_picked":["Calculated Gamble"],"picked":"Accuracy","floor":14.0},{"not_picked":["Sucker Punch+1","Deadly Poison+1"],"picked":"SKIP","floor":18.0},{"not_picked":["Outmaneuver","Unload"],"picked":"SKIP","floor":19.0},{"not_picked":["Sucker Punch","Caltrops"],"picked":"SKIP","floor":20.0},{"not_picked":["Dodge and Roll","Deflect"],"picked":"SKIP","floor":21.0},{"not_picked":["Setup+1","Flying Knee"],"picked":"SKIP","floor":24.0},{"not_picked":["Noxious Fumes","Infinite Blades"],"picked":"SKIP","floor":28.0},{"not_picked":["Dash","Backstab"],"picked":"SKIP","floor":31.0},{"not_picked":["Quick Slash+1","Backstab+1"],"picked":"SKIP","floor":35.0},{"not_picked":["Dodge and Roll","Masterful Stab+1"],"picked":"SKIP","floor":36.0},{"not_picked":["Calculated Gamble","Cloak And Dagger+1"],"picked":"SKIP","floor":37.0},{"not_picked":["Caltrops","Flying Knee"],"picked":"SKIP","floor":38.0},{"not_picked":["Quick Slash","Well Laid Plans+1"],"picked":"SKIP","floor":39.0},{"not_picked":["Poisoned Stab","Tactician"],"picked":"SKIP","floor":41.0},{"not_picked":["Leg Sweep+1","Deflect+1"],"picked":"SKIP","floor":44.0},{"not_picked":["Escape Plan","Crippling Poison"],"picked":"SKIP","floor":45.0}],"player_experience":84656,"relics_obtained":[{"floor":6.0,"key":"Regal Pillow"},{"floor":9.0,"key":"Oddly Smooth Stone"},{"floor":16.0,"key":"Pocketwatch"},{"floor":16.0,"key":"StoneCalendar"},{"floor":16.0,"key":"Ice Cream"},{"floor":26.0,"key":"Whetstone"},{"floor":29.0,"key":"Red Mask"},{"floor":31.0,"key":"Letter Opener"},{"floor":33.0,"key":"HornCleat"},{"floor":33.0,"key":"Mummified Hand"},{"floor":33.0,"key":"Meat on the Bone"},{"floor":41.0,"key":"Incense Burner"},{"floor":43.0,"key":"Smiling Mask"},{"floor":46.0,"key":"Ancient Tea Set"}],"event_choices":[{"damage_healed":0.0,"max_hp_gain":0.0,"max_hp_loss":0.0,"gold_gain":0.0,"event_name":"Scrap Ooze","player_choice":"Success","floor":10.0,"gold_loss":0.0,"damage_taken":12.0,"relics_obtained":["Gambling Chip"]},{"damage_healed":0.0,"max_hp_gain":0.0,"max_hp_loss":0.0,"gold_gain":0.0,"event_name":"The Mausoleum","player_choice":"Opened","floor":25.0,"gold_loss":0.0,"damage_taken":0.0,"relics_obtained":["Torii"]},{"damage_healed":0.0,"max_hp_gain":0.0,"max_hp_loss":0.0,"gold_gain":0.0,"event_name":"Masked Bandits","player_choice":"Fought Bandits","floor":29.0,"gold_loss":0.0,"damage_taken":0.0},{"damage_healed":0.0,"max_hp_gain":0.0,"max_hp_loss":0.0,"gold_gain":0.0,"cards_transformed":["Infinite Blades"],"event_name":"Transmorgrifier","player_choice":"Transformed","floor":30.0,"gold_loss":0.0,"damage_taken":0.0,"cards_obtained":["Slice"]},{"cards_removed":["Backstab"],"damage_healed":0.0,"max_hp_gain":0.0,"max_hp_loss":0.0,"gold_gain":0.0,"event_name":"Falling","player_choice":"Removed Attack","floor":48.0,"gold_loss":0.0,"damage_taken":0.0}],"is_beta":false,"boss_relics":[{"not_picked":["Busted Crown","Snecko Eye","Cursed Key"]},{"not_picked":["Black Star","Calling Bell"],"picked":"Sozu"}],"items_purged_floors":[5,5,5,5,5,5,5,5,5,5,5,5,5,5,5,5,5,5,5,5,5,5,5,5,5,5,5,5,5,5,5,5,5,5,5,5,13,22,22,22,22,22,47],"is_endless":false,"potions_floor_spawned":[1,1,2,3,3,6,7,7,8,11,11,11,16,18,18,20,21,21,24,24,28,29,31,33,35,36,36,37,38,38,39,39,44,45],"ascension_level":0}}