{"host":"fxrgx7wt2cpkbhka","time":1610603210,"event":{"mods":["AchievementEnabler","BaseMod","Colored Powertips","Minty Spire (QoL Compilation)","Permanent Neow","Slay-I","StSLib","Waifu the Spire"],"gold_per_floor":[209,222,3,23,198,198,232,245,245,320,320,320,340,36,36,36,36],"floor_reached":16,"language":"ENG","playtime":395,"items_purged":[],"score":160,"play_id":"6e2f9e30-eb7c-4c89-87f3-12d5be62952c","local_time":"20210113214650","is_ascension_mode":true,"campfire_choices":[{"data":"Perfected Strike","floor":6,"key":"SMITH"},{"floor":11,"key":"REST"},{"data":"Metallicize","floor":15,"key":"SMITH"}],"circlet_count":0,"master_deck":["AscendersBane","Strike_R","Strike_R","Strike_R+1","Strike_R+1","Strike_R","Defend_R","Defend_R","Defend_R","Defend_R","Bash","Perfected Strike+1","Doubt","Metallicize+1"],"relics":["Burning Blood","Membership Card","Whetstone","Boot","Dead Branch","Molten Egg 2","Bronze Scales","ClockworkSouvenir"],"acts_visited":["Exordium"],"potions_floor_usage":[8,8,16],"damage_taken":[{"damage":6,"enemies":"Cultist","floor":1,"turns":3},{"damage":9,"enemies":"2 Louse","floor":2,"turns":3},{"damage":0,"enemies":"Small Slimes","floor":4,"turns":2},{"damage":55,"enemies":"Lagavulin","floor":7,"turns":6},{"damage":25,"enemies":"Gremlin Gang","floor":8,"turns":4},{"damage":9,"enemies":"Red Slaver","floor":13,"turns":2},{"damage":34,"enemies":"The Guardian","floor":16,"turns":9}],"seed_played":"-2109095320853938226","potions_obtained":[{"floor":2,"key":"Swift Potion"},{"floor":7,"key":"BloodPotion"},{"floor":8,"key":"CultistPotion"},{"floor":13,"key":"Fire Potion"}],"is_trial":false,"path_per_floor":["M","M","$","M","?","R","E","M","T","?","R","?","M","$","R","B"],"character_chosen":"IRONCLAD","items_purchased":["Membership Card","Whetstone","Molten Egg 2","Metallicize","Bronze Scales","ClockworkSouvenir"],"campfire_rested":1,"item_purchase_floors":[3,3,14,14,14,14],"current_hp_per_floor":[72,69,69,75,75,75,26,23,23,12,36,36,33,33,33,0,0],"gold":36,"neow_bonus":"HUNDRED_GOLD","is_daily":false,"chose_seed":false,"campfire_upgraded":2,"win_rate":0.0,"timestamp":1610603210,"path_taken":["M","M","$","M","?","R","E","M","T","?","R","?","?","$","R","BOSS"],"items_purchased_type":["Relic","Relic","Relic","Card","Relic","Relic"],"build_version":"2020-12-22","purchased_purges":0,"victory":false,"max_hp_per_floor":[80,80,80,80,80,80,80,80,80,80,80,80,80,80,80,80,80],"card_choices":[{"not_picked":["Sword Boomerang","Body Slam","Pummel"],"picked":"SKIP","floor":1},{"not_picked":["Evolve","Rupture","Pommel Strike"],"picked":"SKIP","floor":2},{"not_picked":["Disarm","Immolate"],"picked":"Perfected Strike","floor":4},{"not_picked":["Pummel","Armaments","Clothesline"],"picked":"SKIP","floor":7},{"not_picked":["Armaments","Pummel","Clothesline"],"picked":"SKIP","floor":8},{"not_picked":["Clothesline","Rage","Twin Strike"],"picked":"SKIP","floor":13}],"player_experience":703918,"relics_obtained":[{"floor":7,"key":"Boot"}],"event_choices":[{"damage_healed":0,"gold_gain":175,"player_choice":"AGREE","damage_taken":0,"max_hp_gain":0,"max_hp_loss":0,"event_name":"Liars Game","floor":5,"gold_loss":0,"cards_obtained":["Doubt"]},{"damage_healed":0,"gold_gain":75,"player_choice":"Gather Gold","damage_taken":11,"max_hp_gain":0,"max_hp_loss":0,"event_name":"World of Goop","floor":10,"gold_loss":0},{"damage_healed":0,"gold_gain":0,"player_choice":"Gave Potion","damage_taken":0,"relics_obtained":["Dead Branch"],"max_hp_gain":0,"max_hp_loss":0,"event_name":"WeMeetAgain","floor":12,"gold_loss":0}],"is_beta":false,"boss_relics":[],"items_purged_floors":[],"is_endless":false,"potions_floor_spawned":[2,7,8,13],"killed_by":"The Guardian","ascension_level":12}}