{"host":"Rowan","time":1610668425,"event":{"mods":["BaseMod","Minty Spire (QoL Compilation)"],"gold_per_floor":[109,109,109,109,119,119,137,157,212,224,255,267,267,267,267,371,371,388,405,504,515,440,474,474,474,474,509,509,509,523,556,556,556,556],"floor_reached":33,"language":"ENG","playtime":2782,"items_purged":[],"score":305,"play_id":"b37364e9-43d7-4596-8a0b-e0053706484f","local_time":"20210114155345","is_ascension_mode":false,"campfire_choices":[{"floor":6.0,"key":"RECALL"},{"data":"A Thousand Cuts","floor":13.0,"key":"SMITH"},{"data":"Noxious Fumes","floor":15.0,"key":"SMITH"},{"data":"Neutralize","floor":24,"key":"SMITH"},{"floor":28,"key":"REST"},{"floor":32,"key":"REST"}],"circlet_count":0,"master_deck":["Strike_G","Strike_G","Strike_G","Defend_G","Defend_G","Defend_G","Defend_G","Survivor","Neutralize+1","CurseOfTheBell","Noxious Fumes+1","Dagger Throw","Dodge and Roll","Blade Dance","Distraction","A Thousand Cuts+1","Acrobatics+1","Glass Knife+1","Crippling Poison+1","Flying Knee","Deadly Poison","Quick Slash","Deflect+1","Distraction","Slice+1","Bane"],"relics":["Calling Bell","Nunchaku","Kunai","Turnip","Pen Nib","Strawberry","Astrolabe","Anchor","Potion Belt","Ornamental Fan"],"acts_visited":["Exordium","TheCity"],"potions_floor_usage":[21,23,31,33,33],"damage_taken":[{"damage":6.0,"enemies":"Small Slimes","floor":1.0,"turns":6.0},{"damage":1.0,"enemies":"Jaw Worm","floor":5.0,"turns":6.0},{"damage":5.0,"enemies":"2 Louse","floor":7.0,"turns":3.0},{"damage":9.0,"enemies":"Large Slime","floor":8.0,"turns":8.0},{"damage":4.0,"enemies":"3 Louse","floor":10.0,"turns":4.0},{"damage":30.0,"enemies":"3 Sentries","floor":11.0,"turns":12.0},{"damage":1.0,"enemies":"2 Fungi Beasts","floor":12.0,"turns":3.0},{"damage":9.0,"enemies":"The Guardian","floor":16.0,"turns":12.0},{"damage":2,"enemies":"Chosen","floor":18,"turns":5},{"damage":7,"enemies":"3 Byrds","floor":19,"turns":4},{"damage":7,"enemies":"3 Cultists","floor":21,"turns":5},{"damage":7,"enemies":"Gremlin Leader","floor":23,"turns":5},{"damage":49,"enemies":"Slavers","floor":27,"turns":6},{"damage":17,"enemies":"Sentry and Sphere","floor":30,"turns":5},{"damage":6,"enemies":"Gremlin Leader","floor":31,"turns":5},{"damage":71,"enemies":"Collector","floor":33,"turns":7}],"seed_played":"2647150539602197234","potions_obtained":[{"floor":5.0,"key":"SkillPotion"},{"floor":8.0,"key":"Ancient Potion"},{"floor":10.0,"key":"LiquidMemories"},{"floor":12.0,"key":"FairyPotion"},{"floor":18,"key":"PowerPotion"},{"floor":21,"key":"Energy Potion"},{"floor":30,"key":"LiquidMemories"},{"floor":31,"key":"PowerPotion"}],"is_trial":false,"path_per_floor":["M","?","?","?","M","R","M","M","T","M","E","M","R","?","R","B",null,"M","M","?","M","?","E","R","?","T","E","R","?","M","E","R","B"],"character_chosen":"THE_SILENT","items_purchased":[],"campfire_rested":2,"item_purchase_floors":[],"current_hp_per_floor":[64,64,57,62,61,61,56,47,47,43,20,19,19,39,39,30,82,80,73,73,66,66,59,59,59,59,10,33,33,16,10,33,0,0],"gold":556,"neow_bonus":"BOSS_RELIC","is_daily":false,"chose_seed":false,"campfire_upgraded":3,"win_rate":0.0,"timestamp":1610668425,"path_taken":["M","?","?","?","M","R","M","M","T","M","E","M","R","?","R","BOSS","M","M","?","M","?","E","R","?","T","E","R","?","M","E","R","BOSS"],"items_purchased_type":[],"build_version":"2020-12-18","purchased_purges":0,"victory":false,"max_hp_per_floor":[70,70,70,75,75,75,75,75,75,75,82,82,82,82,82,82,82,82,82,82,82,79,79,79,79,79,79,79,79,79,79,79,79,79],"card_choices":[{"not_picked":["Calculated Gamble","Sucker Punch"],"picked":"Noxious Fumes","floor":1.0},{"not_picked":["Flechettes","Underhanded Strike"],"picked":"Dagger Throw","floor":5.0},{"not_picked":["Finisher","Quick Slash"],"picked":"Dodge and Roll","floor":7.0},{"not_picked":["Dagger Spray","Dash"],"picked":"Blade Dance","floor":8.0},{"not_picked":["Dagger Spray","Dagger Throw","Bouncing Flask"],"picked":"SKIP","floor":10.0},{"not_picked":["Skewer","Masterful Stab"],"picked":"Distraction","floor":11.0},{"not_picked":["Backflip","Eviscerate"],"picked":"A Thousand Cuts","floor":12.0},{"not_picked":["Doppelganger","Bullet Time"],"picked":"Grand Finale","floor":16.0},{"not_picked":["Deflect","Bane"],"picked":"Flying Knee","floor":18},{"not_picked":["Blur","Backstab+1"],"picked":"Deadly Poison","floor":19},{"not_picked":["A Thousand Cuts","Dagger Throw"],"picked":"Quick Slash","floor":21},{"not_picked":["Choke","Deadly Poison"],"picked":"Deflect","floor":23},{"not_picked":["Outmaneuver","Cloak And Dagger"],"picked":"Deflect+1","floor":27},{"not_picked":["Dagger Throw+1","Flechettes"],"picked":"Slice+1","floor":30},{"not_picked":["Backstab+1","Bouncing Flask"],"picked":"Bane","floor":31}],"player_experience":364678,"relics_obtained":[{"floor":0.0,"key":"Nunchaku"},{"floor":0.0,"key":"Kunai"},{"floor":0.0,"key":"Turnip"},{"floor":9.0,"key":"Pen Nib"},{"floor":11.0,"key":"Strawberry"},{"floor":23,"key":"Anchor"},{"floor":27,"key":"Potion Belt"},{"floor":31,"key":"Ornamental Fan"}],"event_choices":[{"damage_healed":0.0,"max_hp_gain":0.0,"max_hp_loss":0.0,"gold_gain":0.0,"event_name":"Liars Game","player_choice":"Ignored","floor":2.0,"gold_loss":0.0,"damage_taken":0.0},{"cards_removed":["Strike_G"],"damage_healed":0.0,"max_hp_gain":0.0,"max_hp_loss":0.0,"gold_gain":0.0,"event_name":"Golden Wing","player_choice":"Card Removal","floor":3.0,"gold_loss":0.0,"damage_taken":7.0},{"damage_healed":0.0,"max_hp_gain":5.0,"max_hp_loss":0.0,"gold_gain":0.0,"event_name":"Big Fish","player_choice":"Donut","floor":4.0,"gold_loss":0.0,"damage_taken":0.0},{"damage_healed":20.0,"max_hp_gain":0.0,"max_hp_loss":0.0,"gold_gain":0.0,"event_name":"Mushrooms","player_choice":"Healed and dodged fight","floor":14.0,"gold_loss":0.0,"damage_taken":0.0,"cards_obtained":["Parasite"]},{"damage_healed":0,"gold_gain":99,"player_choice":"Stole From Cult","damage_taken":0,"max_hp_gain":0,"max_hp_loss":0,"event_name":"Nest","floor":20,"gold_loss":0},{"cards_removed":["Parasite"],"damage_healed":0,"gold_gain":0,"player_choice":"Gave Gold","damage_taken":0,"max_hp_gain":0,"max_hp_loss":0,"event_name":"Beggar","floor":22,"gold_loss":75},{"damage_healed":0,"gold_gain":0,"player_choice":"Ignored","damage_taken":0,"max_hp_gain":0,"max_hp_loss":0,"event_name":"Vampires","floor":25,"gold_loss":0},{"damage_healed":0,"gold_gain":0,"cards_transformed":["Deflect"],"player_choice":"Transformed","damage_taken":0,"max_hp_gain":0,"max_hp_loss":0,"event_name":"Transmorgrifier","floor":29,"gold_loss":0,"cards_obtained":["Distraction"]}],"is_beta":true,"boss_relics":[{"not_picked":["HoveringKite","SlaversCollar"],"picked":"Astrolabe"}],"items_purged_floors":[],"is_endless":false,"potions_floor_spawned":[5,8,10,12,18,21,30,31],"killed_by":"Collector","ascension_level":0}}