{"host":"1a3cjta80tad0aqj","time":1610642402,"event":{"mods":["2.2 Compatiblity","AchievementEnabler","BaseMod","Colored Map","DeckTracker","KOR Keyword Fix","Keyboard Shortcuts","Minty Spire (QoL Compilation)","Permanent Neow","Quick Restart","Random Character Button","StSLib","SuperFastMode","everything is the same but u backflip on backflip"],"gold_per_floor":[118,133,147,167,181,213,213,138,138,138,151,169,187,187,187,292,292,310,119,34,47,58,58,58,93,93,93,125,138,138,148,148,148,148],"floor_reached":33,"language":"KOR","playtime":1265,"items_purged":["Defend_R","Decay"],"score":316,"play_id":"f0341467-f61b-499b-8fa8-e23cc1f8a744","local_time":"20210115014002","is_ascension_mode":false,"campfire_choices":[{"floor":7,"key":"DIG"},{"floor":10,"key":"DIG"},{"floor":15,"key":"DIG"},{"data":"Armaments","floor":23,"key":"SMITH"},{"floor":27,"key":"REST"},{"floor":30,"key":"REST"},{"floor":32,"key":"REST"}],"circlet_count":0,"master_deck":["Strike_R","Strike_R","Strike_R","Strike_R","Strike_R+1","Defend_R+1","Defend_R","Bash","Perfected Strike","Hemokinesis","Rampage","Shrug It Off","Twin Strike","Armaments+1","Second Wind","Dropkick","Double Tap","Seeing Red+1","Trip","Pommel Strike+1","Flex+1","Corruption","Shrug It Off+1","Disarm+1","Warcry+1","Shrug It Off+1","Battle Trance+1"],"relics":["Burning Blood","Shovel","StrikeDummy","Strawberry","Pear","Bottled Lightning","Juzu Bracelet","Philosopher\u0027s Stone","WingedGreaves","Question Card","Toxic Egg 2","Dream Catcher"],"acts_visited":["Exordium","TheCity"],"potions_floor_usage":[6,16,28,28,28],"damage_taken":[{"damage":11,"enemies":"Cultist","floor":1,"turns":6},{"damage":4,"enemies":"2 Louse","floor":2,"turns":2},{"damage":5,"enemies":"Jaw Worm","floor":3,"turns":3},{"damage":15,"enemies":"Red Slaver","floor":4,"turns":3},{"damage":9,"enemies":"Exordium Thugs","floor":5,"turns":4},{"damage":39,"enemies":"Lagavulin","floor":6,"turns":8},{"damage":13,"enemies":"Blue Slaver","floor":11,"turns":3},{"damage":2,"enemies":"Large Slime","floor":12,"turns":5},{"damage":2,"enemies":"2 Fungi Beasts","floor":13,"turns":2},{"damage":47,"enemies":"Hexaghost","floor":16,"turns":9},{"damage":11,"enemies":"3 Byrds","floor":18,"turns":6},{"damage":22,"enemies":"2 Thieves","floor":21,"turns":3},{"damage":24,"enemies":"Snake Plant","floor":22,"turns":3},{"damage":46,"enemies":"Book of Stabbing","floor":25,"turns":4},{"damage":36,"enemies":"Slavers","floor":28,"turns":4},{"damage":14,"enemies":"Sentry and Sphere","floor":29,"turns":4},{"damage":19,"enemies":"3 Cultists","floor":31,"turns":6},{"damage":81,"enemies":"Automaton","floor":33,"turns":6}],"seed_played":"6389641647883339350","potions_obtained":[{"floor":4,"key":"Regen Potion"},{"floor":6,"key":"LiquidBronze"},{"floor":11,"key":"BloodPotion"},{"floor":13,"key":"Dexterity Potion"},{"floor":18,"key":"Block Potion"},{"floor":29,"key":"SpeedPotion"}],"is_trial":false,"path_per_floor":["M","M","M","M","M","E","R","$","T","R","M","M","M","?","R","B",null,"M","$","?","M","M","R","?","E","T","R","E","M","R","M","R","B"],"character_chosen":"IRONCLAD","items_purchased":["Trip"],"campfire_rested":3,"item_purchase_floors":[19],"current_hp_per_floor":[75,77,78,69,66,48,55,55,65,65,58,62,66,47,47,25,97,92,92,92,76,58,58,58,18,18,47,17,9,38,25,54,0,0],"gold":148,"neow_bonus":"ONE_RARE_RELIC","is_daily":false,"chose_seed":false,"campfire_upgraded":1,"win_rate":0.0,"timestamp":1610642402,"path_taken":["M","M","M","M","M","E","R","$","T","R","?","M","M","?","R","BOSS","M","$","?","M","M","R","?","E","T","R","E","M","R","M","R","BOSS"],"items_purchased_type":["Card"],"build_version":"2020-12-22","purchased_purges":2,"victory":false,"max_hp_per_floor":[80,80,80,80,80,80,87,87,97,97,97,97,97,97,97,97,97,97,97,97,97,97,97,97,97,97,97,97,97,97,97,97,97,97],"card_choices":[{"not_picked":["Metallicize","Heavy Blade"],"picked":"Perfected Strike","floor":1},{"not_picked":["Clash","Sever Soul"],"picked":"Hemokinesis","floor":2},{"not_picked":["Entrench","Heavy Blade"],"picked":"Rampage","floor":3},{"not_picked":["Power Through","Iron Wave"],"picked":"Shrug It Off","floor":4},{"not_picked":["Flex","Blood for Blood"],"picked":"Twin Strike","floor":5},{"not_picked":["Shrug It Off","Rampage"],"picked":"Armaments","floor":6},{"not_picked":["Dual Wield","Cleave"],"picked":"Second Wind","floor":11},{"not_picked":["Blood for Blood","Shrug It Off"],"picked":"Dropkick","floor":12},{"not_picked":["Clash","Sever Soul","Reckless Charge"],"picked":"SKIP","floor":13},{"not_picked":["Barricade","Limit Break"],"picked":"Double Tap","floor":16},{"not_picked":["Twin Strike","Clothesline"],"picked":"Seeing Red+1","floor":18},{"not_picked":["Wild Strike","Perfected Strike"],"picked":"Pommel Strike+1","floor":21},{"not_picked":["Warcry","Body Slam"],"picked":"Flex+1","floor":22},{"not_picked":["Evolve","Hemokinesis"],"picked":"Corruption","floor":25},{"not_picked":["Ghostly Armor+1","Pummel","Headbutt"],"picked":"Shrug It Off+1","floor":28},{"not_picked":["Cleave","Headbutt","Twin Strike"],"picked":"Disarm+1","floor":29},{"not_picked":["Blood for Blood","Anger+1","Shrug It Off+1"],"picked":"Warcry+1","floor":30},{"not_picked":["Havoc+1","Headbutt+1","Wild Strike"],"picked":"Shrug It Off+1","floor":31},{"not_picked":["Iron Wave","Warcry+1","Power Through+1"],"picked":"Battle Trance+1","floor":32}],"player_experience":635668,"relics_obtained":[{"floor":6,"key":"StrikeDummy"},{"floor":7,"key":"Strawberry"},{"floor":9,"key":"Pear"},{"floor":10,"key":"Bottled Lightning"},{"floor":15,"key":"Juzu Bracelet"},{"floor":25,"key":"Question Card"},{"floor":26,"key":"Toxic Egg 2"},{"floor":28,"key":"Dream Catcher"}],"event_choices":[{"damage_healed":0,"gold_gain":0,"player_choice":"Entered Light","damage_taken":19,"max_hp_gain":0,"max_hp_loss":0,"event_name":"Shining Light","floor":14,"gold_loss":0,"cards_upgraded":["Defend_R","Strike_R"]},{"damage_healed":0,"gold_gain":0,"player_choice":"Obtained Relic","damage_taken":0,"relics_obtained":["WingedGreaves"],"max_hp_gain":0,"max_hp_loss":0,"event_name":"Addict","floor":20,"gold_loss":85},{"cards_removed":["Defend_R"],"damage_healed":0,"gold_gain":0,"player_choice":"Purged","damage_taken":0,"max_hp_gain":0,"max_hp_loss":0,"event_name":"Purifier","floor":24,"gold_loss":0}],"is_beta":false,"boss_relics":[{"not_picked":["Velvet Choker","Fusion Hammer"],"picked":"Philosopher\u0027s Stone"}],"items_purged_floors":[8,19],"is_endless":false,"potions_floor_spawned":[4,6,11,13,18,22,29],"killed_by":"Automaton","ascension_level":0}}