{"host":"p9t7qd83igtcp2bh","time":1610615308,"event":{"mods":["2.2 Compatiblity","AchievementEnabler","BaseMod","Colored Map","Colored Powertips","Custom Start","DeckTracker","Keyboard Shortcuts","Minty Spire (QoL Compilation)","Permanent Neow","StSLib","SuperFastMode","everything is the same but u backflip on backflip"],"gold_per_floor":[113,130,145,62,137,137,154,181,252,252,278,238,258,271,271,347,347,361,69,89,89,89,89],"floor_reached":22,"language":"KOR","playtime":530,"items_purged":[],"score":382,"play_id":"8b6bce9d-93b5-4607-a2ee-34909b80d72d","local_time":"20210114180828","is_ascension_mode":true,"campfire_choices":[{"data":"Tempest","floor":6.0,"key":"SMITH"},{"data":"Consume","floor":10.0,"key":"SMITH"},{"floor":15.0,"key":"REST"}],"circlet_count":0,"master_deck":["AscendersBane","Strike_B","Strike_B","Strike_B","Strike_B","Defend_B","Defend_B","Defend_B","Defend_B","Zap","Dualcast","Chill","Capacitor","All For One","Tempest+1","Storm","Consume+1","Storm","Cold Snap","Creative AI","Hologram","Defragment","Stack"],"relics":["Cracked Core","NeowsBlessing","Incense Burner","Bottled Flame","Regal Pillow","Nuclear Battery","Sling"],"acts_visited":["Exordium","TheCity"],"potions_floor_usage":[16,16,18,20],"damage_taken":[{"damage":0.0,"enemies":"Cultist","floor":1.0,"turns":1.0},{"damage":0.0,"enemies":"Jaw Worm","floor":2.0,"turns":1.0},{"damage":0.0,"enemies":"2 Louse","floor":3.0,"turns":1.0},{"damage":10.0,"enemies":"Looter","floor":7.0,"turns":3.0},{"damage":29.0,"enemies":"3 Sentries","floor":8.0,"turns":11.0},{"damage":17.0,"enemies":"Lagavulin","floor":11.0,"turns":7.0},{"damage":3.0,"enemies":"Blue Slaver","floor":13.0,"turns":2.0},{"damage":4.0,"enemies":"Red Slaver","floor":14.0,"turns":4.0},{"damage":32,"enemies":"Slime Boss","floor":16,"turns":12},{"damage":43,"enemies":"3 Byrds","floor":18,"turns":5},{"damage":4,"enemies":"Chosen","floor":20,"turns":3},{"damage":18,"enemies":"3 Cultists","floor":22,"turns":4}],"seed_played":"5403768577606891189","potions_obtained":[{"floor":2.0,"key":"DuplicationPotion"},{"floor":12.0,"key":"FocusPotion"},{"floor":12.0,"key":"FocusPotion"},{"floor":12.0,"key":"EntropicBrew"},{"floor":14.0,"key":"SteroidPotion"},{"floor":16,"key":"Block Potion"},{"floor":20,"key":"LiquidBronze"}],"is_trial":false,"path_per_floor":["M","M","M","$","?","R","M","E","T","R","E","?","M","M","R","B",null,"M","$","M","?","M"],"character_chosen":"DEFECT","items_purchased":["Tempest","Defragment","Sling","Fire Potion"],"campfire_rested":1,"item_purchase_floors":[4,19,19,19],"current_hp_per_floor":[64,64,64,64,64,64,54,25,25,25,8,8,5,1,37,5,55,12,12,8,8,0,0],"gold":89,"neow_bonus":"THREE_ENEMY_KILL","is_daily":false,"chose_seed":false,"campfire_upgraded":2,"win_rate":0.0,"timestamp":1610615308,"path_taken":["M","M","M","$","?","R","M","E","T","R","E","?","M","M","R","BOSS","M","$","M","?","M"],"items_purchased_type":["Card","Card","Relic","Potion"],"build_version":"2020-12-22","purchased_purges":0,"victory":false,"max_hp_per_floor":[71,71,71,71,71,71,71,71,71,71,71,71,71,71,71,71,71,71,71,71,71,71,71],"card_choices":[{"not_picked":["Leap","Barrage"],"picked":"Chill","floor":1.0},{"not_picked":["Turbo","Undo"],"picked":"Capacitor","floor":2.0},{"not_picked":["Stack","Auto Shields"],"picked":"All For One","floor":3.0},{"not_picked":["Barrage","Darkness"],"picked":"Storm","floor":7.0},{"not_picked":["Sweeping Beam","Melter"],"picked":"Consume","floor":8.0},{"not_picked":["White Noise","Amplify"],"picked":"Storm","floor":11.0},{"not_picked":["Leap","Barrage","Go for the Eyes"],"picked":"SKIP","floor":13.0},{"not_picked":["Go for the Eyes","Redo"],"picked":"Cold Snap","floor":14.0},{"not_picked":["Core Surge","Seek"],"picked":"Creative AI","floor":16},{"not_picked":["Darkness","Sweeping Beam"],"picked":"Hologram","floor":18},{"not_picked":["Rebound","Compile Driver"],"picked":"Stack","floor":20}],"player_experience":643034,"relics_obtained":[{"floor":8.0,"key":"Incense Burner"},{"floor":9.0,"key":"Bottled Flame"},{"floor":11.0,"key":"Regal Pillow"}],"event_choices":[{"damage_healed":0.0,"max_hp_gain":0.0,"max_hp_loss":0.0,"gold_gain":75.0,"event_name":"Golden Wing","player_choice":"Gained Gold","floor":5.0,"gold_loss":0.0,"damage_taken":0.0},{"damage_healed":0.0,"max_hp_gain":0.0,"max_hp_loss":0.0,"gold_gain":0.0,"event_name":"The Woman in Blue","player_choice":"Bought 3 Potions","floor":12.0,"gold_loss":0.0,"damage_taken":0.0},{"damage_healed":0,"gold_gain":0,"player_choice":"Ignored","damage_taken":0,"max_hp_gain":0,"max_hp_loss":0,"event_name":"Ghosts","floor":21,"gold_loss":0}],"is_beta":false,"boss_relics":[{"not_picked":["Cursed Key","Runic Pyramid"],"picked":"Nuclear Battery"}],"items_purged_floors":[],"is_endless":false,"potions_floor_spawned":[2,13,14,16,20],"killed_by":"3 Cultists","ascension_level":19}}