{"host":"ic2t2jxz7s3jvs1m","time":1610642481,"event":{"mods":["AchievementEnabler","Aspiration","BaseMod","Better Third Choice","Block Reminder","Colored Map","Conspire","Curses Come First","Downfall","Energized Spire","Halation","Hubris","Infinite Spire","Jess\u0027s Bottle","Minty Spire (QoL Compilation)","Quick Restart","Relic Stats","Replay The Spire","SacredBarkPlus","Small Relic Pack","Spicy Shops","StSLib","The Blue Laboratory","Trackpad","Transform Curses","Uncapped","vexMod"],"gold_per_floor":[99,110,110,120,132,145,145,145,10,10,20,48,64,43,61,166,166,186,200,216,232,232,232,257,257,257,269,269,280,291,123,135,239,239,239,239,259,318,336,336,336,336,336,336,336,347,360,372,372,15,15,42,56,56],"floor_reached":55,"language":"ENG","playtime":8415,"items_purged":[],"score":905,"play_id":"98d10d44-5dfa-46c2-a3c5-1fc405128954","local_time":"20210114104121","is_ascension_mode":false,"campfire_choices":[{"floor":1.0,"key":"RECALL"},{"data":"Shame","floor":26.0,"key":"SMITH"},{"data":"hexamod:StepThrough","floor":35.0,"key":"SMITH"},{"floor":51,"key":"REST"}],"circlet_count":0,"master_deck":["hexamod:Strike","hexamod:Strike","hexamod:Strike","hexamod:Strike","hexamod:Defend","hexamod:Defend","hexamod:Defend","hexamod:Sear","hexamod:Float+1","hexamod:StepThrough+1","hexamod:GhostOfSpirePast","hexamod:HexaLevel","hexamod:NightmareGuise+1","hexamod:GhostflameBarrier","hexamod:GhostLash","hexamod:PowerFromBeyond","hexamod:TimeOfNeed","hexamod:ThirdSeal","hexamod:ThirdSeal","hexamod:FirstSeal","hexamod:SpectralSpark","hexamod:WildfireWeapon","hexamod:TimeWarp","hexamod:VolcanoVisage","Slimebound:Split","hexamod:TurnItUp","expansioncontent:BronzeBeam","ReplayTheSpireMod:Chaos Vortex","hexamod:GhostLash","hexamod:DynamicBlow+1","hexamod:NightmareStrike+1","hexamod:HeatShield","hexamod:ThermalTransfer","hexamod:SpectralAdrenaline+1","Hidden Blade","Burst","Night Terror","infinitespire:Punishment","hexamod:SpectralSpark+1","hexamod:GhostLash+1","hexamod:EtherealExpedition","hexamod:ThermalTransfer+1","hexamod:ExtraCrispy+1","hexamod:ShieldOfDarkness+1","hexamod:SuperheatedStrike+1","hexamod:Firestarter","hexamod:VolcanoVisage","hexamod:SearingWound","hexamod:TimeWarp","hexamod:Rewind","hexamod:PhantomFireball+1","hexamod:BurningTouch+1","hexamod:InspiringFlames+1","hexamod:PhantomCloak+1","hexamod:InspiringFlames","hexamod:Toasty","hexamod:PowerFromBeyond+1","hexamod:GhostflameBarrier+1","hexamod:Incineration","hexamod:NightmareGuise+1","hexamod:Hexaguard","hexamod:FastForward","hexamod:UnlimitedPower"],"relics":["hexamod:SpiritBrand","trackpad:BottledShadow","Snack Pack","hubris:Towel","Mercury Hourglass","ReplayTheSpireMod:SealedPack","downfall:HeartBlessingRed","trackpad:ToughGloves","conspire:SpecialSausage","halation:PrussianBluePaint","aspiration:RitualStick","relicPack:DSword","vexMod:Cooldron","hubris:RunicObelisk","downfall:TeleportStone","HornCleat","TungstenRod","relicPack:AllForOne","Thread and Needle","conspire:DeflatedDodgeball","aspiration:HiddenCompartment"],"acts_visited":["Exordium","TheCity","TheBeyond"],"potions_floor_usage":[54],"damage_taken":[{"damage":0.0,"enemies":"2 Louse","floor":2.0,"turns":3.0},{"damage":0.0,"enemies":"Cultist","floor":4.0,"turns":3.0},{"damage":6.0,"enemies":"Small Slimes","floor":5.0,"turns":3.0},{"damage":6.0,"enemies":"Exordium Wildlife","floor":6.0,"turns":6.0},{"damage":0.0,"enemies":"downfall:FleeingMerchant","floor":9.0,"turns":4.0},{"damage":2.0,"enemies":"Blue Slaver","floor":11.0,"turns":3.0},{"damage":9.0,"enemies":"Replay:BlueRogue","floor":12.0,"turns":5.0},{"damage":0.0,"enemies":"Exordium Thugs","floor":13.0,"turns":3.0},{"damage":9.0,"enemies":"downfall:FleeingMerchant","floor":14.0,"turns":4.0},{"damage":0.0,"enemies":"3 Louse","floor":15.0,"turns":2.0},{"damage":54.0,"enemies":"downfall:Defect","floor":16.0,"turns":8.0},{"damage":17.0,"enemies":"3 Byrds","floor":19.0,"turns":5.0},{"damage":8.0,"enemies":"Chosen","floor":20.0,"turns":3.0},{"damage":7.0,"enemies":"conspire:HollyBat","floor":21.0,"turns":8.0},{"damage":4.0,"enemies":"3 Cultists","floor":27.0,"turns":4.0},{"damage":18.0,"enemies":"Chosen and Byrds","floor":29.0,"turns":4.0},{"damage":0.0,"enemies":"Snecko","floor":30.0,"turns":3.0},{"damage":14.0,"enemies":"downfall:FleeingMerchant","floor":31.0,"turns":4.0},{"damage":17.0,"enemies":"Snake Plant","floor":32.0,"turns":3.0},{"damage":0.0,"enemies":"downfall:Watcher","floor":33.0,"turns":6.0},{"damage":34.0,"enemies":"3 Darklings","floor":37.0,"turns":5.0},{"damage":0.0,"enemies":"3 Shapes","floor":39.0,"turns":3.0},{"damage":0.0,"enemies":"Spire Growth","floor":46.0,"turns":3.0},{"damage":4.0,"enemies":"Jaw Worm Horde","floor":47.0,"turns":3.0},{"damage":8.0,"enemies":"3 Darklings","floor":48.0,"turns":5.0},{"damage":0,"enemies":"downfall:FleeingMerchant","floor":50,"turns":3},{"damage":3,"enemies":"Nemesis","floor":52,"turns":7},{"damage":0,"enemies":"Transient","floor":53,"turns":5},{"damage":46,"enemies":"downfall:Silent","floor":54,"turns":5}],"seed_played":"-2406062181198395483","potions_obtained":[{"floor":5.0,"key":"BlessingOfTheForge"},{"floor":6.0,"key":"Fire Potion"},{"floor":13.0,"key":"LiquidBronze"},{"floor":15.0,"key":"blueLaboratory:PhilterOfMotion"},{"floor":20.0,"key":"Fire Potion"},{"floor":21.0,"key":"Adrenaline Potion"},{"floor":30.0,"key":"EssenceOfSteel"},{"floor":33.0,"key":"EntropicBrew"},{"floor":37.0,"key":"EntropicBrew"},{"floor":40.0,"key":"champ:CounterPotion"},{"floor":40.0,"key":"ColorlessPotion"},{"floor":40.0,"key":"blueLaboratory:BottleOfVodka"},{"floor":47.0,"key":"EntropicBrew"},{"floor":52,"key":"EntropicBrew"}],"is_trial":false,"path_per_floor":["R_BF","M","?","M","M","M","T","?","$","?","M","E","M","$","M","B",null,"R_BF","M","M","M","?","AVR","T","?","R","M","?","M","M","$","M","B",null,"R","?","M","?","M","?","T","PTL","PTL","PTL","T","M","M","M","?","$","R","E","M","B",null],"character_chosen":"THE_SPIRIT","items_purchased":["Snack Pack","hexamod:ThirdSeal","vexMod:Cooldron","Thread and Needle","conspire:DeflatedDodgeball","hexamod:Incineration","hexamod:NightmareGuise+1","hexamod:Hexaguard"],"campfire_rested":1,"item_purchase_floors":[9,14,31,50,50,50,50,50],"current_hp_per_floor":[77,77,77,77,71,65,65,70,70,70,70,67,69,66,68,25,82,82,74,72,76,76,76,76,60,60,71,36,20,24,19,2,13,82,82,82,55,55,57,57,57,57,57,57,57,61,65,61,61,65,82,82,82,38],"gold":56,"neow_bonus":"TEN_PERCENT_HP_BONUS","is_daily":false,"chose_seed":false,"campfire_upgraded":2,"win_rate":0.0,"timestamp":1610642481,"path_taken":["R_BF","M","?","M","?","M","T","?","$","?","M","E","M","?","M","BOSS","R_BF","M","M","M","?","AVR","T","?","R","M","?","?","?","$","M","BOSS","R","?","?","?","M","?","T","PTL","PTL","PTL","T","?","M","M","?","?","R","E","M","BOSS"],"items_purchased_type":["Relic","Card","Relic","Relic","Relic","Card","Card","Card"],"build_version":"2020-12-22","purchased_purges":0,"victory":true,"max_hp_per_floor":[77,77,77,77,77,77,77,82,82,82,82,82,82,82,82,82,82,82,82,82,82,82,82,82,82,82,82,82,82,82,82,82,82,82,82,82,82,82,82,82,82,82,82,82,82,82,82,82,82,82,82,82,82,82],"relic_stats":{"counters":[29,121],"obtain_stats":[{"relicPack:DSword":28,"downfall:HeartBlessingRed":18,"conspire:SpecialSausage":23,"Thread and Needle":50,"ReplayTheSpireMod:SealedPack":17,"downfall:TeleportStone":36,"hubris:Towel":10,"hubris:RunicObelisk":34,"aspiration:HiddenCompartment":52,"aspiration:RitualStick":25,"Mercury Hourglass":12,"trackpad:ToughGloves":23,"vexMod:Cooldron":31,"HornCleat":38,"halation:PrussianBluePaint":24,"trackpad:BottledShadow":7,"Snack Pack":9,"relicPack:AllForOne":49,"conspire:DeflatedDodgeball":50,"hexamod:SpiritBrand":0,"TungstenRod":45},{"relicPack:DSword":15,"downfall:HeartBlessingRed":11,"conspire:SpecialSausage":14,"Thread and Needle":26,"ReplayTheSpireMod:SealedPack":11,"downfall:TeleportStone":20,"hubris:Towel":5,"hubris:RunicObelisk":20,"aspiration:HiddenCompartment":27,"aspiration:RitualStick":14,"Mercury Hourglass":7,"trackpad:ToughGloves":14,"vexMod:Cooldron":18,"HornCleat":21,"halation:PrussianBluePaint":14,"trackpad:BottledShadow":4,"Snack Pack":5,"relicPack:AllForOne":25,"conspire:DeflatedDodgeball":26,"hexamod:SpiritBrand":0,"TungstenRod":22},{"relicPack:DSword":64,"downfall:HeartBlessingRed":44,"conspire:SpecialSausage":60,"Thread and Needle":105,"ReplayTheSpireMod:SealedPack":44,"downfall:TeleportStone":84,"hubris:Towel":19,"hubris:RunicObelisk":84,"aspiration:HiddenCompartment":111,"aspiration:RitualStick":60,"Mercury Hourglass":27,"trackpad:ToughGloves":60,"vexMod:Cooldron":75,"HornCleat":89,"halation:PrussianBluePaint":60,"trackpad:BottledShadow":15,"Snack Pack":19,"relicPack:AllForOne":102,"conspire:DeflatedDodgeball":105,"hexamod:SpiritBrand":0,"TungstenRod":91}],"aspiration:RitualStick":[4],"TungstenRod":8,"Mercury Hourglass":[306]},"card_choices":[{"not_picked":["hexamod:Firestarter","hexamod:HauntingEcho"],"picked":"hexamod:StepThrough","floor":2.0},{"not_picked":["hexamod:BurningTouch","hexamod:HauntingEcho"],"picked":"hexamod:GhostOfSpirePast","floor":4.0},{"not_picked":["hexamod:Firestarter","hexamod:NightmareGuise"],"picked":"hexamod:HexaLevel","floor":5.0},{"not_picked":["hexamod:SpectersWail","hexamod:StepThrough"],"picked":"hexamod:NightmareGuise","floor":6.0},{"not_picked":["hexamod:Hexaguard","hexamod:HeatMetal"],"picked":"hexamod:GhostflameBarrier","floor":9.0},{"not_picked":["hexamod:SoulSteal","hexamod:AdvancingGuard"],"picked":"hexamod:GhostLash","floor":11.0},{"not_picked":["hexamod:NightmareGuise","hexamod:BurningTouch"],"picked":"hexamod:InspiringFlames","floor":12.0},{"not_picked":["hexamod:ShieldOfDarkness","hexamod:NecessarySacrifice"],"picked":"hexamod:PowerFromBeyond","floor":13.0},{"not_picked":["hexamod:GhostShield","hexamod:FastForward"],"picked":"hexamod:TimeOfNeed","floor":14.0},{"not_picked":["hexamod:GhostLash","hexamod:UnleashSpirits"],"picked":"hexamod:FirstSeal","floor":15.0},{"not_picked":["hexamod:SpectersWail","hexamod:ShieldOfDarkness"],"picked":"hexamod:SpectralSpark","floor":15.0},{"not_picked":["hexamod:CrushingStance","hexamod:ApocalypseNow"],"picked":"hexamod:WildfireWeapon","floor":16.0},{"not_picked":["hexamod:ParanormalForm","hexamod:HexaLevel"],"picked":"hexamod:TimeWarp","floor":16.0},{"not_picked":["hexamod:TurnItUp","hexamod:ParanormalForm"],"picked":"hexamod:VolcanoVisage","floor":16.0},{"not_picked":["Survivor","champ:Taunt"],"picked":"Slimebound:Split","floor":17.0},{"not_picked":["hexamod:UnleashSpirits","hexamod:WildfireWeapon"],"picked":"hexamod:TurnItUp","floor":17.0},{"not_picked":["Replay:Sssssssssshield","Replay:SS_fish_3"],"picked":"expansioncontent:BronzeBeam","floor":17.0},{"not_picked":["infinitespire:SevenWalls","infinitespire:FutureSight"],"picked":"ReplayTheSpireMod:Chaos Vortex","floor":17.0},{"not_picked":["hexamod:NightmareGuise","hexamod:FirstSeal"],"picked":"hexamod:GhostLash","floor":19.0},{"not_picked":["hexamod:HeatMetal","hexamod:FastForward"],"picked":"hexamod:DynamicBlow+1","floor":19.0},{"not_picked":["hexamod:DynamicBlow","hexamod:SpectersWail"],"picked":"hexamod:NightmareStrike+1","floor":20.0},{"not_picked":["hexamod:GhostShield","hexamod:UnlimitedPower"],"picked":"hexamod:HeatShield","floor":20.0},{"not_picked":["hexamod:ShieldOfDarkness+1","hexamod:BurningTouch"],"picked":"hexamod:ThermalTransfer","floor":21.0},{"not_picked":["hexamod:GhostShield","hexamod:HauntingEcho"],"picked":"hexamod:AdvancingGuard","floor":21.0},{"not_picked":["hexamod:SkipABeat","hexamod:RecurringNightmare"],"picked":"hexamod:SpectralAdrenaline+1","floor":21.0},{"not_picked":["hexamod:BacktrackSmack","hexamod:HeatMetal"],"picked":"hexamod:SpectralSpark+1","floor":27.0},{"not_picked":["hexamod:RainOfEmbers","hexamod:FastForward"],"picked":"hexamod:GhostLash+1","floor":27.0},{"not_picked":["hexamod:FifthSeal","hexamod:FourthSeal"],"picked":"hexamod:EtherealExpedition","floor":29.0},{"not_picked":["hexamod:EmpoweredFlame","hexamod:NightmareGuise+1"],"picked":"hexamod:ThermalTransfer+1","floor":30.0},{"not_picked":["hexamod:ThermalTransfer","hexamod:FastForward"],"picked":"hexamod:ExtraCrispy+1","floor":31.0},{"not_picked":["hexamod:HauntingEcho+1","hexamod:PhantomFireball"],"picked":"hexamod:ShieldOfDarkness+1","floor":31.0},{"not_picked":["hexamod:ShieldOfDarkness","hexamod:EmpoweringStance"],"picked":"hexamod:SuperheatedStrike+1","floor":32.0},{"not_picked":["hexamod:NightmareStrike","hexamod:RainOfEmbers"],"picked":"hexamod:Firestarter","floor":32.0},{"not_picked":["hexamod:FifthSeal","hexamod:TimeOfNeed"],"picked":"hexamod:VolcanoVisage","floor":33.0},{"not_picked":["hexamod:GiftsFromTheDead","hexamod:UnlimitedPower"],"picked":"hexamod:SearingWound","floor":33.0},{"not_picked":["hexamod:WildfireWeapon","hexamod:HexaLevel"],"picked":"hexamod:TimeWarp","floor":33.0},{"not_picked":["hexamod:GhostLash","hexamod:HauntingEcho"],"picked":"hexamod:Rewind","floor":37.0},{"not_picked":["hexamod:BurningTouch+1","hexamod:ExtraCrispy+1"],"picked":"hexamod:PhantomFireball+1","floor":37.0},{"not_picked":["hexamod:TimeWarp","hexamod:RainOfEmbers"],"picked":"hexamod:BurningTouch+1","floor":38.0},{"not_picked":["hexamod:CatchUp","hexamod:GhostOfSpirePresent"],"picked":"hexamod:InspiringFlames+1","floor":39.0},{"not_picked":["hexamod:PhantomFireball","hexamod:Hexaguard"],"picked":"hexamod:PhantomCloak+1","floor":46.0},{"not_picked":["hexamod:BacktrackSmack+1","hexamod:BurningTouch+1"],"picked":"hexamod:InspiringFlames","floor":47.0},{"not_picked":["hexamod:GhostLash+1","hexamod:HeatShield+1"],"picked":"hexamod:Toasty","floor":48.0},{"not_picked":["hexamod:ShieldOfDarkness","hexamod:SecondSeal"],"picked":"hexamod:PowerFromBeyond+1","floor":48.0},{"not_picked":["hexamod:ShieldOfDarkness","hexamod:SearingWound"],"picked":"hexamod:GhostflameBarrier+1","floor":50},{"not_picked":["hexamod:GhostShield","hexamod:BacktrackSmack"],"picked":"hexamod:FastForward","floor":52},{"not_picked":["hexamod:HauntingEcho","hexamod:AdvancingGuard"],"picked":"hexamod:UnlimitedPower","floor":53}],"player_experience":360625,"relics_obtained":[{"floor":7.0,"key":"trackpad:BottledShadow"},{"floor":12.0,"key":"Mercury Hourglass"},{"floor":24.0,"key":"halation:PrussianBluePaint"},{"floor":38.0,"key":"HornCleat"},{"floor":45.0,"key":"TungstenRod"},{"floor":52,"key":"aspiration:HiddenCompartment"}],"event_choices":[{"damage_healed":0.0,"max_hp_gain":0.0,"max_hp_loss":0.0,"gold_gain":0.0,"event_name":"Upgrade Shrine","player_choice":"Upgraded","floor":3.0,"gold_loss":0.0,"damage_taken":0.0,"cards_upgraded":["hexamod:Float"]},{"damage_healed":0.0,"max_hp_gain":5.0,"max_hp_loss":0.0,"gold_gain":0.0,"event_name":"Big Fish","player_choice":"Donut","floor":8.0,"gold_loss":0.0,"damage_taken":0.0},{"damage_healed":0.0,"max_hp_gain":0.0,"max_hp_loss":0.0,"gold_gain":0.0,"event_name":"Lab","player_choice":"Got Potions","floor":40.0,"gold_loss":0.0,"damage_taken":0.0}],"is_beta":false,"boss_relics":[{"not_picked":["relicPack:ShieldShield","halation:LoveArrow"],"picked":"ReplayTheSpireMod:SealedPack"},{"not_picked":["Replay:Drink Me","vexMod:TanglingVine"],"picked":"hubris:RunicObelisk"}],"items_purged_floors":[],"is_endless":false,"potions_floor_spawned":[5,6,13,15,16,20,21,29,30,33,37,47,52],"ascension_level":0}}