{"host":"fjaupvxe7fzqrf4j","time":1610643128,"event":{"mods":["ATMod(°¢èªMod)","BaseMod","Minty Spire (QoL Compilation)","StSLib"],"gold_per_floor":[118,118,118,131,131,162,197,226,249,281,313,343,343,28,28,105,105,120,35,35,35,51,86,121,155,180,209,209,237,266,369,369,474,474,514,514,573,145,163,272,331,382,406,514,295,346,346,406,406,456,581,581,581,111,205,230],"floor_reached":57,"language":"ZHS","playtime":1536,"items_purged":["Reflex","Deflect"],"score":4850,"play_id":"0d554dbc-6833-44a1-bf84-cd418f4cdb32","local_time":"20210115005208","daily_mods":["SealedDeck","Heirloom","Time Dilation","Flight","Elite Swarm"],"is_ascension_mode":true,"campfire_choices":[{"data":"Dagger Throw","floor":13.0,"key":"PURGE"},{"data":"AT_ShadowStep","floor":15.0,"key":"SMITH"},{"data":"Dagger Throw","floor":32.0,"key":"PURGE"},{"data":"Apotheosis","floor":47.0,"key":"SMITH"},{"floor":49.0,"key":"RECALL"},{"floor":53.0,"key":"REST"}],"circlet_count":0,"master_deck":["AscendersBane","AT_ShadowStep+1","Backflip+1","Prepared","Reflex+1","Calculated Gamble+1","AT_CaressingTears","Grand Finale","Adrenaline+1","After Image","Acrobatics","Apotheosis+1","Impatience","Malaise"],"relics":["Ring of the Snake","AT_ATBox","Calipers","AT_BladeRuinedKing","The Courier","Peace Pipe","Smiling Mask","Lantern","Regal Pillow","War Paint","AT_SeraphEmbrace","HoveringKite","Tingsha","AT_ForceNature","Pen Nib","CeramicFish","Anchor","White Beast Statue","Nunchaku","AT_MibuBalloonWealth","AT_GuinsooRageblade","Sozu","AT_RabadonDeathcap","Strawberry","Juzu Bracelet","Bag of Preparation","AT_GoldPhoenixTree","Pear","Lizard Tail","Bottled Lightning","Bronze Scales","AT_LudenTempest","AT_SilvercatRing","TungstenRod","Bag of Marbles"],"acts_visited":["Exordium","TheCity","TheBeyond","TheEnding"],"potions_floor_usage":[],"damage_taken":[{"damage":0.0,"enemies":"Small Slimes","floor":1.0,"turns":1.0},{"damage":0.0,"enemies":"Jaw Worm","floor":4.0,"turns":2.0},{"damage":0.0,"enemies":"Gremlin Nob","floor":6.0,"turns":1.0},{"damage":0.0,"enemies":"3 Sentries","floor":7.0,"turns":1.0},{"damage":0.0,"enemies":"Lagavulin","floor":8.0,"turns":1.0},{"damage":0.0,"enemies":"3 Sentries","floor":10.0,"turns":1.0},{"damage":0.0,"enemies":"Lagavulin","floor":11.0,"turns":1.0},{"damage":0.0,"enemies":"3 Sentries","floor":12.0,"turns":1.0},{"damage":0.0,"enemies":"Hexaghost","floor":16.0,"turns":1.0},{"damage":0.0,"enemies":"2 Thieves","floor":18.0,"turns":1.0},{"damage":0.0,"enemies":"Chosen","floor":22.0,"turns":1.0},{"damage":0.0,"enemies":"Book of Stabbing","floor":23.0,"turns":1.0},{"damage":0.0,"enemies":"Gremlin Leader","floor":24.0,"turns":1.0},{"damage":0.0,"enemies":"Slavers","floor":25.0,"turns":1.0},{"damage":0.0,"enemies":"Gremlin Leader","floor":27.0,"turns":1.0},{"damage":0.0,"enemies":"Slavers","floor":29.0,"turns":1.0},{"damage":0.0,"enemies":"Book of Stabbing","floor":30.0,"turns":1.0},{"damage":0.0,"enemies":"Gremlin Leader","floor":31.0,"turns":1.0},{"damage":0.0,"enemies":"Champ","floor":33.0,"turns":1.0},{"damage":0.0,"enemies":"Orb Walker","floor":35.0,"turns":1.0},{"damage":0.0,"enemies":"Mind Bloom Boss Battle","floor":37.0,"turns":1.0},{"damage":0.0,"enemies":"Reptomancer","floor":40.0,"turns":1.0},{"damage":0.0,"enemies":"Nemesis","floor":41.0,"turns":1.0},{"damage":0.0,"enemies":"Giant Head","floor":42.0,"turns":1.0},{"damage":0.0,"enemies":"Reptomancer","floor":44.0,"turns":1.0},{"damage":0.0,"enemies":"Giant Head","floor":46.0,"turns":1.0},{"damage":0.0,"enemies":"Nemesis","floor":48.0,"turns":1.0},{"damage":0.0,"enemies":"Donu and Deca","floor":50.0,"turns":1.0},{"damage":0.0,"enemies":"Awakened One","floor":51.0,"turns":2.0},{"damage":0,"enemies":"Shield and Spear","floor":55,"turns":1},{"damage":0,"enemies":"The Heart","floor":56,"turns":4}],"seed_played":"-4499715870900386589","potions_obtained":[{"floor":1.0,"key":"LiquidMemories"},{"floor":10.0,"key":"SteroidPotion"},{"floor":18.0,"key":"Energy Potion"},{"floor":21.0,"key":"Swift Potion"}],"is_trial":true,"path_per_floor":["M","?","?","M","?","E","E","E","T","E","E","E","R","$","R","B",null,"M","?","?","?","M","E","E","E","T","E","?","E","E","E","R","B",null,"M","?","?","$","?","E","E","E","T","E","$","E","R","E","R","B","B",null,"R","$","E","B",null],"character_chosen":"THE_SILENT","items_purchased":["War Paint","AT_ArchangelStaff","Strawberry","Juzu Bracelet","Bag of Preparation","Bottled Lightning","AT_SilvercatRing","TungstenRod"],"campfire_rested":1,"item_purchase_floors":[14,14,38,38,38,45,54,54],"current_hp_per_floor":[59,64,64,64,43,43,43,43,43,43,43,43,43,43,43,43,64,64,64,64,64,64,64,64,64,64,64,44,44,44,44,44,44,68,68,68,68,75,70,70,70,80,80,80,80,80,80,80,80,80,80,90,93,93,93,93],"gold":230,"neow_bonus":"","is_daily":false,"chose_seed":false,"campfire_upgraded":2,"win_rate":0.0,"timestamp":1610643128,"path_taken":["M","?","?","?","?","E","E","E","T","E","E","E","R","$","R","BOSS","M","?","?","?","?","E","E","E","T","E","?","E","E","E","R","BOSS","M","?","?","$","?","E","E","E","T","E","$","E","R","E","R","BOSS","BOSS","R","$","E","BOSS"],"items_purchased_type":["Relic","Relic","Relic","Relic","Relic","Relic","Relic","Relic"],"build_version":"2020-12-22","purchased_purges":2,"victory":true,"max_hp_per_floor":[66,71,71,71,71,71,71,71,71,71,71,71,71,71,71,71,71,71,71,71,71,71,71,71,71,71,71,76,76,76,76,76,76,76,76,76,76,83,83,83,83,93,93,93,93,93,93,93,93,93,93,93,93,93,93,93],"card_choices":[{"not_picked":["Cloak And Dagger","PiercingWail","Footwork"],"picked":"SKIP","floor":1.0},{"not_picked":["Deadly Poison","Cloak And Dagger","Well Laid Plans"],"picked":"SKIP","floor":4.0},{"not_picked":["AT_KingSlayer","Die Die Die","Envenom"],"picked":"SKIP","floor":6.0},{"not_picked":["A Thousand Cuts","Envenom","Bullet Time"],"picked":"SKIP","floor":7.0},{"not_picked":["Tools of the Trade","Burst"],"picked":"Grand Finale","floor":8.0},{"not_picked":["AT_EssenceShift","Unload","AT_KingSlayer"],"picked":"SKIP","floor":10.0},{"not_picked":["Grand Finale","AT_EssenceShift"],"picked":"Adrenaline","floor":11.0},{"not_picked":["Night Terror","Wraith Form v2","A Thousand Cuts"],"picked":"SKIP","floor":12.0},{"not_picked":["Blade Dance","Cloak And Dagger","Sucker Punch+1"],"picked":"SKIP","floor":18.0},{"not_picked":["Dagger Spray","Blade Dance","Flechettes"],"picked":"SKIP","floor":22.0},{"not_picked":["Glass Knife","Malaise","Night Terror"],"picked":"SKIP","floor":23.0},{"not_picked":["Phantasmal Killer","Wraith Form v2","Night Terror"],"picked":"SKIP","floor":24.0},{"not_picked":["Wraith Form v2","Bullet Time","Malaise"],"picked":"SKIP","floor":25.0},{"not_picked":["Wraith Form v2","Envenom","Die Die Die"],"picked":"SKIP","floor":27.0},{"not_picked":["Doppelganger","Night Terror","Burst"],"picked":"SKIP","floor":29.0},{"not_picked":["Storm of Steel","Grand Finale","A Thousand Cuts"],"picked":"SKIP","floor":30.0},{"not_picked":["Glass Knife","Envenom","A Thousand Cuts"],"picked":"SKIP","floor":31.0},{"not_picked":["AT_KingSlayer","Phantasmal Killer"],"picked":"After Image","floor":33.0},{"not_picked":["Flying Knee","AT_TinkerSharpsword","Underhanded Strike"],"picked":"SKIP","floor":35.0},{"not_picked":["Deadly Poison","Quick Slash"],"picked":"Acrobatics","floor":37.0},{"not_picked":["AT_PowerWithin","AT_EmpoweredMortalDraw"],"picked":"Apotheosis","floor":39.0},{"not_picked":["PanicButton","Dark Shackles"],"picked":"Impatience","floor":39.0},{"not_picked":["AT_MyraUnstableElement","Corpse Explosion","Venomology"],"picked":"SKIP","floor":40.0},{"not_picked":["Burst","AT_KingSlayer","Doppelganger"],"picked":"SKIP","floor":41.0},{"not_picked":["Malaise","Tools of the Trade","AT_MyraUnstableElement"],"picked":"SKIP","floor":42.0},{"not_picked":["Glass Knife","Tools of the Trade","Adrenaline"],"picked":"SKIP","floor":44.0},{"not_picked":["A Thousand Cuts","Grand Finale","Bullet Time"],"picked":"SKIP","floor":46.0},{"not_picked":["Wraith Form v2","Burst","AT_MyraUnstableElement"],"picked":"SKIP","floor":48.0},{"not_picked":["Grand Finale","Glass Knife"],"picked":"Malaise","floor":55}],"player_experience":439873,"relics_obtained":[{"floor":6.0,"key":"AT_BladeRuinedKing"},{"floor":7.0,"key":"The Courier"},{"floor":8.0,"key":"Peace Pipe"},{"floor":9.0,"key":"Smiling Mask"},{"floor":10.0,"key":"Lantern"},{"floor":12.0,"key":"Regal Pillow"},{"floor":23.0,"key":"AT_ForceNature"},{"floor":24.0,"key":"Pen Nib"},{"floor":25.0,"key":"CeramicFish"},{"floor":26.0,"key":"Anchor"},{"floor":27.0,"key":"White Beast Statue"},{"floor":29.0,"key":"Nunchaku"},{"floor":30.0,"key":"AT_MibuBalloonWealth"},{"floor":31.0,"key":"AT_GuinsooRageblade"},{"floor":37.0,"key":"AT_RabadonDeathcap"},{"floor":41.0,"key":"AT_GoldPhoenixTree"},{"floor":42.0,"key":"Pear"},{"floor":44.0,"key":"Lizard Tail"},{"floor":46.0,"key":"Bronze Scales"},{"floor":48.0,"key":"AT_LudenTempest"},{"floor":55,"key":"Bag of Marbles"}],"event_choices":[{"damage_healed":0.0,"max_hp_gain":5.0,"max_hp_loss":0.0,"gold_gain":0.0,"event_name":"Big Fish","player_choice":"Donut","floor":2.0,"gold_loss":0.0,"damage_taken":0.0},{"damage_healed":0.0,"max_hp_gain":0.0,"max_hp_loss":0.0,"gold_gain":0.0,"event_name":"Liars Game","player_choice":"Ignored","floor":3.0,"gold_loss":0.0,"damage_taken":0.0},{"damage_healed":0.0,"max_hp_gain":0.0,"max_hp_loss":0.0,"gold_gain":0.0,"event_name":"Shining Light","player_choice":"Entered Light","floor":5.0,"gold_loss":0.0,"damage_taken":21.0,"cards_upgraded":["Backflip","Calculated Gamble"]},{"damage_healed":0.0,"max_hp_gain":0.0,"max_hp_loss":0.0,"gold_gain":0.0,"event_name":"Addict","player_choice":"Obtained Relic","floor":19.0,"gold_loss":85.0,"damage_taken":0.0,"relics_obtained":["Tingsha"]},{"damage_healed":0.0,"max_hp_gain":0.0,"max_hp_loss":0.0,"gold_gain":0.0,"event_name":"Vampires","player_choice":"Ignored","floor":20.0,"gold_loss":0.0,"damage_taken":0.0},{"damage_healed":0.0,"max_hp_gain":0.0,"max_hp_loss":0.0,"gold_gain":0.0,"event_name":"Lab","player_choice":"Got Potions","floor":21.0,"gold_loss":0.0,"damage_taken":0.0},{"damage_healed":0.0,"max_hp_gain":5.0,"max_hp_loss":0.0,"gold_gain":0.0,"event_name":"Forgotten Altar","player_choice":"Shed Blood","floor":28.0,"gold_loss":0.0,"damage_taken":25.0},{"cards_removed":["Underhanded Strike"],"damage_healed":0.0,"max_hp_gain":0.0,"max_hp_loss":0.0,"gold_gain":0.0,"event_name":"Falling","player_choice":"Removed Attack","floor":36.0,"gold_loss":0.0,"damage_taken":0.0},{"damage_healed":0.0,"max_hp_gain":0.0,"max_hp_loss":0.0,"gold_gain":0.0,"event_name":"MindBloom","player_choice":"Fight","floor":37.0,"gold_loss":0.0,"damage_taken":0.0},{"damage_healed":0.0,"max_hp_gain":0.0,"max_hp_loss":0.0,"gold_gain":0.0,"event_name":"SensoryStone","player_choice":"Memory 3","floor":39.0,"gold_loss":0.0,"damage_taken":10.0}],"is_beta":false,"boss_relics":[{"not_picked":["SacredBark","Tiny House"],"picked":"HoveringKite"},{"not_picked":["Empty Cage","WristBlade"],"picked":"Sozu"}],"items_purged_floors":[14,38],"is_endless":false,"potions_floor_spawned":[1,8,10,11,18,22,24,27,29,30,31,33,35,37,40,41,42,44,46,48,55],"ascension_level":20}}