{"host":"6azrrw3tf7wb0f4b","time":1610617338,"event":{"mods":["BaseMod","DeckTracker","Minty Spire (QoL Compilation)","SuperFastMode"],"gold_per_floor":[110,210,230,31,42,42,71,85,85,114,114,129,129,140,140,140,140],"floor_reached":16,"language":"KOR","playtime":400,"items_purged":["Strike_G"],"score":179,"play_id":"e833c289-46a7-4c42-9576-b2d349d03134","local_time":"20210114184218","is_ascension_mode":true,"campfire_choices":[{"data":"Neutralize","floor":6.0,"key":"SMITH"},{"data":"Cloak And Dagger","floor":11,"key":"SMITH"},{"data":"Well Laid Plans","floor":15,"key":"SMITH"}],"circlet_count":0,"master_deck":["AscendersBane","Strike_G","Strike_G","Strike_G","Defend_G","Defend_G","Defend_G","Defend_G","Defend_G","Survivor","Neutralize+1","Well Laid Plans+1","Flying Knee","All Out Attack","Dagger Throw","Cloak And Dagger+1","Leg Sweep"],"relics":["Ring of the Snake","Nunchaku","Bottled Tornado","Blue Candle"],"acts_visited":["Exordium"],"potions_floor_usage":[7,7,10,10],"damage_taken":[{"damage":0.0,"enemies":"Small Slimes","floor":1.0,"turns":4.0},{"damage":4.0,"enemies":"Cultist","floor":3.0,"turns":5.0},{"damage":9.0,"enemies":"Jaw Worm","floor":5.0,"turns":5.0},{"damage":10,"enemies":"Lagavulin","floor":7,"turns":3},{"damage":0,"enemies":"Exordium Wildlife","floor":8,"turns":3},{"damage":7,"enemies":"3 Sentries","floor":10,"turns":4},{"damage":10,"enemies":"Large Slime","floor":12,"turns":5},{"damage":9,"enemies":"3 Louse","floor":14,"turns":2},{"damage":7,"enemies":"Hexaghost","floor":16,"turns":9}],"seed_played":"-2375419727792851448","potions_obtained":[{"floor":7,"key":"PowerPotion"},{"floor":8,"key":"Fire Potion"},{"floor":10,"key":"LiquidMemories"}],"is_trial":false,"path_per_floor":["M","?","M","$","M","R","E","M","T","E","R","M","?","M","R","B"],"character_chosen":"THE_SILENT","items_purchased":["ColorlessPotion","LiquidMemories"],"campfire_rested":0,"item_purchase_floors":[4,4],"current_hp_per_floor":[70,70,66,66,57,57,47,47,47,40,40,30,23,14,14,7,7],"gold":140,"neow_bonus":"TEN_PERCENT_HP_BONUS","is_daily":false,"chose_seed":false,"campfire_upgraded":3,"win_rate":0.0,"timestamp":1610617338,"path_taken":["M","?","M","$","?","R","E","M","T","E","R","M","?","M","R","BOSS"],"items_purchased_type":["Potion","Potion"],"build_version":"2020-12-22","purchased_purges":1,"victory":false,"max_hp_per_floor":[77,77,77,77,77,77,77,77,77,77,77,77,77,77,77,77,77],"card_choices":[{"not_picked":["Slice","PiercingWail"],"picked":"Well Laid Plans","floor":1.0},{"not_picked":["Poisoned Stab","Escape Plan"],"picked":"Flying Knee","floor":3.0},{"not_picked":["Quick Slash","Dodge and Roll","PiercingWail"],"picked":"SKIP","floor":5.0},{"not_picked":["Catalyst","Setup"],"picked":"All Out Attack","floor":7},{"not_picked":["Riddle With Holes","Tools of the Trade"],"picked":"Dagger Throw","floor":8},{"not_picked":["Envenom","Slice"],"picked":"Cloak And Dagger","floor":10},{"not_picked":["PiercingWail","Distraction","Calculated Gamble"],"picked":"SKIP","floor":12},{"not_picked":["Masterful Stab","Backflip"],"picked":"Leg Sweep","floor":14}],"player_experience":712827,"relics_obtained":[{"floor":7,"key":"Nunchaku"},{"floor":9,"key":"Bottled Tornado"},{"floor":10,"key":"Blue Candle"}],"event_choices":[{"damage_healed":0.0,"max_hp_gain":0.0,"max_hp_loss":0.0,"gold_gain":100.0,"event_name":"Golden Shrine","player_choice":"Pray","floor":2.0,"gold_loss":0.0,"damage_taken":0.0},{"cards_removed":["Strike_G"],"damage_healed":0,"gold_gain":0,"player_choice":"Card Removal","damage_taken":7,"max_hp_gain":0,"max_hp_loss":0,"event_name":"Golden Wing","floor":13,"gold_loss":0}],"is_beta":false,"boss_relics":[],"items_purged_floors":[4],"is_endless":false,"potions_floor_spawned":[7,8,10],"killed_by":"Hexaghost","ascension_level":12}}