{"host":"mal0jdk4f6ubgyb8","time":1610659373,"event":{"mods":["Act Like it!","Aspiration","BaseMod","Gensokyo","Hallownest","Koishi","Luminous","Marisa£®ÏF”Í°°ƒß¿Ì…≥£©","Minty Spire (QoL Compilation)","Quick Restart","Reimu£®≤©¿ˆ¡È√Œ£©","Relic Stats","Remilia£®¿Ÿ√◊¿Ú—«£©","StSLib","The Bug Knight","WarShipGirlsR/’ΩΩ¢…Ÿ≈ÆR mod","Yakumo Yukari mod","Youmu£®ªÍ∆«—˝√Œ£©","Yuri Mod","Yuyuko"],"gold_per_floor":[113,113,183,195,206,236,250,264,264,264,280,22,22,22,22,22,22],"floor_reached":16,"language":"ZHS","playtime":681,"items_purged":["Faramita\u0027s Temptation"],"score":116,"play_id":"a0ed73e7-783b-4a10-8945-435e206a5833","local_time":"20210115052253","is_ascension_mode":true,"campfire_choices":[{"data":"Ghastly Dream","floor":10.0,"key":"SMITH"},{"data":"Magnetism","floor":15.0,"key":"SMITH"}],"circlet_count":0,"master_deck":["Fantasy Butterflies","Fantasy Butterflies","Fantasy Butterflies","Fantasy Butterflies+1","Fantasy Butterflies+1","Dreamy Sakura","Dreamy Sakura","Dreamy Sakura","Dreamy Sakura","Dreamy Sakura","Deathly Ground","Bloom","Spear of Papilio","Ghastly Dream+1","Redemption of Death+1","Magnetism+1","The Inky Sakura+1"],"relics":["Coronal","Yuyuko\u0027s fan","aspiration:FrozenJewel","Molten Egg 2"],"acts_visited":["Exordium"],"potions_floor_usage":[],"damage_taken":[{"damage":12.0,"enemies":"2_ Uuma","floor":1.0,"turns":4.0},{"damage":19.0,"enemies":"Hallownest:2_MossCreeps","floor":4.0,"turns":4.0},{"damage":18.0,"enemies":"Hallownest:2_Baldur","floor":5.0,"turns":3.0},{"damage":64.0,"enemies":"Hallownest:eliteCrystalGuardian","floor":6.0,"turns":8.0},{"damage":23.0,"enemies":"Hallownest:monsterMossCharger","floor":7.0,"turns":5.0},{"damage":20.0,"enemies":"Hallownest:Wandering_and_Horned","floor":8.0,"turns":6.0},{"damage":45.0,"enemies":"Hallownest:2_Tiktiks_1_Baldur_1_Crawlid","floor":11.0,"turns":5.0},{"damage":66,"enemies":"Hallownest:BossHornet","floor":16,"turns":8}],"seed_played":"-3630281185595744293","potions_obtained":[{"floor":1.0,"key":"LiquidMemories"},{"floor":7.0,"key":"ZuzhouPotion:ReiMu"},{"floor":11.0,"key":"Dexterity Potion"}],"is_trial":false,"path_per_floor":["M","?","T","M","M","E","M","M","T","R","M","$","?","$","R","B"],"character_chosen":"YUYOKO","items_purchased":["Magnetism"],"campfire_rested":0,"item_purchase_floors":[12],"current_hp_per_floor":[37,37,37,38,36,15,19,34,34,34,17,17,17,17,17,0,0],"gold":22,"neow_bonus":"TEN_PERCENT_HP_BONUS","is_daily":false,"chose_seed":false,"campfire_upgraded":2,"win_rate":0.0,"timestamp":1610659373,"path_taken":["M","?","?","M","M","E","M","M","T","R","?","$","?","$","R","BOSS"],"items_purchased_type":["Card"],"build_version":"2020-12-22","purchased_purges":1,"victory":false,"max_hp_per_floor":[44,44,44,44,44,44,44,44,44,44,44,44,44,44,44,44,44],"relic_stats":{"counters":[8,43],"obtain_stats":[{"Yuyuko\u0027s fan":0,"Coronal":0,"Molten Egg 2":9,"aspiration:FrozenJewel":6},{"Yuyuko\u0027s fan":0,"Coronal":0,"Molten Egg 2":6,"aspiration:FrozenJewel":4},{"Yuyuko\u0027s fan":0,"Coronal":0,"Molten Egg 2":30,"aspiration:FrozenJewel":19}]},"card_choices":[{"not_picked":["Unstable Ward","The Forgotten Winter","Chase The Sukhavati"],"picked":"SKIP","floor":1.0},{"not_picked":["Final of Final","Gauzy Sakura"],"picked":"Bloom","floor":4.0},{"not_picked":["Dark Wind","Dancing Soul","Wandering Soul"],"picked":"SKIP","floor":5.0},{"not_picked":["Dying Butterflies","Unknown Petal"],"picked":"Spear of Papilio","floor":6.0},{"not_picked":["The Forgotten Winter","Steamed Phantom","The Nether"],"picked":"SKIP","floor":7.0},{"not_picked":["Dying Butterflies","Cerasus Subhirtella"],"picked":"Ghastly Dream","floor":8.0},{"not_picked":["Gather the Spring+1","Dark Wind"],"picked":"Redemption of Death+1","floor":11.0},{"not_picked":[],"picked":"The Inky Sakura","floor":13.0}],"player_experience":305538,"relics_obtained":[{"floor":6.0,"key":"aspiration:FrozenJewel"},{"floor":9.0,"key":"Molten Egg 2"}],"event_choices":[],"is_beta":false,"boss_relics":[],"items_purged_floors":[12],"is_endless":false,"potions_floor_spawned":[1,7,11],"killed_by":"Hallownest:BossHornet","ascension_level":3}}