{"host":"xm0tf1maiknh0fp9","time":1610607458,"event":{"mods":["BaseMod","Colored Map","Colored Powertips","Googly Eyes","Minty Spire (QoL Compilation)","Replay The Spire","StSLib"],"gold_per_floor":[117,117,117,43,55,55,75,91,91,19,19,19,19,36,36,135,135,115,115,295,74,93,93,110,110,110],"floor_reached":25,"language":"ENG","playtime":629,"items_purged":["Strike_G"],"score":210,"play_id":"cbcaa2c0-4a75-4d09-9476-1f355bae16d7","local_time":"20210114015738","is_ascension_mode":true,"campfire_choices":[{"data":"ReplayTheSpireMod:Necrogeddon","floor":6,"key":"SMITH"},{"floor":13,"key":"REST"},{"floor":15,"key":"REST"},{"floor":23,"key":"REST"}],"circlet_count":0,"master_deck":["Strike_G+1","Defend_G","Defend_G","Defend_G+1","Defend_G","Defend_G","Survivor","Neutralize","ReplayTheSpireMod:Necrogeddon+1","Infinite Blades+1","Accuracy","Footwork","Infinite Blades","Doppelganger","Accuracy","Blade Dance+1"],"relics":["Ring of the Snake","Replay:Accelerometer","Ring of Chaos","Chemical X"],"acts_visited":["Exordium","TheCity"],"potions_floor_usage":[8,25],"damage_taken":[{"damage":1,"enemies":"Small Slimes","floor":1,"turns":3},{"damage":0,"enemies":"2 Louse","floor":5,"turns":3},{"damage":0,"enemies":"Jaw Worm","floor":7,"turns":4},{"damage":3,"enemies":"2 Fungi Beasts","floor":8,"turns":4},{"damage":1,"enemies":"Blue Slaver","floor":14,"turns":5},{"damage":39,"enemies":"The Guardian","floor":16,"turns":12},{"damage":24,"enemies":"2 Thieves","floor":18,"turns":4},{"damage":9,"enemies":"Spheric Guardian","floor":22,"turns":6},{"damage":14,"enemies":"Shelled Parasite and Fungi","floor":24,"turns":3},{"damage":17,"enemies":"Snake Plant","floor":25,"turns":1}],"seed_played":"2630266413329233997","potions_obtained":[{"floor":5,"key":"AttackPotion"},{"floor":7,"key":"PowerPotion"}],"is_trial":false,"path_per_floor":["M","?","?","$","M","R","M","M","T","$","?","?","R","M","R","B",null,"M","?","?","$","M","R","M","M"],"character_chosen":"THE_SILENT","items_purchased":["Accuracy","Infinite Blades","Chemical X"],"campfire_rested":3,"item_purchase_floors":[4,10,21],"current_hp_per_floor":[48,48,41,41,41,41,41,38,38,38,24,24,45,44,65,26,70,46,33,14,14,5,27,13,0,0],"gold":110,"neow_bonus":"RANDOM_COLORLESS_2","is_daily":false,"chose_seed":false,"campfire_upgraded":1,"win_rate":0.0,"timestamp":1610607458,"path_taken":["M","?","?","$","M","R","M","M","T","$","?","?","R","M","R","BOSS","M","?","?","$","M","R","M","M"],"items_purchased_type":["Card","Card","Relic"],"build_version":"2020-12-22","purchased_purges":1,"victory":false,"max_hp_per_floor":[70,70,70,70,70,70,70,70,70,70,70,70,70,70,70,70,70,70,75,75,75,75,75,75,75,75],"card_choices":[{"not_picked":["The Bomb","Chrysalis"],"picked":"ReplayTheSpireMod:Necrogeddon","floor":0},{"not_picked":["Flying Knee","Deadly Poison","Acrobatics"],"picked":"SKIP","floor":1},{"not_picked":["Dodge and Roll","Acrobatics","Sucker Punch"],"picked":"SKIP","floor":5},{"not_picked":["Sucker Punch","Toxin Wave"],"picked":"Footwork","floor":7},{"not_picked":["Noxious Fumes","Slice","PiercingWail"],"picked":"SKIP","floor":8},{"not_picked":["PiercingWail","Night Terror","Blur"],"picked":"SKIP","floor":14},{"not_picked":["A Thousand Cuts","Burst"],"picked":"Doppelganger","floor":16},{"not_picked":["Prepared","ReplayTheSpireMod:Shiv Toss"],"picked":"Accuracy","floor":18},{"not_picked":["PiercingWail+1","Hidden Blade"],"picked":"Blade Dance+1","floor":22},{"not_picked":["Deadly Poison+1","Sucker Punch+1","Eviscerate"],"picked":"SKIP","floor":24}],"player_experience":115295,"relics_obtained":[{"floor":9,"key":"Replay:Accelerometer"}],"event_choices":[{"cards_removed":["Strike_G"],"damage_healed":0,"gold_gain":0,"player_choice":"Card Removal","damage_taken":7,"max_hp_gain":0,"max_hp_loss":0,"event_name":"Golden Wing","floor":3,"gold_loss":0},{"damage_healed":0,"gold_gain":0,"player_choice":"Entered Light","damage_taken":14,"max_hp_gain":0,"max_hp_loss":0,"event_name":"Shining Light","floor":11,"gold_loss":0,"cards_upgraded":["Defend_G","Strike_G"]},{"cards_removed":["Strike_G"],"damage_healed":0,"gold_gain":0,"player_choice":"Forget","damage_taken":0,"max_hp_gain":0,"max_hp_loss":0,"event_name":"Living Wall","floor":12,"gold_loss":0},{"damage_healed":0,"gold_gain":0,"player_choice":"Shed Blood","damage_taken":18,"max_hp_gain":5,"max_hp_loss":0,"event_name":"Forgotten Altar","floor":19,"gold_loss":0},{"damage_healed":0,"gold_gain":180,"player_choice":"GOLD GOLD ","damage_taken":19,"max_hp_gain":0,"max_hp_loss":0,"event_name":"Knowing Skull","floor":20,"potions_obtained":[],"gold_loss":0,"cards_obtained":[]}],"is_beta":false,"boss_relics":[{"not_picked":["Philosopher\u0027s Stone","Fusion Hammer"],"picked":"Ring of Chaos"}],"items_purged_floors":[21],"is_endless":false,"potions_floor_spawned":[5,7],"killed_by":"Snake Plant","ascension_level":2}}