{"host":"5h7tnviy6ct1qpjn","time":1610620607,"event":{"mods":["AchievementEnabler","BaseMod","BetterRewards","Colored Powertips","Minty Spire (QoL Compilation)","Shop Mod","StSLib"],"gold_per_floor":[114,61,80,80,30,30,30,43,66,85,85,113,113,140,140,241,241,253,253,253,243,243,268,268,296,296,310,328,328,328,344,344,444,444,459,459,472,492,34,66,116,116,139,156,156,168,185,40,40,40],"floor_reached":51,"language":"ENG","playtime":5002,"items_purged":["Strike_P"],"score":875,"play_id":"cc3932b3-6dca-4a32-b806-4a2bf7331883","local_time":"20210114113647","is_ascension_mode":false,"campfire_choices":[{"data":"Eruption","floor":6,"key":"SMITH"},{"data":"EmptyBody","floor":11,"key":"SMITH"},{"floor":13,"key":"REST"},{"data":"Evaluate","floor":15,"key":"SMITH"},{"data":"Vengeance","floor":24,"key":"SMITH"},{"floor":30,"key":"REST"},{"data":"Tantrum","floor":32,"key":"SMITH"},{"floor":42,"key":"REST"},{"floor":49,"key":"REST"}],"circlet_count":0,"master_deck":["Strike_P","Defend_P","Defend_P","Defend_P","Defend_P","Eruption+1","Vigilance+1","FollowUp","Consecrate","EmptyFist","Evaluate+1","EmptyBody+1","EmptyFist","Vengeance+1","Scrawl","Adaptation+1","JustLucky+1","BattleHymn+1","FlurryOfBlows","InnerPeace","Tantrum+1","MasterReality","FearNoEvil","FollowUp","Indignation+1"],"relics":["PureWater","Boot","StoneCalendar","Bag of Preparation","Philosopher\u0027s Stone","Sundial","Ornamental Fan","Torii","Bottled Flame","Fusion Hammer","Letter Opener","Orichalcum","Vajra","Unceasing Top","Potion Belt","Lantern"],"acts_visited":["Exordium","TheCity","TheBeyond"],"potions_floor_usage":[14,14,33,40,40,40],"damage_taken":[{"damage":5,"enemies":"2 Louse","floor":1,"turns":4},{"damage":0,"enemies":"Small Slimes","floor":3,"turns":1},{"damage":0,"enemies":"Jaw Worm","floor":8,"turns":4},{"damage":0,"enemies":"Large Slime","floor":10,"turns":5},{"damage":27,"enemies":"Lagavulin","floor":12,"turns":7},{"damage":7,"enemies":"3 Sentries","floor":14,"turns":6},{"damage":39,"enemies":"Slime Boss","floor":16,"turns":7},{"damage":0,"enemies":"Shell Parasite","floor":18,"turns":5},{"damage":2,"enemies":"2 Thieves","floor":21,"turns":4},{"damage":8,"enemies":"Gremlin Leader","floor":23,"turns":5},{"damage":18,"enemies":"Book of Stabbing","floor":25,"turns":6},{"damage":10,"enemies":"Chosen and Byrds","floor":27,"turns":4},{"damage":0,"enemies":"Snake Plant","floor":28,"turns":3},{"damage":2,"enemies":"Snecko","floor":31,"turns":5},{"damage":39,"enemies":"Collector","floor":33,"turns":8},{"damage":0,"enemies":"3 Shapes","floor":35,"turns":3},{"damage":1,"enemies":"3 Darklings","floor":37,"turns":3},{"damage":0,"enemies":"Transient","floor":38,"turns":5},{"damage":8,"enemies":"Reptomancer","floor":40,"turns":4},{"damage":19,"enemies":"Mind Bloom Boss Battle","floor":41,"turns":4},{"damage":0,"enemies":"Jaw Worm Horde","floor":44,"turns":3},{"damage":0,"enemies":"Maw","floor":46,"turns":4},{"damage":17,"enemies":"4 Shapes","floor":47,"turns":3},{"damage":42,"enemies":"Donu and Deca","floor":50,"turns":8}],"seed_played":"4316691390954808393","potions_obtained":[{"floor":3,"key":"Fire Potion"},{"floor":10,"key":"Dexterity Potion"},{"floor":12,"key":"Ambrosia"},{"floor":21,"key":"Weak Potion"},{"floor":27,"key":"LiquidMemories"},{"floor":31,"key":"DistilledChaos"},{"floor":33,"key":"Block Potion"},{"floor":46,"key":"GamblersBrew"},{"floor":47,"key":"Block Potion"}],"is_trial":false,"path_per_floor":["M","$","M","?","?","R","?","M","T","M","R","E","R","E","R","B",null,"M","?","?","M","T","E","R","E","T","M","M","?","R","M","R","B",null,"M","?","M","M","$","E","?","R","T","M","?","M","M","$","R","B",null],"character_chosen":"WATCHER","items_purchased":["Consecrate","FollowUp","Letter Opener","Orichalcum","Lantern"],"campfire_rested":4,"item_purchase_floors":[2,39,39,39,48],"current_hp_per_floor":[67,67,67,60,60,60,60,60,60,60,60,33,54,47,47,8,72,72,72,72,70,70,62,62,44,44,34,34,34,55,53,53,14,72,72,72,71,71,71,63,44,65,65,65,65,65,48,48,69,27],"gold":40,"neow_bonus":"","is_daily":false,"chose_seed":false,"campfire_upgraded":5,"win_rate":0.0,"timestamp":1610620607,"path_taken":["M","$","M","?","?","R","?","M","T","M","R","E","R","E","R","BOSS","M","?","?","?","?","E","R","E","T","M","M","?","R","M","R","BOSS","M","?","M","M","$","E","?","R","T","M","?","M","M","$","R","BOSS"],"items_purchased_type":["Card","Card","Relic","Relic","Relic"],"build_version":"2020-12-22","purchased_purges":1,"victory":true,"max_hp_per_floor":[72,72,72,72,72,72,72,72,72,72,72,72,72,72,72,72,72,72,72,72,72,72,72,72,72,72,72,72,72,72,72,72,72,72,72,72,72,72,72,72,72,72,72,72,72,72,72,72,72,72],"card_choices":[{"not_picked":["Weave","SashWhip"],"picked":"FollowUp","floor":1},{"not_picked":["CarveReality","BattleHymn"],"picked":"EmptyFist","floor":3},{"not_picked":["Weave","Crescendo"],"picked":"Evaluate","floor":8},{"not_picked":["WheelKick","Vengeance"],"picked":"EmptyBody","floor":10},{"not_picked":["BowlingBash","Weave"],"picked":"EmptyFist","floor":12},{"not_picked":["ConjureBlade","CrushJoints"],"picked":"Vengeance","floor":14},{"not_picked":["Omniscience","LessonLearned"],"picked":"Scrawl","floor":16},{"not_picked":["Sanctity","ClearTheMind"],"picked":"Adaptation","floor":18},{"not_picked":["SashWhip","WindmillStrike"],"picked":"JustLucky+1","floor":21},{"not_picked":["Evaluate","DeceiveReality"],"picked":"BattleHymn+1","floor":23},{"not_picked":["FlyingSleeves","EmptyBody"],"picked":"FlurryOfBlows","floor":25},{"not_picked":["Consecrate","SandsOfTime"],"picked":"InnerPeace","floor":27},{"not_picked":["Halt","FlyingSleeves","ConjureBlade"],"picked":"SKIP","floor":28},{"not_picked":["Worship","InnerPeace"],"picked":"Tantrum","floor":31},{"not_picked":["Brilliance","Ragnarok"],"picked":"MasterReality","floor":33},{"not_picked":["TalkToTheHand+1","ThirdEye","Halt"],"picked":"SKIP","floor":35},{"not_picked":["Perseverance","Halt","Evaluate"],"picked":"SKIP","floor":37},{"not_picked":["BowlingBash","Conclude"],"picked":"FearNoEvil","floor":38},{"not_picked":["JustLucky+1","Meditate+1","WindmillStrike+1"],"picked":"SKIP","floor":40},{"not_picked":["EmptyFist","Weave+1","Consecrate"],"picked":"SKIP","floor":44},{"not_picked":["FlyingSleeves","Crescendo"],"picked":"Indignation+1","floor":46},{"not_picked":["EmptyBody+1","Protect+1","PathToVictory+1"],"picked":"SKIP","floor":47}],"player_experience":70047,"relics_obtained":[{"floor":9,"key":"Boot"},{"floor":12,"key":"StoneCalendar"},{"floor":14,"key":"Bag of Preparation"},{"floor":22,"key":"Sundial"},{"floor":23,"key":"Ornamental Fan"},{"floor":25,"key":"Torii"},{"floor":26,"key":"Bottled Flame"},{"floor":40,"key":"Vajra"},{"floor":41,"key":"Unceasing Top"},{"floor":43,"key":"Potion Belt"}],"event_choices":[{"cards_removed":["Strike_P"],"damage_healed":0,"gold_gain":0,"player_choice":"Card Removal","damage_taken":7,"max_hp_gain":0,"max_hp_loss":0,"event_name":"Golden Wing","floor":4,"gold_loss":0},{"cards_removed":["Strike_P"],"damage_healed":0,"gold_gain":0,"player_choice":"Card Removal","damage_taken":0,"max_hp_gain":0,"max_hp_loss":0,"event_name":"The Cleric","floor":5,"gold_loss":50},{"damage_healed":0,"gold_gain":0,"player_choice":"Grow","damage_taken":0,"max_hp_gain":0,"max_hp_loss":0,"event_name":"Living Wall","floor":7,"gold_loss":0,"cards_upgraded":["Vigilance"]},{"damage_healed":0,"gold_gain":0,"player_choice":"Ignored","damage_taken":0,"max_hp_gain":0,"max_hp_loss":0,"event_name":"Vampires","floor":19,"gold_loss":0},{"damage_healed":0,"gold_gain":0,"player_choice":"Upgraded","damage_taken":0,"max_hp_gain":0,"max_hp_loss":0,"event_name":"Upgrade Shrine","floor":20,"gold_loss":0,"cards_upgraded":["Adaptation"]},{"damage_healed":0,"gold_gain":0,"player_choice":"Ignored","damage_taken":0,"max_hp_gain":0,"max_hp_loss":0,"event_name":"Ghosts","floor":29,"gold_loss":0},{"damage_healed":0,"gold_gain":0,"player_choice":"Ignored","damage_taken":0,"max_hp_gain":0,"max_hp_loss":0,"event_name":"Tomb of Lord Red Mask","floor":36,"gold_loss":0},{"damage_healed":0,"gold_gain":0,"player_choice":"Fight","damage_taken":0,"max_hp_gain":0,"max_hp_loss":0,"event_name":"MindBloom","floor":41,"gold_loss":0},{"damage_healed":0,"gold_gain":0,"player_choice":"Memory 1","damage_taken":0,"max_hp_gain":0,"max_hp_loss":0,"event_name":"SensoryStone","floor":45,"gold_loss":0}],"is_beta":false,"boss_relics":[{"not_picked":["Calling Bell","Ectoplasm"],"picked":"Philosopher\u0027s Stone"},{"not_picked":["Astrolabe","Tiny House"],"picked":"Fusion Hammer"}],"items_purged_floors":[0],"is_endless":false,"potions_floor_spawned":[3,10,12,21,27,28,31,33,37,46,47],"ascension_level":0}}