{"host":"caimxuaynv936xwp","time":1610622119,"event":{"mods":["Arknights The Spire","BaseMod","Marisa£¨Ùöéë¡¡Øª×âÞÞ£©","Minty Spire (QoL Compilation)","Prisma Mod","Reimu£¨ÚÏ???£©","Remilia£¨?Ú·×é?£©","Say the Spire","Spicy Shops","StSLib","The Servant 0.9.4","Waifu the Spire","WarShipGirlsR/??á´Ò³R mod","Yakumo Yukari mod"],"gold_per_floor":[109,184,35,35,49,78,96,106,158,158,158,174,24,38,38,139,139,159,187,200,30,47,47,47],"floor_reached":23,"language":"KOR","playtime":1087,"items_purged":["Regret"],"score":218,"play_id":"05a6071c-914e-47d4-aa7f-640a93181737","local_time":"20210114200159","is_ascension_mode":false,"campfire_choices":[{"data":"rmod:highspeedmaneuver","floor":11,"key":"SMITH"},{"floor":15,"key":"REST"}],"circlet_count":0,"master_deck":["rmod:strick","rmod:strick","rmod:strick","rmod:strick+1","rmod:defend","rmod:defend","rmod:defend","rmod:defend","rmod:basicallowance","rmod:maingunfire+1","rmod:diamondstrike","rmod:ammunitionsupply","rmod:highspeedmaneuver+1","rmod:circuitoustactics","rmod:ammunitionsupply","rmod:fletcherpendant+1","rmod:expedition","rmod:acesubmarine+1","rmod:goodfighter+1","rmod:rockthrower+1","rmod:fletcherpendant+1","Dramatic Entrance+1","rmod:maintain"],"relics":["rmod:firstchargereward","NeowsBlessing","RuthlessExorcism:ReiMu","Sundial","Whetstone","Bag of Preparation","Molten Egg 2","HandDrill","SlaversCollar","Red Mask"],"acts_visited":["Exordium","TheCity"],"potions_floor_usage":[16,23],"damage_taken":[{"damage":0,"enemies":"Jaw Worm","floor":1,"turns":1},{"damage":0,"enemies":"2 Louse","floor":5,"turns":1},{"damage":0,"enemies":"Lagavulin","floor":6,"turns":1},{"damage":0,"enemies":"Small Slimes","floor":7,"turns":1},{"damage":0,"enemies":"Blue Slaver","floor":8,"turns":3},{"damage":23,"enemies":"Exordium Thugs","floor":12,"turns":5},{"damage":4,"enemies":"3 Louse","floor":14,"turns":2},{"damage":9,"enemies":"Hexaghost","floor":16,"turns":8},{"damage":7,"enemies":"Chosen","floor":18,"turns":3},{"damage":25,"enemies":"Masked Bandits","floor":19,"turns":4},{"damage":12,"enemies":"Shell Parasite","floor":20,"turns":2},{"damage":0,"enemies":"Sentry and Sphere","floor":22,"turns":2},{"damage":36,"enemies":"Gremlin Leader","floor":23,"turns":4}],"seed_played":"-7119927139285915048","potions_obtained":[{"floor":6,"key":"CultistPotion"},{"floor":7,"key":"LiquidMemories"},{"floor":8,"key":"Weak Potion"},{"floor":19,"key":"DuplicationPotion"},{"floor":20,"key":"Fire Potion"}],"is_trial":false,"path_per_floor":["M","?","$","?","M","E","M","M","T","?","R","M","$","M","R","B",null,"M","?","M","$","M","E"],"character_chosen":"PRAEFECT","items_purchased":["RuthlessExorcism:ReiMu","HandDrill","Dramatic Entrance+1"],"campfire_rested":1,"item_purchase_floors":[3,13,21],"current_hp_per_floor":[75,64,64,57,57,57,57,57,57,57,57,34,34,30,52,43,75,68,43,31,31,31,0,0],"gold":47,"neow_bonus":"THREE_ENEMY_KILL","is_daily":false,"chose_seed":false,"campfire_upgraded":1,"win_rate":0.0,"timestamp":1610622119,"path_taken":["M","?","$","?","M","E","M","M","T","?","R","M","?","?","R","BOSS","M","?","M","$","M","E"],"items_purchased_type":["Relic","Relic","Card"],"build_version":"2020-12-22","purchased_purges":1,"victory":false,"max_hp_per_floor":[75,75,75,75,75,75,75,75,75,75,75,75,75,75,75,75,75,75,75,75,75,75,75,75],"card_choices":[{"not_picked":["rmod:firesupport","rmod:supportescort"],"picked":"rmod:diamondstrike","floor":1},{"not_picked":["rmod:aluminumsupply","rmod:intelligenceanalysis"],"picked":"rmod:ammunitionsupply","floor":5},{"not_picked":["rmod:goodsister","rmod:expeditionaryescort"],"picked":"rmod:highspeedmaneuver","floor":6},{"not_picked":["rmod:spoils","rmod:luckystar"],"picked":"rmod:circuitoustactics","floor":7},{"not_picked":["rmod:steelsupply","rmod:aluminumsupply"],"picked":"rmod:ammunitionsupply","floor":8},{"not_picked":["rmod:robin","rmod:sl"],"picked":"rmod:fletcherpendant+1","floor":12},{"not_picked":["rmod:punchline","rmod:aluminumsupply"],"picked":"rmod:expedition","floor":14},{"not_picked":["rmod:abidefaith","rmod:fletcher+1"],"picked":"rmod:acesubmarine+1","floor":16},{"not_picked":["rmod:ammunitionsupply","rmod:circuitoustactics"],"picked":"rmod:goodfighter+1","floor":18},{"not_picked":["rmod:intelligenceanalysis+1","rmod:circuitoustactics"],"picked":"rmod:rockthrower+1","floor":19},{"not_picked":["rmod:rockthrower+1","rmod:steelsupply"],"picked":"rmod:fletcherpendant+1","floor":20},{"not_picked":["rmod:unsinkable","rmod:diaomin"],"picked":"rmod:maintain","floor":22}],"player_experience":300334,"relics_obtained":[{"floor":6,"key":"Whetstone"},{"floor":9,"key":"Bag of Preparation"},{"floor":19,"key":"Red Mask"}],"event_choices":[{"damage_healed":0,"gold_gain":75,"player_choice":"Gather Gold","damage_taken":11,"max_hp_gain":0,"max_hp_loss":0,"event_name":"World of Goop","floor":2,"gold_loss":0},{"damage_healed":0,"gold_gain":0,"player_choice":"Success","damage_taken":7,"relics_obtained":["Sundial"],"max_hp_gain":0,"max_hp_loss":0,"event_name":"Scrap Ooze","floor":4,"gold_loss":0},{"damage_healed":0,"gold_gain":0,"player_choice":"Box","damage_taken":0,"relics_obtained":["Molten Egg 2"],"max_hp_gain":0,"max_hp_loss":0,"event_name":"Big Fish","floor":10,"gold_loss":0,"cards_obtained":["Regret"]},{"damage_healed":0,"gold_gain":0,"player_choice":"Fought Bandits","damage_taken":0,"max_hp_gain":0,"max_hp_loss":0,"event_name":"Masked Bandits","floor":19,"gold_loss":0}],"is_beta":false,"boss_relics":[{"not_picked":["rmod:monthlycard","Tiny House"],"picked":"SlaversCollar"}],"items_purged_floors":[21],"is_endless":false,"potions_floor_spawned":[6,7,8,19,20],"killed_by":"Gremlin Leader","ascension_level":0}}