{"host":"56ghxnzsglgdq727","time":1610641723,"event":{"mods":["AchievementEnabler","BaseMod","Downfall","Duelist Mod","Minty Spire (QoL Compilation)","Rare Cards Sparkle","StSLib","The Bug Knight","The Exalted","The Senshi","The Wild Card"],"gold_per_floor":[139,152,152,162,145,168,168,163,163,183,27,41,41,41,41,137,137,149,149,194,61,80,115,115,115],"floor_reached":24,"language":"ENG","playtime":2509,"items_purged":["theDuelist:CursedBill"],"score":329,"play_id":"6037949e-21c5-4725-a87d-8471305238cf","local_time":"20210114112843","is_ascension_mode":true,"campfire_choices":[{"data":"theDuelist:StrayLambs","floor":7,"key":"SMITH"},{"floor":13,"key":"REST"},{"floor":15,"key":"REST"}],"circlet_count":0,"master_deck":["theDuelist:GreenGadget","theDuelist:MachineKingPrototype+1","theDuelist:Deskbot005","theDuelist:CatapultTurtle","theDuelist:OrcustCrescendo","theDuelist:Deskbot004","theDuelist:Deskbot004","theDuelist:Nameless:Magic:GravityLash+1","theDuelist:Biofalcon","theDuelist:ParallelPortArmor+4","theDuelist:Deskbot005","theDuelist:ScrapBeast","theDuelist:StrayLambs+1","theDuelist:MachineKingPrototype+1","theDuelist:ArtifactIgnition","theDuelist:BlastJuggler+1","theDuelist:AllySalvo+1","theDuelist:MetalDragon+1","theDuelist:FlyingPegasus+1","theDuelist:Nameless:Magic:GravityLash+1","theDuelist:SolemnWarning","theDuelist:JunkKuriboh+1"],"relics":["theDuelist:MillenniumPuzzle","theDuelist:CardPoolRelic","theDuelist:CardPoolBasicRelic","theDuelist:BoosterPackPoolRelic","theDuelist:CardPoolAddRelic","theDuelist:CardPoolMinusRelic","theDuelist:CardPoolSaveRelic","theDuelist:CardPoolOptionsRelic","theDuelist:MillenniumRod","Happy Flower","Molten Egg 2","theDuelist:MillenniumPrayerbook","Pandora\u0027s Box","TungstenRod","theDuelist:BrazeToken","Incense Burner","Eternal Feather"],"acts_visited":["Exordium","TheCity"],"potions_floor_usage":[6,6,10,10,12,22,24],"damage_taken":[{"damage":0,"enemies":"Cultist","floor":1,"turns":4},{"damage":7,"enemies":"Jaw Worm","floor":2,"turns":3},{"damage":0,"enemies":"Small Slimes","floor":4,"turns":3},{"damage":2,"enemies":"2 Fungi Beasts","floor":5,"turns":4},{"damage":38,"enemies":"3 Sentries","floor":6,"turns":13},{"damage":10,"enemies":"Blue Slaver","floor":8,"turns":6},{"damage":20,"enemies":"Gremlin Nob","floor":10,"turns":6},{"damage":9,"enemies":"Exordium Thugs","floor":12,"turns":5},{"damage":38,"enemies":"The Guardian","floor":16,"turns":13},{"damage":9,"enemies":"Chosen","floor":18,"turns":5},{"damage":39,"enemies":"Chosen","floor":20,"turns":10},{"damage":8,"enemies":"Spheric Guardian","floor":21,"turns":8},{"damage":14,"enemies":"Centurion and Healer","floor":22,"turns":5},{"damage":0,"enemies":"Gremlin Leader","floor":23,"turns":6},{"damage":9,"enemies":"3 Cultists","floor":24,"turns":4}],"seed_played":"4843556009525998035","potions_obtained":[{"floor":4,"key":"ColorlessPotion"},{"floor":5,"key":"SkillPotion"},{"floor":6,"key":"theDuelist:WhiteBottle"},{"floor":8,"key":"theDuelist:MayhemPotion"},{"floor":10,"key":"SpeedPotion"},{"floor":20,"key":"Block Potion"},{"floor":21,"key":"theDuelist:StunPotion"},{"floor":23,"key":"FearPotion"}],"is_trial":false,"path_per_floor":["M","M","?","M","M","E","R","M","T","E","$","M","R","?","R","B",null,"M","?","?","M","M","E","M"],"character_chosen":"THE_DUELIST","items_purchased":["theDuelist:CatapultTurtle"],"campfire_rested":2,"item_purchase_floors":[11],"current_hp_per_floor":[88,81,81,81,79,41,41,31,31,11,11,2,28,39,68,30,99,90,90,51,43,29,29,20,20],"gold":115,"neow_bonus":"TEN_PERCENT_HP_BONUS","is_daily":false,"chose_seed":false,"campfire_upgraded":1,"win_rate":0.0,"timestamp":1610641723,"path_taken":["M","?","?","?","M","E","R","M","T","E","$","M","R","?","R","BOSS","M","?","?","M","M","E","M"],"items_purchased_type":["Card"],"build_version":"2020-12-22","purchased_purges":1,"victory":false,"max_hp_per_floor":[88,88,88,88,88,88,88,88,88,88,88,88,88,99,99,99,99,99,99,99,99,99,99,99,99],"card_choices":[{"not_picked":["theDuelist:Geargiauger","theDuelist:DoubleTool","theDuelist:AncientGearChimera","theDuelist:AncientGearReactorDragon"],"picked":"theDuelist:ScrapBeast","floor":1},{"not_picked":["theDuelist:Oilman","theDuelist:BlackSalvo","theDuelist:BlastAsmodian","theDuelist:CemetaryBomb"],"picked":"theDuelist:ParallelPortArmor","floor":2},{"not_picked":["theDuelist:SatelliteCannon+1","theDuelist:FlyingPegasus+1"],"picked":"theDuelist:MachineKingPrototype+1","floor":4},{"not_picked":["theDuelist:PlatinumGadget","theDuelist:Submarineroid","theDuelist:AncientGearReactorDragon","theDuelist:NightmareWheel"],"picked":"theDuelist:OrcustCrescendo","floor":5},{"not_picked":["theDuelist:JunkSpeeder","theDuelist:BlockGolem","theDuelist:Kuriboh","theDuelist:SystemDown"],"picked":"theDuelist:StrayLambs","floor":6},{"not_picked":["theDuelist:ScrapBeast","theDuelist:StimPack","theDuelist:JunkWarrior","theDuelist:CardsFromTheSky","theDuelist:Deskbot001"],"picked":"SKIP","floor":8},{"not_picked":["theDuelist:DoubleTool+1","theDuelist:CoreBlaster+1","theDuelist:StimPack","theDuelist:CardsFromTheSky","theDuelist:AncientGearWorkshop"],"picked":"SKIP","floor":10},{"not_picked":["theDuelist:SparkBlaster+1","theDuelist:ParallelPortArmor","theDuelist:DoubleTool+1","theDuelist:CoreBlaster+1","theDuelist:AncientGearFist+1"],"picked":"SKIP","floor":12},{"not_picked":["theDuelist:PlatinumGadget+1","theDuelist:MachineKing+1","theDuelist:GoldGadget","theDuelist:Deskbot009"],"picked":"theDuelist:MachineKingPrototype+1","floor":16},{"not_picked":["theDuelist:Deskbot004+1","theDuelist:Biofalcon+1","theDuelist:Tuningware","theDuelist:Deskbot003"],"picked":"theDuelist:FlyingPegasus+1","floor":18},{"not_picked":["theDuelist:ZONE+1","theDuelist:StimPack","theDuelist:DarkFactory","theDuelist:DoubleTool+1"],"picked":"theDuelist:Nameless:Magic:GravityLash+1","floor":21},{"not_picked":["theDuelist:Deskbot007+1","theDuelist:MetalDragon+1","theDuelist:Shekhinaga+1","theDuelist:Deskbot009"],"picked":"theDuelist:SolemnWarning","floor":22},{"not_picked":["theDuelist:GenexAllyBirdman+1","theDuelist:DoubleTool+1","theDuelist:ScrapIronScarecrow","theDuelist:MachineFactory"],"picked":"theDuelist:JunkKuriboh+1","floor":23}],"player_experience":247235,"relics_obtained":[{"floor":6,"key":"Happy Flower"},{"floor":9,"key":"Molten Egg 2"},{"floor":10,"key":"theDuelist:MillenniumPrayerbook"},{"floor":20,"key":"TungstenRod"},{"floor":20,"key":"theDuelist:BrazeToken"},{"floor":20,"key":"Incense Burner"},{"floor":23,"key":"Eternal Feather"}],"event_choices":[{"damage_healed":0,"gold_gain":0,"player_choice":"Took item - Received: Millennium Rod","duelist":true,"damage_taken":0,"max_hp_gain":0,"max_hp_loss":0,"event_name":"Millennium Items","floor":3,"gold_loss":0},{"total_magic_score":72,"gold_gain":0,"duelist":true,"damage_taken":0,"relics_obtained":[],"points":13,"max_hp_gain":11,"max_hp_loss":0,"spent_points":{"magic":4,"greed":0,"war":0,"power":4,"hunger":4},"event_name":"Nameless Tomb","hunger_reward":4,"floor":14,"gold_loss":0,"magic_reward":4,"cards_obtained":["theDuelist:Nameless:Magic:GravityLash"]},{"damage_healed":0,"gold_gain":0,"player_choice":"Ignored","damage_taken":0,"max_hp_gain":0,"max_hp_loss":0,"event_name":"Vampires","floor":19,"gold_loss":0},{"damage_healed":0,"gold_gain":0,"player_choice":"Fight","duelist":true,"damage_taken":0,"max_hp_gain":0,"max_hp_loss":0,"event_name":"Battle City","floor":20,"gold_loss":0}],"is_beta":false,"boss_relics":[{"not_picked":["Fusion Hammer","HoveringKite"],"picked":"Pandora\u0027s Box"}],"items_purged_floors":[11],"is_endless":false,"potions_floor_spawned":[4,5,6,8,10,20,21,23],"killed_by":"3 Cultists","ascension_level":4}}