{"host":"krqozg1tp0zpuvz3","time":1610632689,"event":{"mods":["AchievementEnabler","BaseMod","Better Altar","Better Match","Better Note","Better Sensory Stone","Better Third Choice","BetterRewards","Colored Map","DeckTracker","Keyboard Shortcuts","Minty Spire (QoL Compilation)","Permanent Neow","Relic Stats","Shop Mod","StSLib","SuperFastMode"],"gold_per_floor":[116,116,116,39,53,53,88,88,88,98,98,122,122,166,166,261,324,348,18,34,34,49,49,49,49,72,72,105,128,128,142,142,142,142],"floor_reached":33,"language":"KOR","playtime":861,"items_purged":["Strike_B"],"score":532,"play_id":"1c6d2d09-385c-4650-913c-443dd2d759bd","local_time":"20210114225809","is_ascension_mode":true,"campfire_choices":[{"floor":6,"key":"REST"},{"data":"Static Discharge","floor":13,"key":"SMITH"},{"floor":15,"key":"REST"},{"floor":23,"key":"REST"},{"floor":25,"key":"REST"},{"data":"Static Discharge","floor":30,"key":"SMITH"},{"floor":32,"key":"REST"}],"circlet_count":0,"master_deck":["AscendersBane","Strike_B+1","Strike_B","Strike_B","Defend_B","Defend_B","Defend_B","Defend_B","Zap","Dualcast","Self Repair","Go for the Eyes","Genetic Algorithm+1","Conserve Battery","Static Discharge+1","White Noise","BootSequence","Buffer","Injury","Sweeping Beam","Chill","Thunder Strike","Turbo","Static Discharge+1","BootSequence","Stack","Blind","Impatience","Seek","Compile Driver"],"relics":["Cracked Core","Bird Faced Urn","Bag of Preparation","GremlinMask","Bottled Tornado","Golden Idol","Bronze Scales","Tiny House","Thread and Needle","Nilry\u0027s Codex","MealTicket","Orichalcum"],"acts_visited":["Exordium","TheCity"],"potions_floor_usage":[14,22,28],"damage_taken":[{"damage":10,"enemies":"Jaw Worm","floor":1,"turns":4},{"damage":1,"enemies":"2 Louse","floor":5,"turns":4},{"damage":10,"enemies":"3 Sentries","floor":7,"turns":3},{"damage":0,"enemies":"Cultist","floor":10,"turns":4},{"damage":9,"enemies":"Blue Slaver","floor":12,"turns":4},{"damage":33,"enemies":"Gremlin Nob","floor":14,"turns":5},{"damage":20,"enemies":"The Guardian","floor":16,"turns":11},{"damage":19,"enemies":"Spheric Guardian","floor":18,"turns":5},{"damage":24,"enemies":"2 Thieves","floor":20,"turns":4},{"damage":30,"enemies":"3 Cultists","floor":22,"turns":5},{"damage":32,"enemies":"Book of Stabbing","floor":28,"turns":4},{"damage":14,"enemies":"Cultist and Chosen","floor":29,"turns":5},{"damage":37,"enemies":"Centurion and Healer","floor":31,"turns":5},{"damage":69,"enemies":"Automaton","floor":33,"turns":6}],"seed_played":"7676711821474512226","potions_obtained":[{"floor":1,"key":"SneckoOil"},{"floor":14,"key":"LiquidMemories"},{"floor":17,"key":"Ancient Potion"},{"floor":22,"key":"CultistPotion"},{"floor":28,"key":"Energy Potion"}],"is_trial":false,"path_per_floor":["M","?","?","$","M","R","E","?","T","M","?","M","R","E","R","B",null,"M","$","M","?","M","R","$","R","T","?","E","M","R","M","R","B"],"character_chosen":"DEFECT","items_purchased":["Self Repair","Go for the Eyes","Genetic Algorithm","Static Discharge","Thread and Needle"],"campfire_rested":5,"item_purchase_floors":[0,0,0,4,19],"current_hp_per_floor":[31,31,31,31,41,62,65,65,65,69,69,71,71,45,66,60,73,68,68,59,38,16,38,38,60,60,60,49,58,58,25,47,0,0],"gold":142,"neow_bonus":"","is_daily":false,"chose_seed":false,"campfire_upgraded":2,"win_rate":0.0,"timestamp":1610632689,"path_taken":["M","?","?","$","M","R","E","?","T","?","?","M","R","E","R","BOSS","M","$","M","?","M","R","$","R","T","?","E","M","R","M","R","BOSS"],"items_purchased_type":["Card","Card","Card","Card","Relic"],"build_version":"2020-12-22","purchased_purges":1,"victory":false,"max_hp_per_floor":[71,71,71,71,71,71,71,71,71,71,71,71,71,71,71,71,76,76,76,76,76,76,76,76,76,76,76,76,76,76,76,76,76,76],"relic_stats":{"counters":[17,78],"Golden Idol":72,"Bird Faced Urn":[100],"Bronze Scales":[159],"MealTicket":0,"Bag of Preparation":[22],"Orichalcum":[36],"obtain_stats":[{"Tiny House":17,"Gremlin Horn":0,"Torii":0,"Nilry\u0027s Codex":21,"StoneCalendar":0,"GremlinMask":8,"Incense Burner":0,"Runic Capacitor":0,"Bag of Preparation":0,"Bottled Tornado":9,"Frozen Eye":0,"Centennial Puzzle":0,"Lizard Tail":0,"Shovel":0,"Prayer Wheel":0,"MealTicket":26,"WingedGreaves":0,"Necronomicon":0,"HandDrill":0,"Cracked Core":0,"Girya":0,"Golden Idol":11,"Oddly Smooth Stone":0,"Thread and Needle":19,"Frozen Egg 2":0,"Orichalcum":28,"Mercury Hourglass":0,"Anchor":0,"CaptainsWheel":0,"DataDisk":0,"Bird Faced Urn":0,"Bronze Scales":14,"Turnip":0,"Membership Card":0,"Unceasing Top":0,"FossilizedHelix":0,"Meat on the Bone":0},{"Tiny House":10,"Gremlin Horn":0,"Torii":0,"Nilry\u0027s Codex":12,"StoneCalendar":0,"GremlinMask":6,"Incense Burner":0,"Runic Capacitor":0,"Bag of Preparation":0,"Bottled Tornado":6,"Frozen Eye":0,"Centennial Puzzle":0,"Lizard Tail":0,"Shovel":0,"Prayer Wheel":0,"MealTicket":13,"WingedGreaves":0,"Necronomicon":0,"HandDrill":0,"Cracked Core":0,"Girya":0,"Golden Idol":7,"Oddly Smooth Stone":0,"Thread and Needle":11,"Frozen Egg 2":0,"Orichalcum":14,"Mercury Hourglass":0,"Anchor":0,"CaptainsWheel":0,"DataDisk":0,"Bird Faced Urn":3,"Bronze Scales":9,"Turnip":0,"Membership Card":0,"Unceasing Top":0,"FossilizedHelix":0,"Meat on the Bone":0},{"Tiny House":44,"Gremlin Horn":0,"Torii":0,"Nilry\u0027s Codex":53,"StoneCalendar":0,"GremlinMask":20,"Incense Burner":0,"Runic Capacitor":0,"Bag of Preparation":0,"Bottled Tornado":20,"Frozen Eye":0,"Centennial Puzzle":0,"Lizard Tail":0,"Shovel":0,"Prayer Wheel":0,"MealTicket":58,"WingedGreaves":0,"Necronomicon":0,"HandDrill":0,"Cracked Core":0,"Girya":0,"Golden Idol":24,"Oddly Smooth Stone":0,"Thread and Needle":49,"Frozen Egg 2":0,"Orichalcum":62,"Mercury Hourglass":0,"Anchor":0,"CaptainsWheel":0,"DataDisk":0,"Bird Faced Urn":9,"Bronze Scales":33,"Turnip":0,"Membership Card":0,"Unceasing Top":0,"FossilizedHelix":0,"Meat on the Bone":0}]},"card_choices":[{"not_picked":["Aggregate","Rebound"],"picked":"Conserve Battery","floor":1},{"not_picked":["Rebound","Leap"],"picked":"White Noise","floor":5},{"not_picked":["Go for the Eyes","Stack"],"picked":"BootSequence","floor":7},{"not_picked":["Force Field","Coolheaded"],"picked":"Buffer","floor":10},{"not_picked":["Recycle","Blizzard"],"picked":"Sweeping Beam","floor":12},{"not_picked":["Go for the Eyes","Doom and Gloom"],"picked":"Chill","floor":14},{"not_picked":["Fission","Machine Learning"],"picked":"Thunder Strike","floor":16},{"not_picked":["BootSequence","Leap"],"picked":"Turbo","floor":17},{"not_picked":["Compile Driver","Turbo"],"picked":"Static Discharge","floor":18},{"not_picked":["Aggregate","Chaos"],"picked":"BootSequence","floor":20},{"not_picked":["Steam","Turbo"],"picked":"Stack","floor":22},{"not_picked":["Impatience","Mind Blast"],"picked":"Blind","floor":27},{"not_picked":["Secret Technique","Finesse"],"picked":"Impatience","floor":27},{"not_picked":["Force Field","Coolheaded"],"picked":"Seek","floor":28},{"not_picked":["Streamline","Darkness+1"],"picked":"Compile Driver","floor":29},{"not_picked":["Sweeping Beam+1","Cold Snap","Beam Cell"],"picked":"SKIP","floor":31}],"player_experience":290503,"relics_obtained":[{"floor":7,"key":"Bag of Preparation"},{"floor":9,"key":"Bottled Tornado"},{"floor":14,"key":"Bronze Scales"},{"floor":21,"key":"Nilry\u0027s Codex"},{"floor":26,"key":"MealTicket"},{"floor":28,"key":"Orichalcum"}],"event_choices":[{"damage_healed":0,"gold_gain":0,"player_choice":"LEAVE","damage_taken":0,"max_hp_gain":0,"max_hp_loss":0,"event_name":"betterThird:BetterScrap","floor":2,"gold_loss":0,"cards_obtained":["Berserk"]},{"damage_healed":0,"gold_gain":0,"player_choice":"Grow","damage_taken":0,"max_hp_gain":0,"max_hp_loss":0,"event_name":"Living Wall","floor":3,"gold_loss":0,"cards_upgraded":["Genetic Algorithm"]},{"damage_healed":0,"gold_gain":0,"player_choice":"Trade","damage_taken":0,"relics_obtained":["GremlinMask"],"max_hp_gain":0,"max_hp_loss":0,"event_name":"FaceTrader","floor":8,"gold_loss":0},{"damage_healed":0,"gold_gain":0,"player_choice":"Take Wound","damage_taken":0,"relics_obtained":["Golden Idol"],"max_hp_gain":0,"max_hp_loss":0,"event_name":"Golden Idol","floor":11,"gold_loss":0,"cards_obtained":["Injury"]},{"damage_healed":0,"gold_gain":0,"player_choice":"Obtained Book","damage_taken":21,"max_hp_gain":0,"max_hp_loss":0,"event_name":"Cursed Tome","floor":21,"gold_loss":0},{"damage_healed":0,"gold_gain":2,"player_choice":"1","damage_taken":0,"max_hp_gain":0,"max_hp_loss":0,"event_name":"betterStone:BetterStone","floor":27,"gold_loss":0}],"is_beta":false,"boss_relics":[{"not_picked":["Snecko Eye","Black Star"],"picked":"Tiny House"}],"items_purged_floors":[0],"is_endless":false,"potions_floor_spawned":[1,14,22,28,29],"killed_by":"Automaton","ascension_level":19}}