{"host":"7uuqqk35leady37t","time":1610610056,"event":{"mods":["BaseMod","Colored Map","Colored Powertips","Downfall","Marisa£®ÏF”Í°°ƒß¿Ì…≥£©","Minty Spire (QoL Compilation)","Relic Stats","Remilia£®¿Ÿ√◊¿Ú—«£©","Replay The Spire","Robot Space Explorer","StSLib","The Bug Knight","The Servant 0.9.4","UnlockEverythingMod","Waifu the Spire","Yuri Mod","[IsaacMod]“‘»ˆº‚À˛"],"gold_per_floor":[138,159,0,0,46,46,118,118,118,118,166,194,194],"floor_reached":12,"language":"ZHS","playtime":318,"items_purged":["Strike_B"],"score":136,"play_id":"24de4c27-bd24-497e-8281-fff14c581495","local_time":"20210114154056","is_ascension_mode":true,"campfire_choices":[{"data":"BettingIsNotGood","floor":6,"key":"SMITH"},{"floor":8,"key":"REST"}],"circlet_count":0,"master_deck":["AscendersBane","Strike_B","Strike_B","Defend_B","Defend_B","Defend_B","Defend_B","Zap","Dualcast","BettingIsNotGood+1","Ball Lightning","Turbo","Capacitor","Amplify","Consume","Storm"],"relics":["Cracked Core","HushsDoor","SalivaCoin"],"acts_visited":["Exordium"],"potions_floor_usage":[5],"damage_taken":[{"damage":10,"enemies":"Cultist","floor":1,"turns":4},{"damage":3,"enemies":"2 Louse","floor":2,"turns":2},{"damage":14,"enemies":"Jaw Worm","floor":5,"turns":4},{"damage":40,"enemies":"Exordium Thugs","floor":7,"turns":5},{"damage":25,"enemies":"3 Sentries","floor":12,"turns":4}],"seed_played":"3323067435942824575","potions_obtained":[{"floor":2,"key":"FearPotion"}],"is_trial":false,"path_per_floor":["M","M","$","?","M","R","M","R","PTL","PTL","T","E"],"character_chosen":"DEFECT","items_purchased":["Capacitor"],"campfire_rested":1,"item_purchase_floors":[3],"current_hp_per_floor":[61,58,58,58,44,44,4,27,27,27,27,12,12],"gold":194,"neow_bonus":"TEN_PERCENT_HP_BONUS","is_daily":false,"chose_seed":false,"campfire_upgraded":1,"win_rate":0.0,"timestamp":1610610056,"path_taken":["M","?","$","?","?","R","M","R","PTL","PTL","T","E"],"items_purchased_type":["Card"],"build_version":"2020-12-22","purchased_purges":1,"victory":false,"max_hp_per_floor":[78,78,78,78,78,78,78,78,78,78,78,78,78],"relic_stats":{"counters":[5,19],"obtain_stats":[{"KeepersGift":0,"SalivaCoin":0,"Cracked Core":0,"HushsDoor":0},{"KeepersGift":0,"SalivaCoin":0,"Cracked Core":0,"HushsDoor":0},{"KeepersGift":0,"SalivaCoin":0,"Cracked Core":0,"HushsDoor":0}]},"card_choices":[{"not_picked":[],"picked":"BettingIsNotGood","floor":0},{"not_picked":["Steam","ReplayTheSpireMod:System Scan"],"picked":"Ball Lightning","floor":1},{"not_picked":["Go for the Eyes","Tempest"],"picked":"Turbo","floor":2},{"not_picked":["Hello World","Coolheaded"],"picked":"Consume","floor":5},{"not_picked":["Scrape","ReplayTheSpireMod:Reroute Power"],"picked":"Storm","floor":7}],"player_experience":54636,"relics_obtained":[],"event_choices":[{"damage_healed":0,"gold_gain":0,"cards_transformed":["Strike_B"],"player_choice":"Change","damage_taken":0,"max_hp_gain":0,"max_hp_loss":0,"event_name":"Living Wall","floor":4,"gold_loss":0,"cards_obtained":["Amplify"]}],"is_beta":false,"boss_relics":[],"items_purged_floors":[3],"is_endless":false,"potions_floor_spawned":[2],"killed_by":"3 Sentries","ascension_level":20}}