{"host":"jf9sa0j18a3cnoxw","time":1610589770,"event":{"mods":["Act Like it!","BaseMod","Duelist Mod","Minty Spire (QoL Compilation)","Relic Stats","Replay The Spire","StSLib","The Bug Knight"],"gold_per_floor":[110,120,120,120,39,39,73,98,176,215,215,215,215,242,242,365,365,384,44,68,68,68],"floor_reached":21,"language":"ENG","playtime":1578,"items_purged":[],"score":210,"play_id":"5cfc994f-5107-4a6b-9281-2a6b1cf9f740","local_time":"20210113210250","is_ascension_mode":false,"campfire_choices":[{"data":"HollowMod:MothsMistake","floor":6,"key":"SMITH"},{"floor":15,"key":"REST"}],"circlet_count":0,"master_deck":["HollowMod:NailStrikeStart","HollowMod:NailStrikeStart+1","HollowMod:NailStrikeStart","HollowMod:QuickDashStart","HollowMod:QuickDashStart","HollowMod:QuickDashStart","HollowMod:QuickDashStart","HollowMod:FocusHealStart","HollowMod:PogoStrike","HollowMod:InfectedAttack","HollowMod:InfectedCysts","HollowMod:SiblingsShadow","HollowMod:MothsMistake+1","HollowMod:DashSlash","HollowMod:BrokenVessel","HollowMod:QuirrelsAssistance","Languid","HollowMod:CloakDash","HollowMod:PureVessel","HollowMod:CloakDash","HollowMod:InfectionAssault","HollowMod:TaintedHusks"],"relics":["HollowMod:VesselMask","NeowsBlessing","Golden Idol","ReplayFunnel","Mirror","Dream Catcher","Ring of Misfortune","ReplayTheSpireMod:Ring of Collecting","Ring of Searing","Toy Ornithopter","SlaversCollar","FossilizedHelix"],"acts_visited":["Exordium","TheCity"],"potions_floor_usage":[16,16,21],"damage_taken":[{"damage":0,"enemies":"Jaw Worm","floor":1,"turns":1},{"damage":0,"enemies":"2 Louse","floor":2,"turns":1},{"damage":0,"enemies":"Lagavulin","floor":7,"turns":2},{"damage":15,"enemies":"Cultist","floor":8,"turns":3},{"damage":44,"enemies":"3 Sentries","floor":10,"turns":5},{"damage":36,"enemies":"The Guardian","floor":16,"turns":8},{"damage":37,"enemies":"Shell Parasite","floor":18,"turns":5},{"damage":22,"enemies":"Spheric Guardian","floor":20,"turns":5},{"damage":32,"enemies":"Centurion and Healer","floor":21,"turns":4}],"seed_played":"-8305996508817204117","potions_obtained":[{"floor":7,"key":"Elixir"},{"floor":10,"key":"Weak Potion"},{"floor":18,"key":"Dexterity Potion"}],"is_trial":false,"path_per_floor":["M","M","?","?","$","R","E","M","T","E","?","?","?","T","R","B",null,"M","$","M","M"],"character_chosen":"THE_BUGKNIGHT","items_purchased":["HollowMod:MothsMistake","HollowMod:InfectionAssault","FossilizedHelix"],"campfire_rested":1,"item_purchase_floors":[5,19,19],"current_hp_per_floor":[75,75,57,57,57,57,57,42,42,4,4,4,9,9,33,19,80,49,49,27,0,0],"gold":68,"neow_bonus":"THREE_ENEMY_KILL","is_daily":false,"chose_seed":false,"campfire_upgraded":1,"win_rate":0.0,"timestamp":1610589770,"path_taken":["M","M","?","?","$","R","E","?","T","E","?","?","?","?","R","BOSS","M","$","M","M"],"items_purchased_type":["Card","Card","Relic"],"build_version":"2020-12-22","purchased_purges":0,"victory":false,"max_hp_per_floor":[75,75,75,75,75,75,75,75,75,75,75,75,80,80,80,80,80,80,80,80,80,80],"relic_stats":{"Dream Catcher":1,"counters":[9,34],"Golden Idol":54,"obtain_stats":[{"ReplayFunnel":7,"SlaversCollar":17,"Dream Catcher":10,"NeowsBlessing":0,"Golden Idol":3,"Ring of Misfortune":12,"ReplayTheSpireMod:Ring of Collecting":12,"HollowMod:VesselMask":0,"Mirror":9,"Toy Ornithopter":14,"FossilizedHelix":19,"Ring of Searing":14},{"ReplayFunnel":3,"SlaversCollar":6,"Dream Catcher":5,"NeowsBlessing":0,"Golden Idol":2,"Ring of Misfortune":5,"ReplayTheSpireMod:Ring of Collecting":5,"HollowMod:VesselMask":0,"Mirror":4,"Toy Ornithopter":5,"FossilizedHelix":7,"Ring of Searing":5},{"ReplayFunnel":4,"SlaversCollar":20,"Dream Catcher":12,"NeowsBlessing":0,"Golden Idol":2,"Ring of Misfortune":12,"ReplayTheSpireMod:Ring of Collecting":12,"HollowMod:VesselMask":0,"Mirror":7,"Toy Ornithopter":12,"FossilizedHelix":25,"Ring of Searing":12}],"Toy Ornithopter":15},"card_choices":[{"not_picked":["HollowMod:TaintedHusks","HollowMod:CornifersMapStart"],"picked":"HollowMod:InfectedAttack","floor":1},{"not_picked":["HollowMod:CrystalDash","HollowMod:NewLittleFool"],"picked":"HollowMod:InfectedCysts","floor":2},{"not_picked":["HollowMod:CrystalDash","HollowMod:VengefulSpirit"],"picked":"HollowMod:DashSlash","floor":7},{"not_picked":["HollowMod:BaldurShell","HollowMod:PureNailStrike"],"picked":"HollowMod:BrokenVessel","floor":8},{"not_picked":["HollowMod:BlackTendrils","HollowMod:CycloneSlash"],"picked":"HollowMod:QuirrelsAssistance","floor":10},{"not_picked":["HollowMod:MantisMark","HollowMod:DoubleDash"],"picked":"HollowMod:CloakDash","floor":15},{"not_picked":["HollowMod:ElderbugsWisdom","HollowMod:MidwifesHunger"],"picked":"HollowMod:PureVessel","floor":16},{"not_picked":["HollowMod:BaldurShell","HollowMod:CoiledNail"],"picked":"HollowMod:CloakDash","floor":18},{"not_picked":["HollowMod:ShadowDash+1","HollowMod:SiblingsSouls"],"picked":"HollowMod:TaintedHusks","floor":20}],"player_experience":107934,"relics_obtained":[{"floor":7,"key":"ReplayFunnel"},{"floor":9,"key":"Mirror"},{"floor":10,"key":"Dream Catcher"},{"floor":12,"key":"Ring of Misfortune"},{"floor":12,"key":"ReplayTheSpireMod:Ring of Collecting"},{"floor":14,"key":"Ring of Searing"},{"floor":14,"key":"Toy Ornithopter"}],"event_choices":[{"damage_healed":0,"gold_gain":0,"player_choice":"Take Damage","damage_taken":18,"relics_obtained":["Golden Idol"],"max_hp_gain":0,"max_hp_loss":0,"event_name":"Golden Idol","floor":3,"gold_loss":0},{"damage_healed":0,"gold_gain":0,"cards_transformed":["HollowMod:NailStrikeStart"],"player_choice":"Transformed","damage_taken":0,"max_hp_gain":0,"max_hp_loss":0,"event_name":"Transmorgrifier","floor":4,"gold_loss":0,"cards_obtained":["HollowMod:SiblingsShadow"]},{"damage_healed":0,"gold_gain":0,"player_choice":"Donut","damage_taken":0,"max_hp_gain":5,"max_hp_loss":0,"event_name":"Big Fish","floor":13,"gold_loss":0}],"is_beta":false,"boss_relics":[{"not_picked":["Busted Crown","ReplayTheSpireMod:DimensionalGlitch"],"picked":"SlaversCollar"}],"items_purged_floors":[],"is_endless":false,"potions_floor_spawned":[7,10,18],"killed_by":"Centurion and Healer","ascension_level":0}}