{"host":"8d3fefv2347kqkpz","time":1610668129,"event":{"mods":["100% Spire Juice","BaseMod","Better Vampires","Colored Map","Downfall","Minty Spire (QoL Compilation)","Quick Restart","Replay The Spire","StSLib","The Gatherer","Waifu the Spire"],"gold_per_floor":[117,136,148,159,169,169,169,169],"floor_reached":7,"language":"ZHS","playtime":468,"items_purged":[],"score":45,"play_id":"bea88044-ee8c-4d1f-8937-83384affe0ef","local_time":"20210115074849","is_ascension_mode":false,"campfire_choices":[{"floor":6,"key":"REST"}],"circlet_count":0,"master_deck":["Strike_G","Strike_G","Strike_G","Strike_G","Strike_G","Defend_G","Defend_G","Defend_G","Defend_G","Defend_G","Survivor","Neutralize","ReplayTheSpireMod:Speed Training","Deadly Poison","Infinite Blades","ReplayTheSpireMod:The Works","Noxious Fumes"],"relics":["Ring of the Snake"],"acts_visited":["Exordium"],"potions_floor_usage":[],"damage_taken":[{"damage":1,"enemies":"Cultist","floor":1,"turns":4},{"damage":11,"enemies":"Small Slimes","floor":2,"turns":4},{"damage":0,"enemies":"Jaw Worm","floor":3,"turns":5},{"damage":6,"enemies":"Blue Slaver","floor":4,"turns":4},{"damage":37,"enemies":"Exordium Wildlife","floor":5,"turns":11},{"damage":38,"enemies":"Lagavulin","floor":7,"turns":6}],"seed_played":"7033744828064204248","potions_obtained":[{"floor":3,"key":"SteroidPotion"},{"floor":4,"key":"Toxic Potion"}],"is_trial":false,"path_per_floor":["M","M","M","M","M","R","E"],"character_chosen":"THE_SILENT","items_purchased":[],"campfire_rested":1,"item_purchase_floors":[],"current_hp_per_floor":[69,58,58,52,15,36,0,0],"gold":169,"neow_bonus":"THREE_CARDS","is_daily":false,"chose_seed":false,"campfire_upgraded":0,"win_rate":0.0,"timestamp":1610668129,"path_taken":["M","M","M","M","M","R","E"],"items_purchased_type":[],"build_version":"2020-12-22","purchased_purges":0,"victory":false,"max_hp_per_floor":[70,70,70,70,70,70,70,70],"card_choices":[{"not_picked":["Cloak And Dagger","Dagger Throw"],"picked":"ReplayTheSpireMod:Speed Training","floor":1},{"not_picked":["Slice","Finisher"],"picked":"Deadly Poison","floor":2},{"not_picked":["Cloak And Dagger","Hidden Blade"],"picked":"Infinite Blades","floor":3},{"not_picked":["Acrobatics","Dagger Throw"],"picked":"ReplayTheSpireMod:The Works","floor":4},{"not_picked":["Leg Sweep","Dash"],"picked":"Noxious Fumes","floor":5}],"player_experience":68768,"relics_obtained":[],"event_choices":[],"is_beta":false,"boss_relics":[],"items_purged_floors":[],"is_endless":false,"potions_floor_spawned":[3,4],"killed_by":"Lagavulin","ascension_level":0}}