{"host":"3pvh99l9qedhoxgj","time":1610606114,"event":{"mods":["Alarm Clock","BaseMod","Colored Map","Colored Powertips","Conspire","Highlight Path","Infinite Spire","Minty Spire (QoL Compilation)","Relic Stats","Replay The Spire","StSLib","The Bug Knight","[功能]商店购物价格优惠80%","【遗物卡牌】REMEMod"],"gold_per_floor":[114,131,156,166,22,132,132,132],"floor_reached":7,"language":"ZHS","playtime":504,"items_purged":["Heavy Blade","Body Slam","Havoc","Outmaneuver","Recycle","REME_TheoryOfElimination","ReplayTheSpireMod:Private Reserves"],"score":102,"play_id":"292312a3-bc78-4977-a856-285075872fdb","local_time":"20210114143514","daily_mods":["Draft","Allstar","Red Cards","Green Cards","Blue Cards","Purple Cards","Colorless Cards","Heirloom","Flight","DeadlyEvents"],"is_ascension_mode":true,"campfire_choices":[],"circlet_count":0,"master_deck":["AscendersBane","Distraction","Cold Snap","Turbo","Discovery","Ball Lightning","ReplayTheSpireMod:Dual Polarity","Chaos","Loop","Run Through","Self Repair","Panic Button","Finesse","Go for the Eyes","Hello World"],"relics":["Cracked Core","REME_ComplimentaryCards","Shovel","ReplayFunnel","Blood Vial","Regal Pillow","Blue Candle"],"acts_visited":["Exordium"],"potions_floor_usage":[6,6],"damage_taken":[{"damage":4,"enemies":"Cultist","floor":1,"turns":3},{"damage":8,"enemies":"Jaw Worm","floor":2,"turns":3},{"damage":6,"enemies":"2 Louse","floor":4,"turns":2},{"damage":8,"enemies":"Lagavulin","floor":6,"turns":5},{"damage":59,"enemies":"Gremlin Nob","floor":7,"turns":3}],"seed_played":"7234678253109879108","potions_obtained":[{"floor":1,"key":"Weak Potion"},{"floor":2,"key":"Reflective Coating"},{"floor":6,"key":"SpeedPotion"}],"is_trial":true,"path_per_floor":["M","M","T","M","$","E","E"],"character_chosen":"DEFECT","items_purchased":["Blood Vial","Panic Button","Finesse","Go for the Eyes","Regal Pillow"],"campfire_rested":0,"item_purchase_floors":[5,5,5,5,5],"current_hp_per_floor":[60,52,52,46,46,47,0,0],"gold":132,"neow_bonus":"","is_daily":false,"chose_seed":false,"campfire_upgraded":0,"win_rate":0.0,"timestamp":1610606114,"path_taken":["M","?","?","M","$","E","E"],"items_purchased_type":["Relic","Card","Card","Card","Relic"],"build_version":"2020-12-22","purchased_purges":7,"victory":false,"max_hp_per_floor":[71,71,71,71,71,71,71,71],"relic_stats":{"Blood Vial":4,"Regal Pillow":0,"Shovel":0,"counters":[5,16],"Blue Candle":[0],"obtain_stats":[{"ReplayFunnel":3,"Blood Vial":5,"Regal Pillow":5,"Shovel":0,"Blue Candle":6,"Cracked Core":0,"REME_ComplimentaryCards":0},{"ReplayFunnel":2,"Blood Vial":3,"Regal Pillow":3,"Shovel":0,"Blue Candle":4,"Cracked Core":0,"REME_ComplimentaryCards":0},{"ReplayFunnel":6,"Blood Vial":8,"Regal Pillow":8,"Shovel":0,"Blue Candle":13,"Cracked Core":0,"REME_ComplimentaryCards":0}]},"card_choices":[{"not_picked":["Cloak And Dagger","ReplayTheSpireMod:Corrosion Curse"],"picked":"Cold Snap","floor":0},{"not_picked":["Thunderclap","Crescendo"],"picked":"REME_TheoryOfElimination","floor":0},{"not_picked":["Noxious Fumes","Cold Snap"],"picked":"Outmaneuver","floor":0},{"not_picked":["Forethought","ClearTheMind"],"picked":"Havoc","floor":0},{"not_picked":["Replay:Poison Smokescreen","Escape Plan"],"picked":"ReplayTheSpireMod:Private Reserves","floor":0},{"not_picked":["Anger","Replay:ManipulateFuture"],"picked":"Recycle","floor":0},{"not_picked":["Dagger Throw","Adaptation"],"picked":"Body Slam","floor":0},{"not_picked":["Bloodletting","Dodge and Roll"],"picked":"Turbo","floor":0},{"not_picked":["Havoc","Panacea"],"picked":"Discovery","floor":0},{"not_picked":["ReplayTheSpireMod:Strike From Hell","EmptyBody"],"picked":"Ball Lightning","floor":0},{"not_picked":["Wild Strike","Poisoned Stab"],"picked":"ReplayTheSpireMod:Dual Polarity","floor":0},{"not_picked":["Slice","MentalFortress"],"picked":"Chaos","floor":0},{"not_picked":["Massacre","Footwork"],"picked":"Heavy Blade","floor":0},{"not_picked":["Self Repair","Run Through"],"picked":"Loop","floor":0},{"not_picked":["Dagger Spray","Replay:ManipulateFuture"],"picked":"Run Through","floor":0},{"not_picked":["PathToVictory","Streamline","SashWhip"],"picked":"SKIP","floor":1},{"not_picked":["Consecrate","ReplayTheSpireMod:Muscle Training","Replay:Cycle"],"picked":"SKIP","floor":2},{"not_picked":["Blade Dance","Purity"],"picked":"Self Repair","floor":4},{"not_picked":["Dropkick","Fluid Movement"],"picked":"Hello World","floor":6}],"player_experience":95277,"relics_obtained":[{"floor":3,"key":"ReplayFunnel"},{"floor":6,"key":"Blue Candle"}],"event_choices":[],"is_beta":false,"boss_relics":[],"items_purged_floors":[5,5,5,5,5,5,5],"is_endless":false,"potions_floor_spawned":[1,2,6],"killed_by":"Gremlin Nob","ascension_level":20}}