{"host":"l639j5v3co7ay87t","time":1610617908,"event":{"mods":["AchievementEnabler","Act Like it!","BaseMod","Gensokyo","Marisa£®ÏF”Í°°ƒß¿Ì…≥£©","Minty Spire (QoL Compilation)","Quick Restart","Replay The Spire","StSLib"],"gold_per_floor":[99,59,59,59,59,59,91,91,117,137,137,137,137,137,137],"floor_reached":14,"language":"ZHS","playtime":668,"items_purged":[],"score":82,"play_id":"92bddaa0-74ab-4be6-86c0-d4f2a5718d47","local_time":"20210114175148","daily_mods":["SealedDeck","Vintage","Allstar","Red Cards","Green Cards","Blue Cards","Purple Cards","Colorless Cards","Heirloom","Time Dilation","Flight","DeadlyEvents","Elite Swarm"],"is_ascension_mode":false,"campfire_choices":[{"data":"DevaForm","floor":6,"key":"SMITH"},{"floor":11,"key":"REST"}],"circlet_count":0,"master_deck":["Wraith Form v2","Echo Form","DevaForm+1","EnergyFlow","GrandCross","FlurryOfBlows","EmptyBody","FlurryOfBlows","FlurryOfBlows","Vengeance","Self Repair","ReplayTheSpireMod:Private Reserves","SporeBomb","Replay:Vibes+1","All For One","FollowUp","Pride","Pride","Pride"],"relics":["PureWater","replay:Trail_Library","Unceasing Top","Tiny Chest","Yang"],"acts_visited":["Exordium"],"potions_floor_usage":[2,10,10],"damage_taken":[{"damage":59,"enemies":"Gremlin Nob","floor":7,"turns":5},{"damage":2,"enemies":"Jaw Worm","floor":10,"turns":4},{"damage":38,"enemies":"Replay:BlueRogue","floor":14,"turns":1}],"seed_played":"2643746797218986271","potions_obtained":[{"floor":2,"key":"EntropicBrew"},{"floor":2,"key":"Ambrosia"},{"floor":2,"key":"GamblersBrew"},{"floor":7,"key":"BottledMiracle"}],"is_trial":true,"path_per_floor":["?","?","WH","WH","WH","R","E","$","T","M","R","WH","$","E"],"character_chosen":"WATCHER","items_purchased":[],"campfire_rested":1,"item_purchase_floors":[],"current_hp_per_floor":[72,72,72,72,72,72,16,16,16,17,27,27,27,0,0],"gold":137,"neow_bonus":"","is_daily":false,"chose_seed":false,"campfire_upgraded":1,"win_rate":0.0,"timestamp":1610617908,"path_taken":["?","?","WH","WH","WH","R","?","$","T","M","R","WH","?","?"],"items_purchased_type":[],"build_version":"2020-12-22","purchased_purges":0,"victory":false,"max_hp_per_floor":[72,72,72,72,72,72,72,72,72,72,72,72,72,72,72],"card_choices":[{"not_picked":["Ragnarok","Adrenaline"],"picked":"All For One","floor":7}],"player_experience":63051,"relics_obtained":[{"floor":9,"key":"Tiny Chest"},{"floor":10,"key":"Yang"}],"event_choices":[{"damage_healed":0,"gold_gain":0,"player_choice":"Bought 3 Potions","damage_taken":0,"max_hp_gain":0,"max_hp_loss":0,"event_name":"The Woman in Blue","floor":2,"gold_loss":0}],"is_beta":false,"boss_relics":[],"items_purged_floors":[],"is_endless":true,"potions_floor_spawned":[7],"killed_by":"Replay:BlueRogue","ascension_level":0}}