{"host":"q206iib20se9i6w7","time":1610652431,"event":{"mods":["AchievementEnabler","BaseMod","Bestiary","Block Reminder","Colored Map","Colored Powertips","Curses Come First","Highlight Path","Key Reminder","Minty Spire (QoL Compilation)","Quick Restart","Random Character Button","Relic Stats","StSLib","SuperFastMode","Unceasing Turn Reminder"],"gold_per_floor":[113,126,126,140,151,151,178,178,178,239,266,285,285,315,315,413,413,425,425,436,22,22,49,49,83,83,118,136,164,164,13,13,116,116,130,147,197,197,212,245,245,273,349,362,362,362,393,444,444,444,444,444,23,48,48,48],"floor_reached":55,"language":"ENG","playtime":3703,"items_purged":["Strike_B","Strike_B"],"score":1076,"play_id":"938f00b3-920f-4ff7-ac4e-a3b66f469bff","local_time":"20210114132711","is_ascension_mode":true,"campfire_choices":[{"data":"Zap","floor":6.0,"key":"SMITH"},{"data":"Genetic Algorithm","floor":8.0,"key":"SMITH"},{"floor":13.0,"key":"REST"},{"data":"Dualcast","floor":15.0,"key":"SMITH"},{"data":"Coolheaded","floor":24.0,"key":"SMITH"},{"floor":30.0,"key":"REST"},{"data":"Ball Lightning","floor":32.0,"key":"SMITH"},{"floor":41.0,"key":"REST"},{"floor":46,"key":"REST"},{"floor":49,"key":"RECALL"},{"data":"Multi-Cast","floor":52,"key":"SMITH"}],"circlet_count":0,"master_deck":["Strike_B","Defend_B+1","Defend_B","Defend_B","Defend_B","Zap+1","Dualcast+1","Steam","Sweeping Beam","Cold Snap","Genetic Algorithm+1","Ball Lightning+1","Leap","Echo Form+1","Compile Driver","Loop+1","Coolheaded+1","Melter","Glacier","Recycle+1","Multi-Cast+1","Conserve Battery+1","BootSequence+1","Hologram+1","Skim+1","Cold Snap+1","FTL+1","Impatience","Compile Driver+1"],"relics":["Cracked Core","PreservedInsect","Frozen Egg 2","Emotion Chip","WingedGreaves","Odd Mushroom","Bag of Marbles","Philosopher\u0027s Stone","Matryoshka","InkBottle","Toy Ornithopter","Boot","CaptainsWheel","Happy Flower","Ornamental Fan","Runic Capacitor","Busted Crown","Du-Vu Doll","Gremlin Horn","Thread and Needle","Dream Catcher","Molten Egg 2","Calipers","DataDisk","War Paint"],"acts_visited":["Exordium","TheCity","TheBeyond","TheEnding"],"potions_floor_usage":[48,48,50,55],"damage_taken":[{"damage":1.0,"enemies":"Cultist","floor":1.0,"turns":3.0},{"damage":7.0,"enemies":"Small Slimes","floor":2.0,"turns":4.0},{"damage":4.0,"enemies":"2 Louse","floor":4.0,"turns":2.0},{"damage":6.0,"enemies":"2 Fungi Beasts","floor":5.0,"turns":3.0},{"damage":5.0,"enemies":"3 Sentries","floor":7.0,"turns":4.0},{"damage":12.0,"enemies":"3 Sentries","floor":10.0,"turns":6.0},{"damage":3.0,"enemies":"The Mushroom Lair","floor":11.0,"turns":4.0},{"damage":2.0,"enemies":"Looter","floor":12.0,"turns":3.0},{"damage":8.0,"enemies":"Lagavulin","floor":14.0,"turns":5.0},{"damage":13.0,"enemies":"Hexaghost","floor":16.0,"turns":11.0},{"damage":5.0,"enemies":"Chosen","floor":18.0,"turns":5.0},{"damage":0.0,"enemies":"Spheric Guardian","floor":20.0,"turns":5.0},{"damage":10.0,"enemies":"Gremlin Leader","floor":23.0,"turns":6.0},{"damage":2.0,"enemies":"Book of Stabbing","floor":25.0,"turns":4.0},{"damage":15.0,"enemies":"Slavers","floor":27.0,"turns":4.0},{"damage":9.0,"enemies":"Cultist and Chosen","floor":28.0,"turns":6.0},{"damage":11.0,"enemies":"Book of Stabbing","floor":29.0,"turns":5.0},{"damage":10.0,"enemies":"Champ","floor":33.0,"turns":13.0},{"damage":23.0,"enemies":"3 Darklings","floor":35.0,"turns":5.0},{"damage":20.0,"enemies":"3 Shapes","floor":36.0,"turns":4.0},{"damage":2.0,"enemies":"Mind Bloom Boss Battle","floor":37.0,"turns":11.0},{"damage":12.0,"enemies":"Jaw Worm Horde","floor":39.0,"turns":5.0},{"damage":2.0,"enemies":"Giant Head","floor":40.0,"turns":9.0},{"damage":12.0,"enemies":"Nemesis","floor":42.0,"turns":11.0},{"damage":12,"enemies":"Transient","floor":44,"turns":5},{"damage":24,"enemies":"Giant Head","floor":47,"turns":10},{"damage":8,"enemies":"2 Orb Walkers","floor":48,"turns":6},{"damage":5,"enemies":"Donu and Deca","floor":50,"turns":18},{"damage":45,"enemies":"Shield and Spear","floor":54,"turns":10},{"damage":28,"enemies":"The Heart","floor":55,"turns":12}],"seed_played":"-4768207439172715022","potions_obtained":[{"floor":2.0,"key":"PotionOfCapacity"},{"floor":10.0,"key":"PotionOfCapacity"},{"floor":11.0,"key":"Weak Potion"},{"floor":14.0,"key":"Fire Potion"},{"floor":18.0,"key":"DistilledChaos"},{"floor":23.0,"key":"FearPotion"},{"floor":27.0,"key":"PowerPotion"},{"floor":33.0,"key":"Strength Potion"},{"floor":38.0,"key":"Dexterity Potion"},{"floor":38.0,"key":"Block Potion"},{"floor":38.0,"key":"BlessingOfTheForge"},{"floor":39.0,"key":"SneckoOil"},{"floor":47,"key":"FocusPotion"},{"floor":54,"key":"GamblersBrew"}],"is_trial":false,"path_per_floor":["M","M","?","M","M","R","E","R","T","?","?","M","R","E","R","B",null,"M","?","M","$","?","E","R","E","T","E","M","E","R","$","R","B",null,"M","M","?","?","M","E","R","E","T","M","?","R","E","?","R","B",null,"R","$","E","B"],"character_chosen":"DEFECT","items_purchased":["Matryoshka","Coolheaded","Melter","Runic Capacitor","DataDisk","FTL+1","Impatience"],"campfire_rested":4,"item_purchase_floors":[21,21,21,31,53,53,53],"current_hp_per_floor":[67,60,60,56,50,50,45,45,45,33,30,28,50,42,42,29,64,59,45,45,45,71,61,61,59,59,49,40,29,53,53,53,48,72,49,29,27,27,15,13,37,30,30,18,18,40,16,18,18,18,62,62,62,17,0,0],"gold":48,"neow_bonus":"RANDOM_COMMON_RELIC","is_daily":false,"chose_seed":false,"campfire_upgraded":6,"win_rate":0.0,"timestamp":1610652431,"path_taken":["M","M","?","?","M","R","E","R","T","?","?","M","R","E","R","BOSS","M","?","M","$","?","E","R","E","T","E","M","E","R","?","R","BOSS","M","M","?","?","?","E","R","E","T","M","?","R","E","?","R","BOSS","R","$","E","BOSS"],"items_purchased_type":["Relic","Card","Card","Relic","Relic","Card","Card"],"build_version":"2020-12-22","purchased_purges":2,"victory":false,"max_hp_per_floor":[75,75,75,75,75,75,75,75,75,75,75,75,75,75,75,75,75,75,80,80,80,80,80,80,80,80,80,80,80,80,80,80,80,80,80,80,80,80,80,80,80,80,80,80,76,76,76,76,76,76,76,76,76,76,76,76],"relic_stats":{"Happy Flower":[43],"Gremlin Horn":[3,3],"counters":[30,198],"PreservedInsect":622,"War Paint":["Skim","Defend_B"],"Boot":[70],"Emotion Chip":[119,43,76,0,0],"Dream Catcher":1,"Busted Crown":22,"Ornamental Fan":[196],"obtain_stats":[{"Calipers":48,"Gremlin Horn":40,"Runic Capacitor":31,"Boot":26,"Emotion Chip":9,"Dream Catcher":43,"Matryoshka":21,"Philosopher\u0027s Stone":17,"WingedGreaves":10,"Cracked Core":0,"InkBottle":23,"Happy Flower":27,"Thread and Needle":42,"PreservedInsect":0,"Frozen Egg 2":7,"Odd Mushroom":11,"War Paint":54,"Du-Vu Doll":37,"keyreminder:keyreminder":42,"CaptainsWheel":26,"DataDisk":53,"Busted Crown":34,"Ornamental Fan":29,"Molten Egg 2":47,"Bag of Marbles":14,"Toy Ornithopter":25},{"Calipers":27,"Gremlin Horn":23,"Runic Capacitor":17,"Boot":14,"Emotion Chip":5,"Dream Catcher":24,"Matryoshka":12,"Philosopher\u0027s Stone":10,"WingedGreaves":6,"Cracked Core":0,"InkBottle":13,"Happy Flower":15,"Thread and Needle":24,"PreservedInsect":0,"Frozen Egg 2":5,"Odd Mushroom":7,"War Paint":29,"Du-Vu Doll":21,"keyreminder:keyreminder":24,"CaptainsWheel":14,"DataDisk":28,"Busted Crown":18,"Ornamental Fan":17,"Molten Egg 2":26,"Bag of Marbles":9,"Toy Ornithopter":14},{"Calipers":158,"Gremlin Horn":126,"Runic Capacitor":79,"Boot":65,"Emotion Chip":16,"Dream Catcher":137,"Matryoshka":55,"Philosopher\u0027s Stone":45,"WingedGreaves":22,"Cracked Core":0,"InkBottle":61,"Happy Flower":69,"Thread and Needle":137,"PreservedInsect":0,"Frozen Egg 2":16,"Odd Mushroom":26,"War Paint":186,"Du-Vu Doll":112,"keyreminder:keyreminder":137,"CaptainsWheel":65,"DataDisk":176,"Busted Crown":92,"Ornamental Fan":79,"Molten Egg 2":152,"Bag of Marbles":34,"Toy Ornithopter":65}],"InkBottle":[73],"Toy Ornithopter":35},"card_choices":[{"not_picked":["Sweeping Beam","Hologram"],"picked":"Steam","floor":1.0},{"not_picked":["Stack","Turbo"],"picked":"Sweeping Beam","floor":2.0},{"not_picked":["Hologram","Tempest","Redo"],"picked":"SKIP","floor":4.0},{"not_picked":["Loop","Skim"],"picked":"Cold Snap","floor":5.0},{"not_picked":["Coolheaded","Melter"],"picked":"Genetic Algorithm","floor":7.0},{"not_picked":["Sweeping Beam","Coolheaded"],"picked":"Ball Lightning","floor":11.0},{"not_picked":["Beam Cell","Rebound"],"picked":"Leap","floor":12.0},{"not_picked":["Tempest","Sweeping Beam","Redo"],"picked":"SKIP","floor":14.0},{"not_picked":["Machine Learning+1","Creative AI+1"],"picked":"Echo Form+1","floor":16.0},{"not_picked":["Stack","Streamline"],"picked":"Compile Driver","floor":18.0},{"not_picked":["Cold Snap","Ball Lightning"],"picked":"Loop+1","floor":20.0},{"not_picked":["Storm+1","Steam"],"picked":"Glacier","floor":23.0},{"not_picked":["Double Energy","Seek"],"picked":"Recycle+1","floor":25.0},{"not_picked":["Streamline","Sunder","Redo+1"],"picked":"SKIP","floor":27.0},{"not_picked":["Streamline","Redo","Ball Lightning"],"picked":"SKIP","floor":28.0},{"not_picked":["Streamline","Redo","Ball Lightning"],"picked":"SKIP","floor":28.0},{"not_picked":["Ball Lightning","Storm+1","Undo"],"picked":"SKIP","floor":29.0},{"not_picked":["Seek","Amplify"],"picked":"Multi-Cast","floor":33.0},{"not_picked":[],"picked":"Conserve Battery+1","floor":35.0},{"not_picked":[],"picked":"BootSequence+1","floor":36.0},{"not_picked":[],"picked":"Hologram+1","floor":37.0},{"not_picked":[],"picked":"Skim","floor":39.0},{"not_picked":["Hologram+1"],"picked":"SKIP","floor":40.0},{"not_picked":["Aggregate"],"picked":"SKIP","floor":42.0},{"not_picked":["Stack"],"picked":"SKIP","floor":44},{"not_picked":[],"picked":"Cold Snap+1","floor":47},{"not_picked":[],"picked":"Compile Driver+1","floor":54}],"player_experience":248041,"relics_obtained":[{"floor":7.0,"key":"Frozen Egg 2"},{"floor":9.0,"key":"Emotion Chip"},{"floor":10.0,"key":"WingedGreaves"},{"floor":11.0,"key":"Odd Mushroom"},{"floor":14.0,"key":"Bag of Marbles"},{"floor":23.0,"key":"InkBottle"},{"floor":25.0,"key":"Toy Ornithopter"},{"floor":26.0,"key":"Boot"},{"floor":26.0,"key":"CaptainsWheel"},{"floor":27.0,"key":"Happy Flower"},{"floor":29.0,"key":"Ornamental Fan"},{"floor":37.0,"key":"Du-Vu Doll"},{"floor":40.0,"key":"Gremlin Horn"},{"floor":42.0,"key":"Thread and Needle"},{"floor":43,"key":"Dream Catcher"},{"floor":47,"key":"Molten Egg 2"},{"floor":48,"key":"Calipers"},{"floor":54,"key":"War Paint"}],"event_choices":[{"cards_removed":["Strike_B"],"damage_healed":0.0,"max_hp_gain":0.0,"max_hp_loss":0.0,"gold_gain":0.0,"event_name":"Bonfire Elementals","player_choice":"Offered Basic","floor":3.0,"gold_loss":0.0,"damage_taken":0.0},{"damage_healed":0.0,"max_hp_gain":0.0,"max_hp_loss":0.0,"gold_gain":0.0,"event_name":"Dead Adventurer","player_choice":"Searched \u00272\u0027 times","floor":10.0,"gold_loss":0.0,"damage_taken":0.0},{"damage_healed":0.0,"max_hp_gain":0.0,"max_hp_loss":0.0,"gold_gain":0.0,"event_name":"Mushrooms","player_choice":"Fought Mushrooms","floor":11.0,"gold_loss":0.0,"damage_taken":0.0},{"damage_healed":0.0,"max_hp_gain":5.0,"max_hp_loss":0.0,"gold_gain":0.0,"event_name":"Forgotten Altar","player_choice":"Shed Blood","floor":19.0,"gold_loss":0.0,"damage_taken":19.0},{"damage_healed":26.0,"max_hp_gain":0.0,"max_hp_loss":0.0,"gold_gain":0.0,"event_name":"The Library","player_choice":"Heal","floor":22.0,"gold_loss":0.0,"damage_taken":0.0},{"damage_healed":0.0,"max_hp_gain":0.0,"max_hp_loss":0.0,"gold_gain":0.0,"event_name":"MindBloom","player_choice":"Fight","floor":37.0,"gold_loss":0.0,"damage_taken":0.0},{"damage_healed":0.0,"max_hp_gain":0.0,"max_hp_loss":0.0,"gold_gain":0.0,"event_name":"Lab","player_choice":"Got Potions","floor":38.0,"gold_loss":0.0,"damage_taken":0.0},{"damage_healed":0,"gold_gain":0,"player_choice":"Max HP","damage_taken":0,"max_hp_gain":0,"max_hp_loss":4,"event_name":"Winding Halls","floor":45,"gold_loss":0},{"damage_healed":0,"gold_gain":0,"player_choice":"Fight","damage_taken":0,"max_hp_gain":0,"max_hp_loss":0,"event_name":"Mysterious Sphere","floor":48,"gold_loss":0}],"is_beta":false,"boss_relics":[{"not_picked":["SacredBark","Tiny House"],"picked":"Philosopher\u0027s Stone"},{"not_picked":["Inserter","Velvet Choker"],"picked":"Busted Crown"}],"items_purged_floors":[21,53],"is_endless":false,"potions_floor_spawned":[2,10,11,14,18,23,27,33,39,40,47,54],"killed_by":"The Heart","ascension_level":6}}