{"host":"a5lz0e76zb3fcwkm","time":1610611169,"event":{"mods":["AchievementEnabler","BaseMod","Colored Map","Colored Powertips","Minty Spire (QoL Compilation)","StSLib","SuperFastMode"],"gold_per_floor":[109,34,34,53,103,138,138,181,181,221,236,236,254,298,298,384,384,413,425,440,2,2,2],"floor_reached":22,"language":"KOR","playtime":731,"items_purged":["Strike_B"],"score":578,"play_id":"5f966a82-5988-4e7a-8439-ef0c1c828269","local_time":"20210114165929","is_ascension_mode":true,"campfire_choices":[{"data":"Consume","floor":7,"key":"SMITH"},{"data":"Sunder","floor":12,"key":"SMITH"},{"data":"Zap","floor":15,"key":"SMITH"}],"circlet_count":0,"master_deck":["AscendersBane","Strike_B","Strike_B","Strike_B","Defend_B","Defend_B","Defend_B","Zap+1","Dualcast","Chill","Auto Shields","Consume+1","Cold Snap","Sunder+1","Hologram","Echo Form","Fusion","Capacitor","Self Repair"],"relics":["Cracked Core","NeowsBlessing","Dead Branch","CeramicFish","The Courier","Sundial","Anchor","Runic Dome","Prayer Wheel"],"acts_visited":["Exordium","TheCity"],"potions_floor_usage":[8,16,16],"damage_taken":[{"damage":0.0,"enemies":"2 Louse","floor":1.0,"turns":1.0},{"damage":0.0,"enemies":"Cultist","floor":4.0,"turns":1.0},{"damage":0,"enemies":"Gremlin Nob","floor":6,"turns":1},{"damage":18,"enemies":"3 Sentries","floor":8,"turns":8},{"damage":0,"enemies":"Lagavulin","floor":10,"turns":7},{"damage":2,"enemies":"Jaw Worm","floor":11,"turns":3},{"damage":0,"enemies":"Red Slaver","floor":13,"turns":5},{"damage":0,"enemies":"3 Sentries","floor":14,"turns":8},{"damage":27,"enemies":"The Guardian","floor":16,"turns":10},{"damage":0,"enemies":"Chosen","floor":18,"turns":5},{"damage":0,"enemies":"Spheric Guardian","floor":19,"turns":5},{"damage":45,"enemies":"Shelled Parasite and Fungi","floor":20,"turns":5},{"damage":11,"enemies":"Centurion and Healer","floor":22,"turns":3}],"seed_played":"7064439357739539766","potions_obtained":[{"floor":1.0,"key":"LiquidBronze"},{"floor":6,"key":"Dexterity Potion"},{"floor":11,"key":"Block Potion"},{"floor":14,"key":"Swift Potion"},{"floor":19,"key":"SteroidPotion"}],"is_trial":false,"path_per_floor":["M","?","?","M","?","E","R","E","T","E","M","R","M","E","R","B",null,"M","M","M","$","M"],"character_chosen":"DEFECT","items_purchased":["Capacitor","Self Repair","Prayer Wheel"],"campfire_rested":0,"item_purchase_floors":[21,21,21],"current_hp_per_floor":[64,64,64,64,57,57,57,39,39,39,37,37,37,37,37,10,56,56,56,11,11,0,0],"gold":2,"neow_bonus":"THREE_ENEMY_KILL","is_daily":false,"chose_seed":false,"campfire_upgraded":3,"win_rate":0.0,"timestamp":1610611169,"path_taken":["M","?","?","M","?","E","R","E","T","E","M","R","?","E","R","BOSS","M","M","?","$","M"],"items_purchased_type":["Card","Card","Relic"],"build_version":"2020-12-22","purchased_purges":1,"victory":false,"max_hp_per_floor":[71,71,71,71,71,71,71,71,71,71,71,71,71,71,71,71,71,71,71,71,71,71,71],"card_choices":[{"not_picked":["Beam Cell","Compile Driver"],"picked":"Chill","floor":1.0},{"not_picked":["Static Discharge","Turbo"],"picked":"Auto Shields","floor":4.0},{"not_picked":["Thunder Strike","Rebound"],"picked":"Consume","floor":6},{"not_picked":["Tempest","Steam Power"],"picked":"Cold Snap","floor":8},{"not_picked":["Double Energy","Gash"],"picked":"Sunder","floor":10},{"not_picked":["Doom and Gloom","Redo","Scrape"],"picked":"SKIP","floor":11},{"not_picked":["Go for the Eyes","Sunder","Streamline"],"picked":"SKIP","floor":13},{"not_picked":["Beam Cell","Darkness"],"picked":"Hologram","floor":14},{"not_picked":["Reboot","Creative AI"],"picked":"Echo Form","floor":16},{"not_picked":["Steam Power","Hologram+1"],"picked":"Fusion","floor":18},{"not_picked":["Scrape","Sweeping Beam","Steam"],"picked":"SKIP","floor":19},{"not_picked":["Steam","Chill","Conserve Battery"],"picked":"SKIP","floor":20}],"player_experience":1724352,"relics_obtained":[{"floor":6,"key":"Dead Branch"},{"floor":8,"key":"CeramicFish"},{"floor":9,"key":"The Courier"},{"floor":10,"key":"Sundial"},{"floor":14,"key":"Anchor"}],"event_choices":[{"cards_removed":["Defend_B"],"damage_healed":0.0,"max_hp_gain":0.0,"max_hp_loss":0.0,"gold_gain":0.0,"event_name":"The Cleric","player_choice":"Card Removal","floor":2.0,"gold_loss":75.0,"damage_taken":0.0},{"damage_healed":0.0,"max_hp_gain":0.0,"max_hp_loss":0.0,"gold_gain":0.0,"event_name":"Liars Game","player_choice":"Ignored","floor":3.0,"gold_loss":0.0,"damage_taken":0.0},{"damage_healed":0,"gold_gain":50,"player_choice":"Touch","damage_taken":7,"max_hp_gain":0,"max_hp_loss":0,"event_name":"FaceTrader","floor":5,"gold_loss":0}],"is_beta":false,"boss_relics":[{"not_picked":["SlaversCollar","Runic Pyramid"],"picked":"Runic Dome"}],"items_purged_floors":[21],"is_endless":false,"potions_floor_spawned":[1,6,11,13,14,19],"killed_by":"Centurion and Healer","ascension_level":20}}