{"host":"legtpxylirt4o9qk","time":1610598319,"event":{"mods":["AchievementEnabler","Aspiration","BaseMod","Beaked The Cultist","Better Altar","Better Match","Better Note","Better Sensory Stone","Better Skull","Better Third Choice","BetterRewards","Colored Map","Conspire","Dark Map","Downfall","GifTheSpireLib","Googly Eyes","Halation","Hermit","Highlight Path","Hubris","Infinite Spire","Jedi Mod","Mimic Mod","Minty Spire (QoL Compilation)","Permanent Neow","Replay The Spire","Shade Mod","Shop Mod","Spicy Shops","StSLib","Stuff the Spire","The Blackbeard","The Construct","The Disciple","The Forsaken","The Gatherer","The Hierophant","The Necromancer","The Runesmith","The Servant 0.9.4"],"gold_per_floor":[118,118,135,63,39,39,50,50,77,93,93,93,93,124,124,224,224,149,149,162,162,178,178,212,212,235,252,252,264,264,2,2,102,102,112,125,125,125,136,136,171,185,212,212,230,1,1,14,14,97,97,97],"floor_reached":51,"language":"ENG","playtime":5398,"items_purged":["construct:Strike_Gold","construct:Strike_Gold"],"score":518,"play_id":"a9198a18-ee41-4b8d-a07b-62358b27e61e","local_time":"20210113232519","is_ascension_mode":false,"campfire_choices":[{"floor":6.0,"key":"REST"},{"data":"construct:ReactiveShield","floor":8,"key":"SMITH"},{"floor":15,"key":"REST"},{"floor":23,"key":"REST"},{"floor":28,"key":"REST"},{"floor":30,"key":"REST"},{"floor":32,"key":"DIG"},{"floor":40,"key":"REST"},{"data":"construct:DefenseMode","floor":49,"key":"SMITH"}],"circlet_count":0,"master_deck":["construct:Strike_Gold+1","construct:Strike_Gold","construct:Defend_Gold","construct:Defend_Gold+1","construct:Defend_Gold+1","construct:Defend_Gold","construct:Defend_Gold","construct:DefenseMode","construct:ReactiveShield+1","construct:Anticipate","construct:Anticipate","construct:ModeShift","construct:HammerDown","construct:Anticipate","construct:Analyze","construct:DefenseMode+1","construct:Synchronize","construct:Reinforce","construct:Reinforce","construct:ShiftGuard+1","construct:ElectricArmor","construct:Boost+1"],"relics":["construct:Cogwheel","jedi:purplefairy","Blue Doll","conspire:SpecialSausage","Ancient Tea Set","betterThird:SlimedRelic","StuffTheSpire:GrapeVine","Omamori","aspiration:SecretTechniqueScroll","WarpedTongs","halation:SwordOfLegend","DollysMirror","conspire:TopHat","Replay:Kaleidoscope","StuffTheSpire:HeavyRock","jedi:crownofsimplicity","halation:HeavySnake","Gremlin Food","Blood Vial","jedi:cryingmask","TheAbacus"],"acts_visited":["Exordium","TheCity","TheBeyond","Exordium"],"potions_floor_usage":[14,22,27,35,45,45],"damage_taken":[{"damage":11.0,"enemies":"Jaw Worm","floor":1.0,"turns":5.0},{"damage":5.0,"enemies":"2 Louse","floor":3.0,"turns":3.0},{"damage":8.0,"enemies":"Small Slimes","floor":7.0,"turns":5.0},{"damage":6,"enemies":"2 Fungi Beasts","floor":10,"turns":4},{"damage":20,"enemies":"3 Sentries","floor":14,"turns":16},{"damage":17,"enemies":"The Guardian","floor":16,"turns":22},{"damage":18,"enemies":"2 Thieves","floor":18,"turns":5},{"damage":9,"enemies":"Shell Parasite","floor":20,"turns":10},{"damage":11,"enemies":"Centurion and Healer","floor":22,"turns":10},{"damage":13,"enemies":"Nightmare","floor":24,"turns":15},{"damage":37,"enemies":"Snecko","floor":27,"turns":10},{"damage":0,"enemies":"Chosen and Byrds","floor":29,"turns":7},{"damage":36,"enemies":"conspire:MysteriousRune","floor":33,"turns":14},{"damage":16,"enemies":"3 Shapes","floor":35,"turns":6},{"damage":19,"enemies":"3 Darklings","floor":36,"turns":6},{"damage":0,"enemies":"Sphere and 2 Shapes","floor":39,"turns":6},{"damage":30,"enemies":"Nemesis","floor":41,"turns":13},{"damage":4,"enemies":"4 Shapes","floor":42,"turns":8},{"damage":0,"enemies":"Transient","floor":45,"turns":5},{"damage":0,"enemies":"Jaw Worm Horde","floor":48,"turns":4},{"damage":0,"enemies":"Replay:Hell Engine","floor":50,"turns":17}],"seed_played":"-9213143124569073338","potions_obtained":[{"floor":7.0,"key":"Energy Potion"},{"floor":10,"key":"jedi:holywater"},{"floor":16,"key":"SpeedPotion"},{"floor":20,"key":"champ:CounterPotion"},{"floor":29,"key":"jedi:StrikingPotion"},{"floor":33,"key":"Energy Potion"},{"floor":35,"key":"Fire Potion"},{"floor":38,"key":"DistilledChaos"},{"floor":39,"key":"Slimebound:ThreeZeroPotion"}],"is_trial":false,"path_per_floor":["M","?","M","$","?","R","M","R","T","M","?","?","?","E","R","B",null,"M","?","M","$","M","R","NM","AVR","T","M","R","M","R","$","R_BF","B",null,"M","M","?","?","M","R","E","M","T","?","M","$","?","M","R_BF","B",null],"character_chosen":"THE_CONSTRUCT_MOD","items_purchased":["construct:ReactiveShield","Blue Doll","Ancient Tea Set","Replay:Kaleidoscope","StuffTheSpire:HeavyRock","construct:Reinforce","TheAbacus"],"campfire_rested":6,"item_purchase_floors":[0,0,4,31,31,31,46],"current_hp_per_floor":[65,65,60,60,49,74,66,71,71,65,65,65,65,45,70,53,85,67,67,58,58,47,72,59,59,59,22,50,50,78,78,78,42,85,69,50,50,50,50,85,55,51,51,14,16,16,74,74,74,74,74,74],"gold":97,"neow_bonus":"","is_daily":false,"chose_seed":false,"campfire_upgraded":2,"win_rate":0.0,"timestamp":1610598319,"path_taken":["M","?","M","$","?","R","M","R","T","M","?","?","?","E","R","BOSS","M","?","M","?","M","R","NM","AVR","T","M","R","M","R","$","R_BF","BOSS","M","M","?","?","M","R","E","?","T","?","?","$","?","M","R_BF","BOSS"],"items_purchased_type":["Card","Relic","Relic","Relic","Relic","Card","Relic"],"build_version":"2020-12-22","purchased_purges":2,"victory":false,"max_hp_per_floor":[85,85,85,85,85,85,85,85,85,85,85,85,85,85,85,85,85,85,85,85,85,85,85,85,85,85,85,85,85,85,85,85,85,85,85,85,85,85,85,85,85,85,85,85,85,85,74,74,74,74,74,74],"card_choices":[{"not_picked":["construct:Overcharge","construct:Missile","construct:VentSteam"],"picked":"SKIP","floor":1.0},{"not_picked":["construct:SaveState","construct:ShiftStrike","construct:QuickAttack"],"picked":"SKIP","floor":3.0},{"not_picked":["construct:ShiftStrike","construct:PowerUp"],"picked":"construct:Anticipate","floor":7.0},{"not_picked":["construct:Tumble","construct:SaveState"],"picked":"construct:Anticipate","floor":10},{"not_picked":["construct:Anticipate","construct:ShieldBurst"],"picked":"construct:ModeShift","floor":14},{"not_picked":["construct:GoldenBullet","construct:ShieldGenerator"],"picked":"construct:HammerDown","floor":16},{"not_picked":["construct:Stasis+1","construct:Dampening","construct:FlakBarrage"],"picked":"SKIP","floor":18},{"not_picked":["construct:ChargeShot","construct:Accumulate"],"picked":"construct:Anticipate","floor":20},{"not_picked":["construct:OneWayMirror","construct:CripplingShot"],"picked":"construct:Analyze","floor":22},{"not_picked":["construct:Backup","construct:MassProduction","construct:ScrapCannon"],"picked":"SKIP","floor":24},{"not_picked":["construct:ChargeShot+1","construct:ModeShift+1","construct:SweepLaser"],"picked":"SKIP","floor":27},{"not_picked":["construct:Chainstrike","construct:FlakBarrage+1"],"picked":"construct:Synchronize","floor":29},{"not_picked":["construct:Analyze+1","construct:BatteryAcid+1"],"picked":"construct:ShiftGuard+1","floor":35},{"not_picked":["construct:FierceBash+1","construct:Hazardproof","construct:Accumulate"],"picked":"SKIP","floor":36},{"not_picked":["construct:Construct_Overclock","construct:FierceBash","construct:ChargeShot+1"],"picked":"SKIP","floor":39},{"not_picked":["construct:GatlingGun","construct:HeavyBolt+1","construct:FocusedBeam"],"picked":"SKIP","floor":41},{"not_picked":["construct:SyphonStrike","construct:ScrapCannon+1"],"picked":"construct:ElectricArmor","floor":42},{"not_picked":["construct:Chainstrike","construct:Electrocute+1"],"picked":"construct:Boost+1","floor":45},{"not_picked":["construct:HammerDown","construct:ForceCore+1","construct:Impenetrable+1"],"picked":"SKIP","floor":48}],"player_experience":66183,"relics_obtained":[{"floor":9,"key":"StuffTheSpire:GrapeVine"},{"floor":14,"key":"Omamori"},{"floor":24,"key":"halation:SwordOfLegend"},{"floor":26,"key":"conspire:TopHat"},{"floor":32,"key":"jedi:crownofsimplicity"},{"floor":43,"key":"Gremlin Food"}],"event_choices":[{"damage_healed":0.0,"max_hp_gain":0.0,"max_hp_loss":0.0,"gold_gain":0.0,"event_name":"conspire:LoneGhost","player_choice":"Disagree","floor":2.0,"gold_loss":0.0,"damage_taken":0.0},{"damage_healed":0.0,"max_hp_gain":0.0,"max_hp_loss":0.0,"gold_gain":0.0,"event_name":"betterThird:BetterGoop","player_choice":"Slimed","floor":5.0,"gold_loss":24.0,"damage_taken":11.0},{"damage_healed":0,"gold_gain":0,"player_choice":"Leave","damage_taken":0,"max_hp_gain":0,"max_hp_loss":0,"event_name":"conspire:Investor","floor":12,"gold_loss":0},{"damage_healed":0,"gold_gain":0,"player_choice":"Rummage","damage_taken":0,"relics_obtained":["WarpedTongs"],"max_hp_gain":0,"max_hp_loss":0,"event_name":"Accursed Blacksmith","floor":19,"gold_loss":0,"cards_obtained":["Pain"]},{"damage_healed":0,"gold_gain":0,"player_choice":"Got Potions","damage_taken":0,"max_hp_gain":0,"max_hp_loss":0,"event_name":"Lab","floor":38,"gold_loss":0},{"damage_healed":0,"gold_gain":0,"player_choice":"RE RE ","damage_taken":41,"relics_obtained":["Blood Vial","jedi:cryingmask"],"max_hp_gain":0,"max_hp_loss":0,"event_name":"betterSkull:BetterSkull","floor":44,"gold_loss":0,"cards_upgraded":[]},{"damage_healed":74,"gold_gain":0,"player_choice":"Heal","damage_taken":0,"max_hp_gain":0,"max_hp_loss":11,"event_name":"The Moai Head","floor":47,"gold_loss":0}],"is_beta":false,"boss_relics":[{"not_picked":["aspiration:SilentSkillbook","Calling Bell"],"picked":"aspiration:SecretTechniqueScroll"},{"not_picked":["Painkiller Herb","Snecko Eye"],"picked":"halation:HeavySnake"},{"not_picked":["Coffee Dripper","halation:CatFaceCupcake","Replay:Drink Me"]}],"items_purged_floors":[25,46],"is_endless":true,"potions_floor_spawned":[7,10,16,20,29,33,35,39,41,42],"ascension_level":0}}