{"host":"hbmugw1tcdgjy91l","time":1610613860,"event":{"mods":["Act Like it!","Arknights The Spire","BaseMod","Downfall","Gensokyo","Gremlin Mod","GungeonMod","Lobotomy","LobotomyExtend","Mari Mod (Legacy)","Mari\u0027s V1 Patch","Minty Spire (QoL Compilation)","Pale of the Ancients","Prisma Mod","READ ME - Guardian Mod","Replay The Spire","StSLib","TestMod","WarShipGirlsR/战舰少女R mod","vexMod","【功能Mod】混沌之环修复补丁"],"gold_per_floor":[112,3,20,20,20,20,20],"floor_reached":6,"language":"ZHS","playtime":339,"items_purged":[],"score":34,"play_id":"12a8253e-f1e9-400f-b6c5-a2d62439d20b","local_time":"20210114164420","is_ascension_mode":false,"campfire_choices":[],"circlet_count":0,"master_deck":["ats:Strike C","ats:Strike G","ats:Strike S","ats:Strike V","ats:Armor Crushing Shot","ats:Defend","ats:Defend","ats:Defend","ats:Defend","ats:Emotion Absorption","Wellcheers","ats:Revitalization","Gensokyo:TarnishedGold","Gensokyo:BlemishedSteel","NothingThere","ats:Ignite"],"relics":["ats:Sanity","testmod-TestBox","CogitoBucket","LetterFromLob","Gensokyo:PortableGap","Pear"],"acts_visited":["Gensokyo:Gensokyo"],"potions_floor_usage":[],"damage_taken":[{"damage":1.0,"enemies":"Gensokyo:3_Fairies","floor":1.0,"turns":5.0},{"damage":29.0,"enemies":"Gensokyo:Python","floor":3.0,"turns":7.0},{"damage":59,"enemies":"Gensokyo:Cirno","floor":6,"turns":5}],"seed_played":"-6752175290604170286","potions_obtained":[{"floor":1.0,"key":"LiquidBronze"}],"is_trial":false,"path_per_floor":["M","COS","M","?","?","E"],"character_chosen":"DOCTOR_CLASS","items_purchased":[],"campfire_rested":0,"item_purchase_floors":[],"current_hp_per_floor":[71,71,55,55,50,0,0],"gold":20,"neow_bonus":"","is_daily":false,"chose_seed":false,"campfire_upgraded":0,"win_rate":0.0,"timestamp":1610613860,"path_taken":["M","COS","M","?","?","E"],"items_purchased_type":[],"build_version":"2020-12-22","purchased_purges":0,"victory":false,"max_hp_per_floor":[72,72,72,65,75,75,75],"card_choices":[{"not_picked":["CherryBlossoms","Bloodbath"],"picked":"Wellcheers","floor":1.0},{"not_picked":["ats:Chain Hook","ats:Sword Rain"],"picked":"ats:Revitalization","floor":1.0},{"not_picked":["CrumblingArmor","Rudolta"],"picked":"NothingThere","floor":3.0},{"not_picked":["ats:Hammer On","ats:Powerful Strike"],"picked":"ats:Ignite","floor":3.0}],"player_experience":417944,"relics_obtained":[{"floor":1.0,"key":"LetterFromLob"}],"event_choices":[],"is_beta":false,"boss_relics":[],"items_purged_floors":[],"is_endless":false,"potions_floor_spawned":[1],"killed_by":"Gensokyo:Cirno","ascension_level":0}}