{"host":"vyjryxuuuxkt43k4","time":1610584805,"event":{"mods":["BaseMod","Colored Map","DeckTracker","Minty Spire (QoL Compilation)","Permanent Neow","Quick Restart","StSLib","SuperFastMode","everything is the same but u backflip on backflip"],"gold_per_floor":[18,37,52,71,90,90,123,198,198,209,209,228,228,228,228,228,228],"floor_reached":16,"language":"KOR","playtime":816,"items_purged":[],"score":114,"play_id":"2686e9e9-49e8-4767-b734-dc4c27b114f7","local_time":"20210114094005","is_ascension_mode":true,"campfire_choices":[{"floor":6.0,"key":"REST"},{"floor":11,"key":"REST"},{"data":"Zap","floor":13,"key":"SMITH"},{"data":"Biased Cognition","floor":15,"key":"SMITH"}],"circlet_count":0,"master_deck":["Strike_B","Strike_B","Strike_B","Strike_B","Defend_B","Defend_B","Defend_B","Defend_B","Zap+1","Dualcast","Biased Cognition+1","Streamline","Ball Lightning","Glacier","Chill","Hologram","Coolheaded","Ball Lightning"],"relics":["Cracked Core","Bag of Preparation","Strawberry","Golden Idol"],"acts_visited":["Exordium"],"potions_floor_usage":[16],"damage_taken":[{"damage":13.0,"enemies":"Jaw Worm","floor":1.0,"turns":4.0},{"damage":10.0,"enemies":"2 Louse","floor":2.0,"turns":2.0},{"damage":18.0,"enemies":"Small Slimes","floor":3.0,"turns":2.0},{"damage":11.0,"enemies":"2 Fungi Beasts","floor":4.0,"turns":3.0},{"damage":0.0,"enemies":"Looter","floor":5.0,"turns":2.0},{"damage":7.0,"enemies":"Gremlin Nob","floor":7.0,"turns":3.0},{"damage":3,"enemies":"Large Slime","floor":10,"turns":4},{"damage":0,"enemies":"Blue Slaver","floor":12,"turns":3},{"damage":23,"enemies":"Slime Boss","floor":16,"turns":9}],"seed_played":"-8629031886244137411","potions_obtained":[{"floor":3.0,"key":"Strength Potion"},{"floor":4.0,"key":"EssenceOfSteel"},{"floor":7.0,"key":"FearPotion"}],"is_trial":false,"path_per_floor":["M","M","M","M","M","R","E","?","T","M","R","M","R","?","R","B"],"character_chosen":"DEFECT","items_purchased":[],"campfire_rested":2,"item_purchase_floors":[],"current_hp_per_floor":[62,52,34,23,23,45,38,27,34,31,55,55,55,35,35,12,12],"gold":228,"neow_bonus":"THREE_RARE_CARDS","is_daily":false,"chose_seed":false,"campfire_upgraded":2,"win_rate":0.0,"timestamp":1610584805,"path_taken":["M","M","M","M","M","R","E","?","T","M","R","M","R","?","R","BOSS"],"items_purchased_type":[],"build_version":"2020-12-22","purchased_purges":0,"victory":false,"max_hp_per_floor":[75,75,75,75,75,75,75,75,82,82,82,82,82,82,82,82,82],"card_choices":[{"not_picked":["All For One","Amplify"],"picked":"Biased Cognition","floor":0.0},{"not_picked":["Barrage","BootSequence"],"picked":"Streamline","floor":1.0},{"not_picked":["Streamline","Rip and Tear","Stack"],"picked":"SKIP","floor":2.0},{"not_picked":["Rebound","Creative AI"],"picked":"Ball Lightning","floor":3.0},{"not_picked":["Steam","Doom and Gloom"],"picked":"Glacier","floor":4.0},{"not_picked":["Lockon","Steam"],"picked":"Chill","floor":5.0},{"not_picked":["Stack","Barrage"],"picked":"Hologram","floor":7.0},{"not_picked":["Steam","Turbo"],"picked":"Coolheaded","floor":10},{"not_picked":["Fission","Leap"],"picked":"Ball Lightning","floor":12}],"player_experience":260997,"relics_obtained":[{"floor":7.0,"key":"Bag of Preparation"},{"floor":9.0,"key":"Strawberry"}],"event_choices":[{"damage_healed":0.0,"max_hp_gain":0.0,"max_hp_loss":0.0,"gold_gain":75.0,"event_name":"World of Goop","player_choice":"Gather Gold","floor":8.0,"gold_loss":0.0,"damage_taken":11.0},{"damage_healed":0,"gold_gain":0,"player_choice":"Take Damage","damage_taken":20,"relics_obtained":["Golden Idol"],"max_hp_gain":0,"max_hp_loss":0,"event_name":"Golden Idol","floor":14,"gold_loss":0}],"is_beta":false,"boss_relics":[],"items_purged_floors":[],"is_endless":false,"potions_floor_spawned":[3,4,7],"killed_by":"Slime Boss","ascension_level":2}}