{"host":"4qkvkh7pd9qr2mca","time":1610654910,"event":{"mods":["AchievementEnabler","Act Like it!","BaseMod","Colored Map","Colored Powertips","Highlight Path","Minty Spire (QoL Compilation)","Pale of the Ancients","Permanent Neow","Quick Restart","Relic Stats","StSLib","SuperFastMode"],"gold_per_floor":[17,29,44,64,79,111,111,111,137,169,184,209,71,87,87,162,162,177,187,217,236,236,236],"floor_reached":22,"language":"ENG","playtime":1145,"items_purged":[],"score":420,"play_id":"85592a63-acdb-4a27-b0c9-bd47a5c837c7","local_time":"20210114210830","is_ascension_mode":true,"campfire_choices":[],"circlet_count":0,"master_deck":["AscendersBane","Strike_G","Strike_G","Strike_G","Defend_G","Defend_G","Defend_G","Defend_G","Survivor","Neutralize","Terror","Flying Knee","Noxious Fumes","Crippling Poison","All Out Attack","Calculated Gamble","Bouncing Flask","Escape Plan","Blade Dance","Dodge and Roll","PiercingWail","Well Laid Plans","Deadly Poison","Venomology","CurseOfTheBell","Blade Dance+1","Catalyst"],"relics":["Ring of the Snake","Nunchaku","Tiny Chest","Oddly Smooth Stone","MawBank","Calling Bell","Bag of Marbles","White Beast Statue","Ice Cream","Red Mask"],"acts_visited":["Exordium","TheCity"],"potions_floor_usage":[],"damage_taken":[],"seed_played":"-7227831181983120219","potions_obtained":[],"is_trial":false,"path_per_floor":[],"character_chosen":"THE_SILENT","items_purchased":[],"campfire_rested":2,"item_purchase_floors":[],"current_hp_per_floor":[],"gold":236,"neow_bonus":"TRANSFORM_TWO_CARDS","is_daily":false,"chose_seed":false,"campfire_upgraded":0,"win_rate":0.0,"timestamp":1610654910,"path_taken":[],"items_purchased_type":["Card"],"build_version":"2020-12-22","purchased_purges":1,"victory":false,"max_hp_per_floor":[],"relic_stats":{"Nunchaku":[7],"counters":[16,71],"Tiny Chest":0,"MawBank":12,"obtain_stats":[{"Calling Bell":17,"Ice Cream":17,"Nunchaku":6,"Oddly Smooth Stone":10,"Tiny Chest":9,"Bag of Marbles":17,"Red Mask":20,"MawBank":12,"White Beast Statue":17,"Ring of the Snake":0},{"Calling Bell":11,"Ice Cream":11,"Nunchaku":6,"Oddly Smooth Stone":7,"Tiny Chest":6,"Bag of Marbles":11,"Red Mask":14,"MawBank":9,"White Beast Statue":11,"Ring of the Snake":0},{"Calling Bell":48,"Ice Cream":48,"Nunchaku":22,"Oddly Smooth Stone":27,"Tiny Chest":22,"Bag of Marbles":48,"Red Mask":61,"MawBank":35,"White Beast Statue":48,"Ring of the Snake":0}],"Ring of the Snake":[32]},"card_choices":[],"player_experience":548419,"relics_obtained":[],"event_choices":[],"is_beta":false,"boss_relics":[],"items_purged_floors":[],"is_endless":false,"potions_floor_spawned":[],"killed_by":"Cultist and Chosen","ascension_level":20}}