{"host":"l60rmjjsfi0fipmi","time":1610590460,"event":{"mods":["BaseMod","Colored Map","DeckTracker","Hermit","Highlight Path","Jorbs\u0027s Wanderer Trilogy","Minty Spire (QoL Compilation)","StSLib","The Cursed"],"gold_per_floor":[110,121,121,137,21,21,55,55,55,87,97,97,130,150,150,246,246,259,240,155,155,80,107,107,118,118,218,218,237,237,250,250,346,346,362,372,198,198,198],"floor_reached":38,"language":"ENG","playtime":2670,"items_purged":["Defend_B","Strike_B"],"score":497,"play_id":"c700a913-89be-4e32-8ed6-74504aa1c200","local_time":"20210113211420","is_ascension_mode":true,"campfire_choices":[{"data":"Cold Snap","floor":6,"key":"SMITH"},{"data":"Glacier","floor":8,"key":"SMITH"},{"data":"Blizzard","floor":12,"key":"SMITH"},{"floor":15,"key":"REST"},{"floor":24,"key":"REST"},{"floor":28,"key":"REST"},{"floor":32,"key":"REST"}],"circlet_count":0,"master_deck":["Strike_B","Strike_B","Defend_B","Defend_B","Zap","Dualcast+1","Sweeping Beam","Compile Driver","Cold Snap+1","Glacier+1","Blizzard+1","Beam Cell","Gash","Hello World+1","Hologram","Echo Form+1","BootSequence+1","Blizzard","Darkness","Melter","Streamline+1","Coolheaded","Creative AI+1","Self Repair+1","Capacitor+1"],"relics":["Cracked Core","HornCleat","Mango","Frozen Egg 2","Eternal Feather","Tiny Chest","Black Star","Boot","Gremlin Horn","Vajra","Nunchaku","Calipers","Bottled Tornado","White Beast Statue","SacredBark"],"acts_visited":["Exordium","TheCity","TheBeyond"],"potions_floor_usage":[23,27,27,33,36],"damage_taken":[{"damage":3,"enemies":"Small Slimes","floor":1,"turns":3},{"damage":2,"enemies":"Jaw Worm","floor":2,"turns":3},{"damage":6,"enemies":"2 Louse","floor":4,"turns":2},{"damage":9,"enemies":"3 Sentries","floor":7,"turns":8},{"damage":18,"enemies":"Gremlin Nob","floor":10,"turns":4},{"damage":2,"enemies":"Exordium Wildlife","floor":11,"turns":5},{"damage":3,"enemies":"Lagavulin","floor":13,"turns":6},{"damage":13,"enemies":"Lots of Slimes","floor":14,"turns":4},{"damage":44,"enemies":"Hexaghost","floor":16,"turns":13},{"damage":19,"enemies":"3 Byrds","floor":18,"turns":5},{"damage":13,"enemies":"2 Thieves","floor":19,"turns":4},{"damage":42,"enemies":"Book of Stabbing","floor":23,"turns":7},{"damage":1,"enemies":"3 Cultists","floor":25,"turns":5},{"damage":21,"enemies":"Colosseum Slavers","floor":27,"turns":5},{"damage":18,"enemies":"Colosseum Nobs","floor":27,"turns":6},{"damage":16,"enemies":"Snecko","floor":29,"turns":7},{"damage":9,"enemies":"Shelled Parasite and Fungi","floor":31,"turns":5},{"damage":41,"enemies":"Collector","floor":33,"turns":11},{"damage":55,"enemies":"3 Darklings","floor":35,"turns":6},{"damage":23,"enemies":"Orb Walker","floor":36,"turns":6},{"damage":37,"enemies":"Maw","floor":38,"turns":5}],"seed_played":"5930787387781397647","potions_obtained":[{"floor":1,"key":"Swift Potion"},{"floor":10,"key":"Dexterity Potion"},{"floor":13,"key":"EssenceOfDarkness"},{"floor":18,"key":"BlessingOfTheForge"},{"floor":23,"key":"Weak Potion"},{"floor":29,"key":"EssenceOfDarkness"},{"floor":31,"key":"AttackPotion"},{"floor":33,"key":"SneckoOil"},{"floor":35,"key":"ColorlessPotion"},{"floor":36,"key":"FocusPotion"}],"is_trial":false,"path_per_floor":["M","M","?","M","$","R","E","R","T","E","M","R","E","M","R","B",null,"M","M","?","?","$","E","R","M","T","?","R","M","T","M","R","B",null,"M","M","$","M"],"character_chosen":"DEFECT","items_purchased":["Glacier","Blizzard","Capacitor+1"],"campfire_rested":4,"item_purchase_floors":[5,5,37],"current_hp_per_floor":[72,70,67,61,61,61,66,66,66,48,46,55,52,39,74,30,89,70,57,57,57,57,15,53,52,52,13,51,35,35,26,64,23,89,34,31,31,0,0],"gold":198,"neow_bonus":"UPGRADE_CARD","is_daily":false,"chose_seed":false,"campfire_upgraded":3,"win_rate":0.0,"timestamp":1610590460,"path_taken":["M","M","?","M","$","R","E","R","T","E","M","R","E","M","R","BOSS","M","M","?","?","$","E","R","M","T","?","R","M","?","M","R","BOSS","M","M","$","?"],"items_purchased_type":["Card","Card","Card"],"build_version":"2020-12-22","purchased_purges":2,"victory":false,"max_hp_per_floor":[75,75,75,75,75,75,89,89,89,89,89,89,89,89,89,89,89,89,89,89,89,89,89,89,89,89,89,89,89,89,89,89,89,89,89,89,89,89,89],"card_choices":[{"not_picked":["BootSequence","Aggregate"],"picked":"Sweeping Beam","floor":1},{"not_picked":["Hologram","Steam"],"picked":"Compile Driver","floor":2},{"not_picked":["Compile Driver","Turbo"],"picked":"Cold Snap","floor":4},{"not_picked":["Hello World","Steam Power"],"picked":"Beam Cell","floor":7},{"not_picked":["Skim","Force Field"],"picked":"Gash","floor":10},{"not_picked":["Beam Cell","Turbo","Sweeping Beam"],"picked":"SKIP","floor":11},{"not_picked":["Genetic Algorithm","Scrape"],"picked":"Hello World+1","floor":13},{"not_picked":["Consume","Gash"],"picked":"Hologram","floor":14},{"not_picked":["Hyperbeam","All For One"],"picked":"Echo Form+1","floor":16},{"not_picked":["Reinforced Body","Turbo"],"picked":"BootSequence+1","floor":18},{"not_picked":["Compile Driver","Genetic Algorithm"],"picked":"Blizzard","floor":19},{"not_picked":["Darkness","Beam Cell","Compile Driver+1"],"picked":"SKIP","floor":23},{"not_picked":["Go for the Eyes","Hologram"],"picked":"Streamline+1","floor":25},{"not_picked":["Sweeping Beam+1","Gash+1"],"picked":"Coolheaded","floor":27},{"not_picked":["Streamline","Fusion","Cold Snap"],"picked":"SKIP","floor":29},{"not_picked":["Consume","Steam","Beam Cell"],"picked":"SKIP","floor":31},{"not_picked":["Buffer+1","Hyperbeam"],"picked":"Creative AI+1","floor":33},{"not_picked":["Consume+1","Redo+1"],"picked":"Self Repair+1","floor":35},{"not_picked":["Leap+1","Coolheaded+1","Hologram"],"picked":"SKIP","floor":36}],"player_experience":389085,"relics_obtained":[{"floor":7,"key":"Mango"},{"floor":9,"key":"Frozen Egg 2"},{"floor":10,"key":"Eternal Feather"},{"floor":13,"key":"Tiny Chest"},{"floor":23,"key":"Gremlin Horn"},{"floor":23,"key":"Vajra"},{"floor":26,"key":"Nunchaku"},{"floor":27,"key":"Calipers"},{"floor":27,"key":"Bottled Tornado"},{"floor":30,"key":"White Beast Statue"}],"event_choices":[{"damage_healed":0,"gold_gain":0,"player_choice":"Success","damage_taken":3,"relics_obtained":["HornCleat"],"max_hp_gain":0,"max_hp_loss":0,"event_name":"Scrap Ooze","floor":3,"gold_loss":0},{"damage_healed":0,"gold_gain":0,"player_choice":"Obtained Relic","damage_taken":0,"relics_obtained":["Boot"],"max_hp_gain":0,"max_hp_loss":0,"event_name":"Addict","floor":20,"gold_loss":85},{"damage_healed":0,"gold_gain":0,"cards_transformed":["Defend_B","Strike_B"],"player_choice":"Became Test Subject","damage_taken":0,"max_hp_gain":0,"max_hp_loss":0,"event_name":"Drug Dealer","floor":21,"gold_loss":0,"cards_obtained":["Darkness","Melter"]},{"damage_healed":0,"gold_gain":0,"player_choice":"Fight","damage_taken":0,"max_hp_gain":0,"max_hp_loss":0,"event_name":"Colosseum","floor":27,"gold_loss":0},{"damage_healed":0,"gold_gain":0,"player_choice":"Fought Nobs","damage_taken":0,"max_hp_gain":0,"max_hp_loss":0,"event_name":"Colosseum","floor":27,"gold_loss":0}],"is_beta":false,"boss_relics":[{"not_picked":["Snecko Eye","Sozu"],"picked":"Black Star"},{"not_picked":["Busted Crown","Philosopher\u0027s Stone"],"picked":"SacredBark"}],"items_purged_floors":[22,37],"is_endless":false,"potions_floor_spawned":[1,10,13,14,16,18,23,27,29,31,33,35,36],"killed_by":"Maw","ascension_level":4}}