{"host":"7uuqqk35leady37t","time":1610615777,"event":{"mods":["BaseMod","Colored Map","Colored Powertips","Marisa£®ÏF”Í°°ƒß¿Ì…≥£©","Minty Spire (QoL Compilation)","Relic Stats","Remilia£®¿Ÿ√◊¿Ú—«£©","Replay The Spire","Robot Space Explorer","StSLib","The Bug Knight","The Servant 0.9.4","UnlockEverythingMod","Waifu the Spire","Yuri Mod","[IsaacMod]“‘»ˆº‚À˛"],"gold_per_floor":[118,170,219,234,268,314,10,10,10],"floor_reached":8,"language":"ZHS","playtime":327,"items_purged":[],"score":59,"play_id":"f4c3dfa5-4229-4879-9c8c-104159f7d1b1","local_time":"20210114171617","is_ascension_mode":true,"campfire_choices":[],"circlet_count":0,"master_deck":["Strike_MRS","Strike_MRS","Strike_MRS","Defend_MRS","Defend_MRS","Defend_MRS","Defend_MRS","MasterSpark","UpSweep","TreasureHunter+1","WitchOfGreed","DoubleSpark","DoubleSpark","OortCloud","DoubleSpark","ManaRampage+1","Pot Of Greed","Pot Of Greed"],"relics":["MiniHakkero","HushsDoor","MaYiHuaBei","Bag of Marbles","Lantern","BookOfRevelations","Grinning Jar","Guide Book"],"acts_visited":["Exordium"],"potions_floor_usage":[6,6],"damage_taken":[{"damage":0,"enemies":"Cultist","floor":1,"turns":1},{"damage":0,"enemies":"2 Louse","floor":4,"turns":1},{"damage":4,"enemies":"Jaw Worm","floor":5,"turns":3},{"damage":18,"enemies":"3 Sentries","floor":6,"turns":9},{"damage":8,"enemies":"Lagavulin","floor":8,"turns":3}],"seed_played":"-5619317405294986755","potions_obtained":[{"floor":1,"key":"Death Potion"},{"floor":2,"key":"Flashbang"},{"floor":5,"key":"Energy Potion"},{"floor":6,"key":"LiquidMemories"}],"is_trial":false,"path_per_floor":["M","?","?","M","M","E","$","E"],"character_chosen":"MARISA","items_purchased":["Grinning Jar","Guide Book"],"campfire_rested":0,"item_purchase_floors":[7,7],"current_hp_per_floor":[75,45,30,30,26,8,8,0,0],"gold":10,"neow_bonus":"TRANSFORM_CARD","is_daily":false,"chose_seed":false,"campfire_upgraded":0,"win_rate":0.0,"timestamp":1610615777,"path_taken":["M","?","?","M","M","E","$","E"],"items_purchased_type":["Relic","Relic"],"build_version":"2020-12-22","purchased_purges":0,"victory":false,"max_hp_per_floor":[75,75,75,75,75,75,75,75,75],"relic_stats":{"counters":[5,17],"obtain_stats":[{"KeepersGift":0,"MaYiHuaBei":0,"Lantern":6,"Guide Book":7,"BookOfRevelations":6,"Bag of Marbles":2,"MiniHakkero":0,"Grinning Jar":7,"HushsDoor":0},{"KeepersGift":0,"MaYiHuaBei":0,"Lantern":4,"Guide Book":4,"BookOfRevelations":4,"Bag of Marbles":1,"MiniHakkero":0,"Grinning Jar":4,"HushsDoor":0},{"KeepersGift":0,"MaYiHuaBei":0,"Lantern":14,"Guide Book":14,"BookOfRevelations":14,"Bag of Marbles":1,"MiniHakkero":0,"Grinning Jar":14,"HushsDoor":0}]},"card_choices":[{"not_picked":[],"picked":"Bomb","floor":0},{"not_picked":["Acceleration","DeepEcoloBomb"],"picked":"WitchOfGreed","floor":1},{"not_picked":["DC","SuperPerseids"],"picked":"DoubleSpark","floor":2},{"not_picked":["SporeBomb","IllusionStar"],"picked":"DoubleSpark","floor":2},{"not_picked":["GravityBeat","GasGiant"],"picked":"OortCloud","floor":4},{"not_picked":["DC","OneTimeOff"],"picked":"DoubleSpark","floor":5},{"not_picked":["OpenUniverse","PowerUp"],"picked":"ManaRampage","floor":6}],"player_experience":57559,"relics_obtained":[{"floor":2,"key":"Bag of Marbles"},{"floor":6,"key":"Lantern"},{"floor":6,"key":"BookOfRevelations"}],"event_choices":[],"is_beta":false,"boss_relics":[],"items_purged_floors":[],"is_endless":false,"potions_floor_spawned":[1,5],"killed_by":"Lagavulin","ascension_level":1}}