{"host":"rz8ryyppw1rffr47","time":1610635469,"event":{"mods":["BaseMod","BetterRewards","Downfall","Googly Eyes","Minty Spire (QoL Compilation)","Quick Restart","Replay The Spire","StSLib","slay the spire mod where everything is the same but ironclad has a cowboy hat"],"gold_per_floor":[99,99,99,99,99,99,126,126,138,220,321,321,162,181,194,194,194,194],"floor_reached":16,"language":"ENG","playtime":456,"items_purged":[],"score":111,"play_id":"6f994e80-ea04-41c9-be75-9b79f032785d","local_time":"20210114144429","is_ascension_mode":false,"campfire_choices":[{"data":"Slimebound:Split","floor":1,"key":"SMITH"},{"floor":12,"key":"REST"}],"circlet_count":0,"master_deck":["Slimebound:Strike_Slimebound","Slimebound:Strike_Slimebound","Slimebound:Tackle","Slimebound:Defend_Slimebound","Slimebound:Defend_Slimebound","Slimebound:Defend_Slimebound","Slimebound:Defend_Slimebound","Slimebound:Split+1","Slimebound:CorrosiveSpit","Slimebound:AcidTongue","Slimebound:AcidTongue","Slimebound:GoopSpray","Slimebound:FormOfPuddle","Slimebound:SlimeSpikes","Slimebound:RejuvenatingLick","Slimebound:Split+1","Slimebound:Schlurp","Slimebound:ViciousTackle"],"relics":["Slimebound:AbsorbEndCombat","downfall:HeartsMalice","Tiny Chest","Happy Flower","Snack Pack","Smiling Mask","DollysMirror"],"acts_visited":["Exordium"],"potions_floor_usage":[16,16,16],"damage_taken":[{"damage":0,"enemies":"2 Louse","floor":2,"turns":1},{"damage":0,"enemies":"Small Slimes","floor":6,"turns":1},{"damage":0,"enemies":"Cultist","floor":8,"turns":1},{"damage":35,"enemies":"Lots of Slimes","floor":9,"turns":4},{"damage":13,"enemies":"downfall:FleeingMerchant","floor":13,"turns":4},{"damage":25,"enemies":"Large Slime","floor":14,"turns":4},{"damage":18,"enemies":"2 Fungi Beasts","floor":15,"turns":3},{"damage":78,"enemies":"downfall:Defect","floor":16,"turns":5}],"seed_played":"-9053519306060869611","potions_obtained":[{"floor":9,"key":"EssenceOfSteel"},{"floor":14,"key":"Fruit Juice"},{"floor":15,"key":"LifebloodPotion"}],"is_trial":false,"path_per_floor":["R","M","?","?","?","M","T","M","M","T","?","R","$","M","M","B"],"character_chosen":"SLIMEBOUND","items_purchased":["DollysMirror"],"campfire_rested":1,"item_purchase_floors":[13],"current_hp_per_floor":[60,60,42,42,60,60,60,60,49,49,34,52,59,57,55,0,0,0],"gold":194,"neow_bonus":"THREE_ENEMY_KILL","is_daily":false,"chose_seed":false,"campfire_upgraded":1,"win_rate":0.0,"timestamp":1610635469,"path_taken":["R","M","?","?","?","?","T","M","M","?","?","R","$","M","M","BOSS"],"items_purchased_type":["Relic"],"build_version":"2020-12-22","purchased_purges":0,"victory":false,"max_hp_per_floor":[60,60,60,60,60,60,60,60,60,60,60,60,60,60,60,65,65,65],"card_choices":[{"not_picked":["Slimebound:SlimeSpikes","Slimebound:FinishingTackle"],"picked":"Slimebound:AcidTongue","floor":2},{"not_picked":["Slimebound:LeechingTouch","Slimebound:PressTheAttack"],"picked":"Slimebound:AcidTongue","floor":6},{"not_picked":["Slimebound:SplitBruiser","Slimebound:SplitMire"],"picked":"Slimebound:GoopSpray","floor":8},{"not_picked":["Slimebound:DouseInSlime","Slimebound:ComboTackle","Slimebound:SplitAcid"],"picked":"SKIP","floor":9},{"not_picked":["Slimebound:SplitLeeching","Slimebound:PressTheAttack"],"picked":"Slimebound:FormOfPuddle","floor":11},{"not_picked":["Slimebound:ServeAndProtect","Slimebound:Repurpose"],"picked":"Slimebound:SlimeSpikes","floor":11},{"not_picked":["Slimebound:Gluttony","Slimebound:SamplingLick"],"picked":"Slimebound:RejuvenatingLick","floor":13},{"not_picked":["Slimebound:Prepare","Slimebound:SlimeBarrage"],"picked":"Slimebound:Schlurp","floor":14},{"not_picked":["Slimebound:DuplicatedForm","Slimebound:ServeAndProtect"],"picked":"Slimebound:ViciousTackle","floor":15}],"player_experience":370882,"relics_obtained":[{"floor":7,"key":"Happy Flower"},{"floor":10,"key":"Snack Pack"},{"floor":11,"key":"Smiling Mask"}],"event_choices":[{"damage_healed":0,"gold_gain":0,"player_choice":"Success","damage_taken":18,"relics_obtained":["Tiny Chest"],"max_hp_gain":0,"max_hp_loss":0,"event_name":"Scrap Ooze","floor":3,"gold_loss":0},{"damage_healed":18,"gold_gain":0,"player_choice":"Full Heal","damage_taken":0,"max_hp_gain":0,"max_hp_loss":0,"event_name":"Wheel of Change","floor":5,"gold_loss":0}],"is_beta":false,"boss_relics":[],"items_purged_floors":[],"is_endless":false,"potions_floor_spawned":[9,14,15],"killed_by":"downfall:Defect","ascension_level":0}}