{"host":"Rowan","time":1610654457,"event":{"mods":["BaseMod","Minty Spire (QoL Compilation)"],"gold_per_floor":[117,117,132,152,168,168,178,205,205,205,237,255,272,285,285,383,383,401,401,45,61,61,61,74,74,74,89,89,117,131,162,162,259,259,278,278,296,71,71,71,82,82,107,107,120,153,165,191,203,215,215],"floor_reached":50,"language":"ENG","playtime":2997,"items_purged":["Deadly Poison"],"score":576,"play_id":"0a614427-4f13-4951-9b60-1fe1361d5bef","local_time":"20210114120057","is_ascension_mode":false,"campfire_choices":[{"floor":6,"key":"RECALL"},{"data":"Terror","floor":15,"key":"SMITH"},{"data":"Accuracy","floor":23,"key":"SMITH"},{"data":"Envenom","floor":25,"key":"SMITH"},{"data":"Sucker Punch","floor":28,"key":"SMITH"},{"data":"Die Die Die","floor":32,"key":"SMITH"},{"data":"Infinite Blades","floor":40,"key":"SMITH"},{"floor":42,"key":"REST"},{"data":"Blade Dance","floor":44,"key":"SMITH"},{"floor":49,"key":"REST"}],"circlet_count":0,"master_deck":["Strike_G","Defend_G","Defend_G","Defend_G","Defend_G","Defend_G","Survivor","Neutralize+1","Blade Dance+1","Die Die Die+1","Acrobatics","PiercingWail","Blur","Heel Hook","Finisher","Terror+1","Accuracy+1","Deadly Poison","Envenom+1","Sucker Punch+1","Caltrops","Cloak And Dagger","Cloak And Dagger+1","Dagger Spray+1","Backstab+1","Leg Sweep","Blade Dance+1","Caltrops+1","Tactician+1","Poisoned Stab+1","Panache","Infinite Blades+1","Writhe","Catalyst+1","Footwork","Storm of Steel","Deflect+1","Deflect+1"],"relics":["Busted Crown","Tiny Chest","Calipers","WristBlade","Oddly Smooth Stone","Question Card","Bottled Lightning","CaptainsWheel","Orichalcum","Astrolabe","Happy Flower","Dream Catcher","MawBank","Toxic Egg 2"],"acts_visited":["Exordium","TheCity","TheBeyond"],"potions_floor_usage":[8,11,24,30,33,33,48,50],"damage_taken":[{"damage":1,"enemies":"Cultist","floor":1,"turns":5},{"damage":0,"enemies":"Small Slimes","floor":3,"turns":2},{"damage":0,"enemies":"2 Louse","floor":4,"turns":2},{"damage":0,"enemies":"Blue Slaver","floor":5,"turns":4},{"damage":0,"enemies":"Exordium Wildlife","floor":7,"turns":4},{"damage":14,"enemies":"Lagavulin","floor":8,"turns":7},{"damage":26,"enemies":"Gremlin Nob","floor":11,"turns":5},{"damage":0,"enemies":"2 Fungi Beasts","floor":12,"turns":2},{"damage":0,"enemies":"Blue Slaver","floor":13,"turns":4},{"damage":0,"enemies":"Large Slime","floor":14,"turns":4},{"damage":17,"enemies":"The Guardian","floor":16,"turns":8},{"damage":0,"enemies":"3 Byrds","floor":18,"turns":5},{"damage":10,"enemies":"Spheric Guardian","floor":21,"turns":3},{"damage":8,"enemies":"Snake Plant","floor":24,"turns":3},{"damage":2,"enemies":"Snecko","floor":27,"turns":3},{"damage":0,"enemies":"Gremlin Leader","floor":29,"turns":6},{"damage":0,"enemies":"Sentry and Sphere","floor":30,"turns":4},{"damage":20,"enemies":"Slavers","floor":31,"turns":6},{"damage":34,"enemies":"Automaton","floor":33,"turns":9},{"damage":0,"enemies":"Orb Walker","floor":35,"turns":3},{"damage":25,"enemies":"3 Darklings","floor":37,"turns":3},{"damage":35,"enemies":"Writhing Mass","floor":41,"turns":6},{"damage":6,"enemies":"Sphere and 2 Shapes","floor":45,"turns":4},{"damage":22,"enemies":"Reptomancer","floor":46,"turns":5},{"damage":11,"enemies":"3 Darklings","floor":48,"turns":3},{"damage":63,"enemies":"Awakened One","floor":50,"turns":5}],"seed_played":"3047705167557797197","potions_obtained":[{"floor":3,"key":"Poison Potion"},{"floor":4,"key":"SneckoOil"},{"floor":5,"key":"Fruit Juice"},{"floor":11,"key":"Weak Potion"},{"floor":21,"key":"Fire Potion"},{"floor":24,"key":"Block Potion"},{"floor":29,"key":"Block Potion"},{"floor":37,"key":"FairyPotion"},{"floor":45,"key":"Energy Potion"},{"floor":46,"key":"LiquidMemories"}],"is_trial":false,"path_per_floor":["M","?","M","M","M","R","M","E","T","?","E","M","M","M","R","B",null,"M","?","$","M","T","R","M","R","T","M","R","E","M","E","R","B",null,"M","?","M","$","?","R","M","R","T","R","M","E","T","M","R","B"],"character_chosen":"THE_SILENT","items_purchased":["Oddly Smooth Stone","Caltrops","Cloak And Dagger","Happy Flower","Infinite Blades"],"campfire_rested":2,"item_purchase_floors":[20,20,20,38,38],"current_hp_per_floor":[69,69,69,69,69,69,69,55,55,55,34,34,34,34,34,17,75,75,75,75,65,65,65,57,57,57,55,55,55,55,35,35,1,75,75,75,50,50,69,69,34,56,56,56,50,28,28,17,39,0,0],"gold":215,"neow_bonus":"BOSS_RELIC","is_daily":false,"chose_seed":false,"campfire_upgraded":7,"win_rate":0.0,"timestamp":1610654457,"path_taken":["M","?","M","?","M","R","M","E","T","?","E","M","?","M","R","BOSS","M","?","$","M","?","R","M","R","T","?","R","E","M","E","R","BOSS","M","?","M","$","?","R","M","R","T","R","M","E","?","M","R","BOSS"],"items_purchased_type":["Relic","Card","Card","Relic","Card"],"build_version":"2020-12-18","purchased_purges":1,"victory":false,"max_hp_per_floor":[70,70,70,70,70,70,70,70,70,70,75,75,75,75,75,75,75,75,75,75,75,75,75,75,75,75,75,75,75,75,75,75,75,75,75,75,75,75,75,75,75,75,75,75,75,75,75,75,75,75,75],"card_choices":[{"not_picked":[],"picked":"Blade Dance","floor":1},{"not_picked":[],"picked":"Acrobatics","floor":3},{"not_picked":[],"picked":"PiercingWail","floor":4},{"not_picked":[],"picked":"Blur","floor":5},{"not_picked":[],"picked":"Heel Hook","floor":7},{"not_picked":[],"picked":"Finisher","floor":8},{"not_picked":[],"picked":"Terror","floor":11},{"not_picked":[],"picked":"Accuracy","floor":12},{"not_picked":[],"picked":"Deadly Poison","floor":13},{"not_picked":[],"picked":"Deadly Poison","floor":14},{"not_picked":[],"picked":"Envenom","floor":16},{"not_picked":[],"picked":"Sucker Punch","floor":18},{"not_picked":["Acrobatics"],"picked":"SKIP","floor":21},{"not_picked":["Masterful Stab"],"picked":"Cloak And Dagger+1","floor":24},{"not_picked":["Sucker Punch"],"picked":"Dagger Spray+1","floor":27},{"not_picked":["Quick Slash"],"picked":"Backstab+1","floor":29},{"not_picked":["Quick Slash+1"],"picked":"Leg Sweep","floor":30},{"not_picked":["Unload"],"picked":"Blade Dance+1","floor":31},{"not_picked":["Riddle With Holes","Poisoned Stab+1"],"picked":"SKIP","floor":35},{"not_picked":["Mind Blast"],"picked":"Panache","floor":36},{"not_picked":["Eviscerate+1","Poisoned Stab"],"picked":"SKIP","floor":37},{"not_picked":["Dagger Spray+1"],"picked":"Catalyst+1","floor":41},{"not_picked":["Dagger Throw"],"picked":"Footwork","floor":45},{"not_picked":["Prepared+1"],"picked":"Storm of Steel","floor":46},{"not_picked":["Slice"],"picked":"Deflect+1","floor":48},{"not_picked":["Heel Hook+1"],"picked":"Deflect+1","floor":49}],"player_experience":361681,"relics_obtained":[{"floor":8,"key":"Tiny Chest"},{"floor":11,"key":"Calipers"},{"floor":22,"key":"Question Card"},{"floor":26,"key":"Bottled Lightning"},{"floor":29,"key":"CaptainsWheel"},{"floor":31,"key":"Orichalcum"},{"floor":43,"key":"Dream Catcher"},{"floor":46,"key":"MawBank"},{"floor":47,"key":"Toxic Egg 2"}],"event_choices":[{"damage_healed":0,"gold_gain":0,"cards_transformed":["Strike_G"],"player_choice":"Transformed","damage_taken":0,"max_hp_gain":0,"max_hp_loss":0,"event_name":"Transmorgrifier","floor":2,"gold_loss":0,"cards_obtained":["Die Die Die"]},{"damage_healed":0,"gold_gain":0,"player_choice":"Upgraded","damage_taken":0,"max_hp_gain":0,"max_hp_loss":0,"event_name":"Upgrade Shrine","floor":10,"gold_loss":0,"cards_upgraded":["Neutralize"]},{"damage_healed":0,"gold_gain":0,"player_choice":"Ignored","damage_taken":0,"max_hp_gain":0,"max_hp_loss":0,"event_name":"Ghosts","floor":19,"gold_loss":0},{"damage_healed":0,"gold_gain":0,"player_choice":"Memory 1","damage_taken":0,"max_hp_gain":0,"max_hp_loss":0,"event_name":"SensoryStone","floor":36,"gold_loss":0},{"damage_healed":19,"gold_gain":0,"player_choice":"Writhe","damage_taken":0,"max_hp_gain":0,"max_hp_loss":0,"event_name":"Winding Halls","floor":39,"gold_loss":0,"cards_obtained":["Writhe"]}],"is_beta":true,"boss_relics":[{"not_picked":["Fusion Hammer","Sozu"],"picked":"WristBlade"},{"not_picked":["Philosopher\u0027s Stone","Snecko Eye"],"picked":"Astrolabe"}],"items_purged_floors":[20],"is_endless":false,"potions_floor_spawned":[3,4,5,11,21,24,29,37,45,46],"killed_by":"Awakened One","ascension_level":0}}