{"host":"126yiuos2nq86se7","time":1610585606,"event":{"mods":["AchievementEnabler","Act Like it!","BaseMod","Colored Map","Colored Powertips","Downfall","Friendly Minions","Halation","Highlight Path","Jorbs\u0027s Wanderer Trilogy","Marisa????????","Minty Spire (QoL Compilation)","Replay The Spire","StSLib","SuperFastMode","The Animator","The Hierophant"],"gold_per_floor":[115,40,40,40,52,52,119,119,166,197,207,218,218,268,268,370,370,354,367,386,400,450,450,463,463,536,554,616,666,666,680,680,776,776,793,793,843,858,908,908,927,927,952,962,1012,1075,1125,1192,1192,1192],"floor_reached":51,"language":"ENG","playtime":3077,"items_purged":["Strike_MRS"],"score":919,"play_id":"39bfc0b1-5977-481f-b322-1c5c60ebc2ae","local_time":"20210114115326","is_ascension_mode":true,"campfire_choices":[{"data":"OortCloud","floor":6,"key":"SMITH"},{"data":"OortCloud","floor":8,"key":"SMITH"},{"data":"OrrerysSun","floor":13,"key":"SMITH"},{"data":"MasterSpark","floor":23,"key":"SMITH"},{"data":"UpSweep","floor":25,"key":"SMITH"},{"data":"Acceleration","floor":30,"key":"SMITH"},{"data":"SatelliteIllusion","floor":32,"key":"SMITH"},{"data":"BlazeAway","floor":40,"key":"SMITH"},{"data":"MagicAbsorber","floor":42,"key":"SMITH"},{"floor":49,"key":"REST"}],"circlet_count":0,"master_deck":["Defend_MRS","Defend_MRS","Defend_MRS","Defend_MRS","MasterSpark+1","UpSweep+1","OortCloud+1","OortCloud+1","EarthLightRay+1","OrrerysSun+1","Acceleration+1","SatelliteIllusion+1","MagicAbsorber+1","GrandCross","MagicAbsorber","ShootingEcho+1","PulseMagic","AsteroidBelt+1","ShootTheMoon+1","GasGiant","UltimateShortwave","BlazeAway+1","LuminesStrike+1","Madness","Madness","AsteroidBelt"],"relics":["MiniHakkero","SsserpentHead","halation:PrussianBluePaint","Art of War","halation:PinkSoulGem","ReplayTheSpireMod:DimensionalGlitch","Bottled Lightning","halation:ForbiddenBikini","Toy Ornithopter"],"acts_visited":["Exordium","TheCity","TheBeyond"],"potions_floor_usage":[10,10,10,16,33,33,33,50,50],"damage_taken":[{"damage":0,"enemies":"Jaw Worm","floor":1,"turns":4},{"damage":1,"enemies":"2 Louse","floor":5,"turns":4},{"damage":0,"enemies":"Cultist","floor":7,"turns":3},{"damage":1,"enemies":"Replay:BlueRogue","floor":10,"turns":3},{"damage":4,"enemies":"Exordium Wildlife","floor":11,"turns":5},{"damage":2,"enemies":"Blue Slaver","floor":12,"turns":4},{"damage":17,"enemies":"Slime Boss","floor":16,"turns":21},{"damage":19,"enemies":"2 Thieves","floor":18,"turns":4},{"damage":2,"enemies":"3 Byrds","floor":19,"turns":9},{"damage":0,"enemies":"Snecko","floor":20,"turns":5},{"damage":10,"enemies":"Snake Plant","floor":21,"turns":6},{"damage":2,"enemies":"Cultist and Chosen","floor":24,"turns":6},{"damage":0,"enemies":"3 Cultists","floor":27,"turns":7},{"damage":12,"enemies":"Centurion and Healer","floor":28,"turns":5},{"damage":0,"enemies":"Chosen and Byrds","floor":31,"turns":8},{"damage":4,"enemies":"Pondfish","floor":33,"turns":12},{"damage":5,"enemies":"3 Darklings","floor":35,"turns":9},{"damage":2,"enemies":"Orb Walker","floor":38,"turns":5},{"damage":12,"enemies":"Jaw Worm Horde","floor":41,"turns":5},{"damage":10,"enemies":"4 Shapes","floor":44,"turns":13},{"damage":9,"enemies":"3 Darklings","floor":46,"turns":8},{"damage":0,"enemies":"Spire Growth","floor":48,"turns":5},{"damage":5,"enemies":"Donu and Deca","floor":50,"turns":8}],"seed_played":"-1793776438654118210","potions_obtained":[{"floor":0,"key":"SkillPotion"},{"floor":0,"key":"champ:CounterPotion"},{"floor":0,"key":"Strength Potion"},{"floor":5,"key":"ColorlessPotion"},{"floor":7,"key":"Strength Potion"},{"floor":12,"key":"Explosive Potion"},{"floor":16,"key":"Fire Potion"},{"floor":18,"key":"PowerPotion"},{"floor":21,"key":"sneckomod:MuddlingPotion"},{"floor":24,"key":"DistilledChaos"},{"floor":38,"key":"SpeedPotion"},{"floor":46,"key":"DistilledChaos"}],"is_trial":false,"path_per_floor":["M","$","?","?","M","R","M","R","T","E","M","M","R","?","R_BF","B",null,"M","M","M","M","?","R","M","R","T","M","M","?","R","M","R","B",null,"M","$","?","M","?","R","M","R","T","M","?","M","?","M","R","B",null],"character_chosen":"MARISA","items_purchased":[],"campfire_rested":1,"item_purchase_floors":[],"current_hp_per_floor":[75,75,68,68,67,67,67,67,67,66,66,68,68,68,75,64,75,59,60,63,56,56,56,57,57,57,60,51,51,51,54,54,53,75,70,70,70,71,71,71,62,62,62,55,46,40,40,43,65,69],"gold":1192,"neow_bonus":"THREE_SMALL_POTIONS","is_daily":false,"chose_seed":false,"campfire_upgraded":9,"win_rate":0.0,"timestamp":1610585606,"path_taken":["M","$","?","?","M","R","?","R","T","E","M","M","R","?","R_BF","BOSS","M","M","M","M","?","R","M","R","T","M","?","?","R","M","R","BOSS","M","$","?","M","?","R","M","R","T","M","?","?","?","?","R","BOSS"],"items_purchased_type":[],"build_version":"2020-12-22","purchased_purges":1,"victory":true,"max_hp_per_floor":[75,75,75,75,75,75,75,75,75,75,75,75,75,75,75,75,75,75,75,75,75,75,75,75,75,75,75,75,75,75,75,75,75,75,75,75,75,75,75,75,75,75,75,75,75,75,75,75,75,75],"card_choices":[{"not_picked":["BlazeAway","GrandCross"],"picked":"OortCloud","floor":1},{"not_picked":["MeteoricShower","DarkMatter"],"picked":"OortCloud","floor":5},{"not_picked":["DoubleSpark","PowerUp","NonDirectionalLaser"],"picked":"SKIP","floor":7},{"not_picked":["ChargingUp","Orbital"],"picked":"EarthLightRay","floor":10},{"not_picked":["SuperPerseids","ShootingEcho"],"picked":"OrrerysSun","floor":11},{"not_picked":["NonDirectionalLaser","MachineGunSpark"],"picked":"Acceleration","floor":12},{"not_picked":["EscapeVelocity","AbsoluteMagnitude"],"picked":"SatelliteIllusion","floor":16},{"not_picked":["Robbery","MeteoricShower"],"picked":"MagicAbsorber","floor":18},{"not_picked":["WitchOfGreed","ShootingEcho"],"picked":"GrandCross","floor":19},{"not_picked":["DC","WitchLeyline"],"picked":"MagicAbsorber","floor":20},{"not_picked":["LuminesStrike","DarkSpark"],"picked":"ShootingEcho+1","floor":21},{"not_picked":["UnstableBomb+1","ChargingUp"],"picked":"PulseMagic","floor":24},{"not_picked":["DC","DarkSpark"],"picked":"AsteroidBelt+1","floor":27},{"not_picked":["MysteriousBeam","PowerUp"],"picked":"ShootTheMoon+1","floor":28},{"not_picked":["GrandCross","6A"],"picked":"GasGiant","floor":31},{"not_picked":["ManaRampage","CollectingQuirk"],"picked":"UltimateShortwave","floor":33},{"not_picked":["StarlightTyphoon","MysteriousBeam"],"picked":"BlazeAway","floor":35},{"not_picked":["WitchOfGreed+1","GalacticHalo"],"picked":"MagicAbsorber+1","floor":38},{"not_picked":["IllusionStar+1","UnstableBomb+1","NonDirectionalLaser"],"picked":"SKIP","floor":41},{"not_picked":["MysteriousBeam+1","MachineGunSpark"],"picked":"LuminesStrike+1","floor":44},{"not_picked":["WitchOfGreed+1","ShootingEcho+1","MeteoricShower+1"],"picked":"SKIP","floor":46},{"not_picked":["UnstableBomb+1","MysteriousBeam+1"],"picked":"AsteroidBelt","floor":48}],"player_experience":1705288,"relics_obtained":[{"floor":9,"key":"halation:PrussianBluePaint"},{"floor":10,"key":"Art of War"},{"floor":26,"key":"Bottled Lightning"},{"floor":43,"key":"Toy Ornithopter"}],"event_choices":[{"cards_removed":["Strike_MRS"],"damage_healed":0,"gold_gain":0,"player_choice":"Card Removal","damage_taken":7,"max_hp_gain":0,"max_hp_loss":0,"event_name":"Golden Wing","floor":3,"gold_loss":0},{"damage_healed":0,"gold_gain":0,"player_choice":"Trade","damage_taken":0,"relics_obtained":["SsserpentHead"],"max_hp_gain":0,"max_hp_loss":0,"event_name":"FaceTrader","floor":4,"gold_loss":0},{"cards_removed":["Strike_MRS"],"damage_healed":0,"gold_gain":0,"player_choice":"Purged","damage_taken":0,"max_hp_gain":0,"max_hp_loss":0,"event_name":"Purifier","floor":22,"gold_loss":0},{"cards_removed":["Strike_MRS"],"damage_healed":0,"gold_gain":0,"player_choice":"Elegance","damage_taken":0,"max_hp_gain":0,"max_hp_loss":0,"event_name":"Back to Basics","floor":29,"gold_loss":0},{"damage_healed":0,"gold_gain":0,"player_choice":"Ignored","damage_taken":0,"max_hp_gain":0,"max_hp_loss":0,"event_name":"Tomb of Lord Red Mask","floor":37,"gold_loss":0},{"cards_removed":["MagicAbsorber"],"damage_healed":0,"gold_gain":0,"player_choice":"Removed Skill","damage_taken":0,"max_hp_gain":0,"max_hp_loss":0,"event_name":"Falling","floor":39,"gold_loss":0},{"damage_healed":0,"gold_gain":0,"player_choice":"Embrace Madness","damage_taken":9,"max_hp_gain":0,"max_hp_loss":0,"event_name":"Winding Halls","floor":45,"gold_loss":0,"cards_obtained":["Madness","Madness"]},{"damage_healed":0,"gold_gain":0,"player_choice":"Ignored","damage_taken":0,"max_hp_gain":0,"max_hp_loss":0,"event_name":"Purifier","floor":47,"gold_loss":0}],"is_beta":false,"boss_relics":[{"not_picked":["halation:PinkAlligatorPlush","Replay:Drink Me"],"picked":"ReplayTheSpireMod:DimensionalGlitch"},{"not_picked":["Coffee Dripper","Black Star"],"picked":"halation:ForbiddenBikini"}],"items_purged_floors":[2],"is_endless":false,"potions_floor_spawned":[5,7,12,16,18,21,24,28,38,46],"ascension_level":1}}