{"host":"dhlnk6yox2l1s6up","time":1610590846,"event":{"mods":["BaseMod","Colored Map","Highlight Path","Minty Spire (QoL Compilation)","Relic Stats","StSLib"],"gold_per_floor":[119,20,95,45,145,176,192,219,288,350,350,372,407,277,277,382,382,400,400,400,400,416,416,326,326,351,377,377,409,409,4,4,105,105,122,142,166,166,182,212,212,50,50,50,27,27,27,43,43,43,43,43,1,31,31,31],"floor_reached":55,"language":"ENG","playtime":3333,"items_purged":["Strike_B","Strike_B"],"score":1097,"play_id":"d80f7d34-da19-4a0b-8351-69d5bd90b6c3","local_time":"20210113202046","is_ascension_mode":true,"campfire_choices":[{"floor":11,"key":"REST"},{"floor":15,"key":"REST"},{"data":"Defragment","floor":23,"key":"SMITH"},{"data":"Go for the Eyes","floor":25,"key":"SMITH"},{"floor":28,"key":"REST"},{"data":"Zap","floor":30,"key":"SMITH"},{"data":"Fusion","floor":32,"key":"SMITH"},{"floor":44,"key":"RECALL"},{"floor":46,"key":"REST"},{"data":"Defend_B","floor":49,"key":"PURGE"},{"data":"Defend_B","floor":52,"key":"PURGE"}],"circlet_count":0,"master_deck":["Defend_B","Zap+1","Dualcast","Go for the Eyes+1","Cold Snap","Beam Cell+1","Defragment+1","Loop","Steam","Compile Driver","Machine Learning","Steam+1","Chill","Self Repair","Ball Lightning+1","Beam Cell","Fusion+1","Electrodynamics","Compile Driver","Coolheaded","Skim","BootSequence+1","Aggregate","Compile Driver","Conserve Battery","Good Instincts","Doom and Gloom"],"relics":["Cracked Core","NeowsBlessing","Bag of Marbles","Juzu Bracelet","Symbiotic Virus","Ice Cream","Odd Mushroom","Singing Bowl","Peace Pipe","Runic Pyramid","FaceOfCleric","Bronze Scales","Ancient Tea Set","Membership Card","DataDisk","Fusion Hammer","Regal Pillow","PreservedInsect","Gambling Chip","Pen Nib"],"acts_visited":["Exordium","TheCity","TheBeyond","TheEnding"],"potions_floor_usage":[8,13,21,22,27,27,27,33,40,40,40,50,55,55],"damage_taken":[{"damage":0,"enemies":"Cultist","floor":1,"turns":1},{"damage":0,"enemies":"Lagavulin","floor":6,"turns":1},{"damage":0,"enemies":"2 Louse","floor":7,"turns":1},{"damage":15,"enemies":"Gremlin Nob","floor":8,"turns":3},{"damage":25,"enemies":"3 Sentries","floor":10,"turns":7},{"damage":9,"enemies":"The Mushroom Lair","floor":12,"turns":4},{"damage":15,"enemies":"Lagavulin","floor":13,"turns":4},{"damage":19,"enemies":"The Guardian","floor":16,"turns":10},{"damage":8,"enemies":"3 Byrds","floor":18,"turns":4},{"damage":6,"enemies":"Chosen","floor":22,"turns":3},{"damage":27,"enemies":"Slavers","floor":27,"turns":6},{"damage":1,"enemies":"Book of Stabbing","floor":29,"turns":6},{"damage":0,"enemies":"Collector","floor":33,"turns":10},{"damage":17,"enemies":"3 Shapes","floor":35,"turns":4},{"damage":0,"enemies":"3 Darklings","floor":36,"turns":5},{"damage":10,"enemies":"Jaw Worm Horde","floor":39,"turns":3},{"damage":61,"enemies":"Giant Head","floor":40,"turns":12},{"damage":0,"enemies":"Maw","floor":48,"turns":6},{"damage":34,"enemies":"Time Eater","floor":50,"turns":13},{"damage":38,"enemies":"Shield and Spear","floor":54,"turns":7},{"damage":68,"enemies":"The Heart","floor":55,"turns":6}],"seed_played":"8432085108069689882","potions_obtained":[{"floor":6,"key":"BlessingOfTheForge"},{"floor":7,"key":"FocusPotion"},{"floor":10,"key":"PowerPotion"},{"floor":18,"key":"Strength Potion"},{"floor":21,"key":"Fruit Juice"},{"floor":21,"key":"EssenceOfDarkness"},{"floor":22,"key":"FocusPotion"},{"floor":39,"key":"Swift Potion"},{"floor":40,"key":"Swift Potion"}],"is_trial":false,"path_per_floor":["M","$","?","?","?","E","M","E","T","?","R","?","E","?","R","B",null,"M","?","?","?","M","R","?","R","T","E","R","E","R","$","R","B",null,"M","M","T","?","M","E","?","$","T","R","$","R","?","M","R","B",null,"R","$","E","B"],"character_chosen":"DEFECT","items_purchased":["Cold Snap","Explosive Potion","Membership Card","DataDisk","Beam Cell","Weak Potion","PowerPotion","Swift Potion","Fusion","Aggregate","Compile Driver","LiquidMemories","FearPotion","Conserve Battery","Good Instincts"],"campfire_rested":4,"item_purchase_floors":[2,2,31,31,31,31,31,31,31,42,42,42,42,45,53],"current_hp_per_floor":[68,68,57,57,57,57,57,42,42,17,39,30,17,17,40,21,63,55,55,41,46,41,41,41,41,41,15,41,48,48,48,48,56,82,73,81,81,81,79,26,26,26,26,26,26,68,68,78,78,52,84,84,84,54,0,0],"gold":31,"neow_bonus":"THREE_ENEMY_KILL","is_daily":false,"chose_seed":false,"campfire_upgraded":4,"win_rate":0.0,"timestamp":1610590846,"path_taken":["M","$","?","?","?","E","M","E","T","?","R","?","E","?","R","BOSS","M","?","?","?","M","R","?","R","T","E","R","E","R","$","R","BOSS","M","M","?","?","M","E","?","$","T","R","$","R","?","M","R","BOSS","R","$","E","BOSS"],"items_purchased_type":["Card","Potion","Relic","Relic","Card","Potion","Potion","Potion","Card","Card","Card","Potion","Potion","Card","Card"],"build_version":"2020-12-22","purchased_purges":2,"victory":false,"max_hp_per_floor":[75,75,75,75,75,75,75,75,75,75,75,75,77,77,77,77,77,77,77,82,87,88,88,88,88,88,89,89,90,90,90,90,91,91,92,93,93,93,94,95,90,90,90,90,90,90,90,93,93,94,94,94,94,95,95,95],"relic_stats":{"Peace Pipe":3,"Regal Pillow":15,"Singing Bowl":4,"FaceOfCleric":11,"counters":[21,116],"Bronze Scales":[318],"Gambling Chip":[2],"PreservedInsect":77,"Pen Nib":[1],"Juzu Bracelet":3,"obtain_stats":[{"Ice Cream":10,"Regal Pillow":37,"NeowsBlessing":0,"Singing Bowl":13,"PreservedInsect":40,"Pen Nib":54,"Juzu Bracelet":8,"Odd Mushroom":12,"Ancient Tea Set":29,"Peace Pipe":14,"DataDisk":31,"FaceOfCleric":19,"Bronze Scales":27,"Gambling Chip":43,"Fusion Hammer":34,"Bag of Marbles":6,"Membership Card":31,"Cracked Core":0,"Symbiotic Virus":9,"Runic Pyramid":17},{"Ice Cream":5,"Regal Pillow":15,"NeowsBlessing":0,"Singing Bowl":7,"PreservedInsect":17,"Pen Nib":20,"Juzu Bracelet":4,"Odd Mushroom":6,"Ancient Tea Set":12,"Peace Pipe":7,"DataDisk":12,"FaceOfCleric":9,"Bronze Scales":11,"Gambling Chip":17,"Fusion Hammer":13,"Bag of Marbles":2,"Membership Card":12,"Cracked Core":0,"Symbiotic Virus":4,"Runic Pyramid":8},{"Ice Cream":13,"Regal Pillow":69,"NeowsBlessing":0,"Singing Bowl":21,"PreservedInsect":84,"Pen Nib":110,"Juzu Bracelet":6,"Odd Mushroom":17,"Ancient Tea Set":50,"Peace Pipe":21,"DataDisk":50,"FaceOfCleric":35,"Bronze Scales":44,"Gambling Chip":84,"Fusion Hammer":60,"Bag of Marbles":2,"Membership Card":50,"Cracked Core":0,"Symbiotic Virus":6,"Runic Pyramid":31}]},"card_choices":[{"not_picked":["Reinforced Body","Turbo"],"picked":"Go for the Eyes","floor":1},{"not_picked":["Conserve Battery","Fission"],"picked":"Beam Cell","floor":6},{"not_picked":["Beam Cell","Glacier"],"picked":"Defragment","floor":7},{"not_picked":["Stack","Streamline"],"picked":"Loop","floor":8},{"not_picked":["Redo","Go for the Eyes"],"picked":"Steam","floor":10},{"not_picked":["Leap","Auto Shields"],"picked":"Compile Driver","floor":12},{"not_picked":["Biased Cognition","Fission","Steam Power"],"picked":"Singing Bowl","floor":13},{"not_picked":["Multi-Cast","All For One"],"picked":"Machine Learning","floor":16},{"not_picked":["Sweeping Beam","FTL"],"picked":"Steam+1","floor":18},{"not_picked":["Reprogram","Hologram"],"picked":"Chill","floor":22},{"not_picked":["Sweeping Beam","Compile Driver+1"],"picked":"Self Repair","floor":27},{"not_picked":["Redo","Compile Driver"],"picked":"Ball Lightning+1","floor":29},{"not_picked":["Reboot","Hyperbeam"],"picked":"Electrodynamics","floor":33},{"not_picked":["Coolheaded","Hello World+1"],"picked":"Compile Driver","floor":35},{"not_picked":["Steam","Go for the Eyes+1"],"picked":"Coolheaded","floor":36},{"not_picked":["Compile Driver","Beam Cell"],"picked":"Skim","floor":39},{"not_picked":["Leap","Compile Driver"],"picked":"BootSequence+1","floor":40},{"not_picked":["Steam+1","Cold Snap","Redo+1"],"picked":"Singing Bowl","floor":48},{"not_picked":["Hologram+1","Beam Cell+1"],"picked":"Doom and Gloom","floor":54}],"player_experience":5781907,"relics_obtained":[{"floor":6,"key":"Bag of Marbles"},{"floor":8,"key":"Juzu Bracelet"},{"floor":9,"key":"Symbiotic Virus"},{"floor":10,"key":"Ice Cream"},{"floor":12,"key":"Odd Mushroom"},{"floor":13,"key":"Singing Bowl"},{"floor":27,"key":"Bronze Scales"},{"floor":29,"key":"Ancient Tea Set"},{"floor":37,"key":"Regal Pillow"},{"floor":40,"key":"PreservedInsect"},{"floor":43,"key":"Gambling Chip"},{"floor":54,"key":"Pen Nib"}],"event_choices":[{"damage_healed":0,"gold_gain":75,"player_choice":"Gather Gold","damage_taken":11,"max_hp_gain":0,"max_hp_loss":0,"event_name":"World of Goop","floor":3,"gold_loss":0},{"cards_removed":["Strike_B"],"damage_healed":0,"gold_gain":0,"player_choice":"Card Removal","damage_taken":0,"max_hp_gain":0,"max_hp_loss":0,"event_name":"The Cleric","floor":4,"gold_loss":50},{"damage_healed":0,"gold_gain":100,"player_choice":"Pray","damage_taken":0,"max_hp_gain":0,"max_hp_loss":0,"event_name":"Golden Shrine","floor":5,"gold_loss":0},{"damage_healed":0,"gold_gain":30,"player_choice":"Searched \u00272\u0027 times","damage_taken":0,"max_hp_gain":0,"max_hp_loss":0,"event_name":"Dead Adventurer","floor":10,"gold_loss":0},{"damage_healed":0,"gold_gain":0,"player_choice":"Fought Mushrooms","damage_taken":0,"max_hp_gain":0,"max_hp_loss":0,"event_name":"Mushrooms","floor":12,"gold_loss":0},{"damage_healed":0,"gold_gain":0,"player_choice":"Paid Gold","damage_taken":0,"relics_obtained":["Peace Pipe"],"max_hp_gain":0,"max_hp_loss":0,"event_name":"WeMeetAgain","floor":14,"gold_loss":130},{"damage_healed":0,"gold_gain":0,"player_choice":"Trade","damage_taken":0,"relics_obtained":["FaceOfCleric"],"max_hp_gain":0,"max_hp_loss":0,"event_name":"FaceTrader","floor":19,"gold_loss":0},{"damage_healed":0,"gold_gain":0,"player_choice":"Shed Blood","damage_taken":19,"max_hp_gain":5,"max_hp_loss":0,"event_name":"Forgotten Altar","floor":20,"gold_loss":0},{"damage_healed":0,"gold_gain":0,"player_choice":"Got Potions","damage_taken":0,"max_hp_gain":0,"max_hp_loss":0,"event_name":"Lab","floor":21,"gold_loss":0},{"cards_removed":["Strike_B"],"damage_healed":0,"gold_gain":0,"player_choice":"Upgrade and Remove","damage_taken":0,"max_hp_gain":0,"max_hp_loss":0,"event_name":"Designer","floor":24,"gold_loss":90,"cards_upgraded":["Beam Cell"]},{"damage_healed":0,"gold_gain":0,"player_choice":"Ignored","damage_taken":0,"max_hp_gain":0,"max_hp_loss":0,"event_name":"Tomb of Lord Red Mask","floor":38,"gold_loss":0},{"damage_healed":0,"gold_gain":0,"player_choice":"Max HP","damage_taken":0,"max_hp_gain":0,"max_hp_loss":5,"event_name":"Winding Halls","floor":41,"gold_loss":0},{"cards_removed":["Defend_B"],"damage_healed":0,"gold_gain":0,"player_choice":"Offered Basic","damage_taken":0,"max_hp_gain":0,"max_hp_loss":0,"event_name":"Bonfire Elementals","floor":47,"gold_loss":0}],"is_beta":false,"boss_relics":[{"not_picked":["Snecko Eye","Astrolabe"],"picked":"Runic Pyramid"},{"not_picked":["Philosopher\u0027s Stone","Empty Cage"],"picked":"Fusion Hammer"}],"items_purged_floors":[31,42],"is_endless":false,"potions_floor_spawned":[6,7,10,18,22,39,40,48],"killed_by":"The Heart","ascension_level":8}}