{"host":"byizzf0lry06owoh","time":1610622572,"event":{"mods":["Act Like it!","Aspiration","BaseMod","BetterRewards","Card Forge","Colored Map","Colored Powertips","Conspire","Downfall","Friendly Minions","GifTheSpireLib","Gold Saver","Hallownest","Infinite Spire","Minty Spire (QoL Compilation)","Relic Sorter","Replay The Spire","StSLib","The Jungle","Wandering Minibosses"],"gold_per_floor":[114,114,51,70,44,44,78,78,101,120,137,9,59,122,122,246,246,267,281,331,381,396,396,421,434,434,434,434],"floor_reached":27,"language":"ENG","playtime":1530,"items_purged":[],"score":240,"play_id":"dbccbe61-8daf-41e0-9aeb-e37576c57322","local_time":"20210114030932","is_ascension_mode":false,"campfire_choices":[{"data":"Eruption","floor":6,"key":"SMITH"},{"data":"SashWhip","floor":8,"key":"SMITH"},{"data":"Vigilance","floor":15,"key":"SMITH"},{"floor":23,"key":"DIG"}],"circlet_count":0,"master_deck":["Eruption+1","Vigilance+1","SashWhip","ThirdEye+1","Weave","SashWhip+1","FlurryOfBlows","FollowUp","Prostrate","ThirdEye","Vengeance","EmptyMind","Establishment","Halt","Evaluate+1","Halt","Evaluate","FlyingSleeves"],"relics":["PureWater","Seething Fire","Hammer of Thor","Anvil of the Gods","NeowsBlessing","SsserpentHead","Peace Pipe","Tiny Chest","Golden Idol","conspire:SpecialSausage","Shovel","conspire:TopHat"],"acts_visited":["Exordium","Exordium"],"potions_floor_usage":[16,22],"damage_taken":[{"damage":0,"enemies":"conspire:RoseBush","floor":1,"turns":1},{"damage":0,"enemies":"Jaw Worm","floor":4,"turns":1},{"damage":0,"enemies":"3 Sentries","floor":7,"turns":1},{"damage":0,"enemies":"2 Louse","floor":10,"turns":2},{"damage":0,"enemies":"Exordium Wildlife","floor":11,"turns":2},{"damage":2,"enemies":"Exordium Thugs","floor":14,"turns":3},{"damage":5,"enemies":"Slime Boss","floor":16,"turns":4},{"damage":9,"enemies":"theJungle:Flameango_and_Byrd","floor":18,"turns":6},{"damage":2,"enemies":"Shell Parasite","floor":19,"turns":5},{"damage":12,"enemies":"theJungle:JungleHuntersEncounter","floor":22,"turns":6},{"damage":22,"enemies":"theJungle:Lyon","floor":24,"turns":4},{"damage":8,"enemies":"theJungle:2_Flameangoes","floor":25,"turns":7},{"damage":25,"enemies":"theJungle:Snecko_Cultist_And_Trap","floor":27,"turns":3}],"seed_played":"-3524834015002057055","potions_obtained":[{"floor":10,"key":"Fire Potion"},{"floor":16,"key":"PowerPotion"},{"floor":20,"key":"Milkshake"},{"floor":20,"key":"Death Potion"},{"floor":22,"key":"SneckoOil"},{"floor":25,"key":"infinitespire:BlackPotion"}],"is_trial":false,"path_per_floor":["M","?","$","M","$","R","E","R","T","M","M","$","?","M","R","B",null,"M","M","?","T","M","R","M","M","T","M"],"character_chosen":"WATCHER","items_purchased":["ThirdEye+1","Weave","FlurryOfBlows","Vengeance","Block Potion"],"campfire_rested":0,"item_purchase_floors":[3,3,5,12,12],"current_hp_per_floor":[72,72,72,72,72,72,72,72,72,72,72,72,54,52,52,47,72,63,61,61,61,49,49,27,19,19,0,0],"gold":434,"neow_bonus":"THREE_ENEMY_KILL","is_daily":false,"chose_seed":false,"campfire_upgraded":3,"win_rate":0.0,"timestamp":1610622572,"path_taken":["M","?","?","M","$","R","E","R","T","M","M","$","?","?","R","BOSS","M","M","?","?","M","R","M","M","T","M"],"items_purchased_type":["Card","Card","Card","Card","Potion"],"build_version":"2020-12-22","purchased_purges":0,"victory":false,"max_hp_per_floor":[72,72,72,72,72,72,72,72,72,72,72,72,72,72,72,72,72,72,72,72,72,72,72,72,72,72,72,72],"card_choices":[{"not_picked":["BowlingBash","Nirvana"],"picked":"SashWhip","floor":1},{"not_picked":["BattleHymn","Adaptation"],"picked":"SashWhip","floor":4},{"not_picked":["Conclude","Replay:LoomingThreat"],"picked":"FollowUp","floor":7},{"not_picked":["Conclude","Consecrate"],"picked":"Prostrate","floor":10},{"not_picked":["PathToVictory","Consecrate"],"picked":"ThirdEye","floor":11},{"not_picked":["ThirdEye","CutThroughFate"],"picked":"EmptyMind","floor":14},{"not_picked":["Alpha","Wish"],"picked":"Establishment","floor":16},{"not_picked":["EmptyMind+1","WaveOfTheHand+1"],"picked":"Halt","floor":18},{"not_picked":["LikeWater","Replay:Anticipation"],"picked":"Evaluate+1","floor":19},{"not_picked":["EmptyBody","BowlingBash"],"picked":"Halt","floor":22},{"not_picked":["Consecrate","FollowUp+1"],"picked":"Evaluate","floor":24},{"not_picked":["PathToVictory","Replay:AtTheReady"],"picked":"FlyingSleeves","floor":25}],"player_experience":117825,"relics_obtained":[{"floor":7,"key":"Peace Pipe"},{"floor":9,"key":"Tiny Chest"},{"floor":21,"key":"Shovel"},{"floor":23,"key":"conspire:TopHat"}],"event_choices":[{"damage_healed":0,"gold_gain":0,"player_choice":"Trade","damage_taken":0,"relics_obtained":["SsserpentHead"],"max_hp_gain":0,"max_hp_loss":0,"event_name":"FaceTrader","floor":2,"gold_loss":0},{"damage_healed":0,"gold_gain":0,"player_choice":"Take Damage","damage_taken":18,"relics_obtained":["Golden Idol"],"max_hp_gain":0,"max_hp_loss":0,"event_name":"Golden Idol","floor":13,"gold_loss":0},{"damage_healed":0,"gold_gain":0,"player_choice":"Got Potions","damage_taken":0,"max_hp_gain":0,"max_hp_loss":0,"event_name":"Lab","floor":20,"gold_loss":0}],"is_beta":false,"boss_relics":[{"not_picked":["SacredBark","Snecko Eye"],"picked":"conspire:SpecialSausage"}],"items_purged_floors":[],"is_endless":false,"potions_floor_spawned":[10,16,22,25],"killed_by":"theJungle:Snecko_Cultist_And_Trap","ascension_level":0}}