{"host":"22s5scuj7mu87reg","time":1610643535,"event":{"mods":["BaseMod","Colored Powertips","Dota2Spire","Downfall","Duelist Mod","GungeonMod","Halation","Hubris","Infinite Spire","Koishi","KomeijiMod","Minty Spire (QoL Compilation)","Replay The Spire","StSLib","SuperFastMode","The Jungle","The Mystic","The Necromancer","Wandering Minibosses"],"gold_per_floor":[138,63,63,63,79,79,89,105,105,123,154,154,154,164,164,259,259,272,288,288,234,234,234,240,240],"floor_reached":24,"language":"POL","playtime":2195,"items_purged":["theDuelist:SevenColoredFish","theDuelist:CastleWalls"],"score":216,"play_id":"b2df519a-8180-471b-8a5a-898339b3dccf","local_time":"20210114175855","is_ascension_mode":true,"campfire_choices":[{"data":"theDuelist:GishkiPsychelone","floor":6,"key":"SMITH"},{"floor":12,"key":"REST"},{"data":"theDuelist:Cryomancer","floor":15,"key":"SMITH"},{"data":"theDuelist:MermailAbyssalacia","floor":23,"key":"SMITH"}],"circlet_count":0,"master_deck":["theDuelist:SevenColoredFish+1","theDuelist:AquaSpirit+1","theDuelist:CastleWalls+1","theDuelist:IslandTurtle+1","theDuelist:IslandTurtle+1","theDuelist:RevivalJam+1","theDuelist:Sparks+1","theDuelist:Sparks+1","theDuelist:TorrentialReborn+1","theDuelist:GishkiPsychelone+1","theDuelist:Cryomancer+1","theDuelist:GoldenFlyingFish+1","theDuelist:DewlorenTigerKing+1","theDuelist:ThunderSeaHorse+1","theDuelist:MermailAbyssalacia+1"],"relics":["theDuelist:MillenniumPuzzle","theDuelist:CardPoolRelic","theDuelist:CardPoolBasicRelic","ReplayTheSpireMod:Shallot","theDuelist:FlowToken","hubris:Towel","Ooze Armor","theDuelist:PointPass","Replay:Bandana"],"acts_visited":["Exordium","TheCity"],"potions_floor_usage":[24],"damage_taken":[{"damage":6,"enemies":"2 Louse","floor":1,"turns":3},{"damage":0,"enemies":"Small Slimes","floor":5,"turns":2},{"damage":0,"enemies":"Jaw Worm","floor":7,"turns":3},{"damage":0,"enemies":"Looter","floor":8,"turns":2},{"damage":33,"enemies":"Large Slime","floor":10,"turns":11},{"damage":26,"enemies":"Gremlin Nob","floor":11,"turns":5},{"damage":0,"enemies":"2 Fungi Beasts","floor":14,"turns":4},{"damage":15,"enemies":"Hexaghost","floor":16,"turns":8},{"damage":0,"enemies":"Chosen","floor":18,"turns":2},{"damage":0,"enemies":"Shell Parasite","floor":19,"turns":2},{"damage":82,"enemies":"Gremlin Leader","floor":24,"turns":7}],"seed_played":"-1683360178103778540","potions_obtained":[{"floor":7,"key":"AttackPotion"},{"floor":10,"key":"theDuelist:SealedPackB"},{"floor":11,"key":"Swift Potion"}],"is_trial":false,"path_per_floor":["M","$","?","?","M","R","M","M","T","M","E","R","?","M","R","B",null,"M","M","?","$","?","R","E"],"character_chosen":"THE_DUELIST","items_purchased":["theDuelist:PointPass","Replay:Bandana"],"campfire_rested":1,"item_purchase_floors":[21,21],"current_hp_per_floor":[80,80,80,80,80,80,80,80,80,47,21,45,45,45,45,30,80,80,80,80,80,80,80,0,0],"gold":240,"neow_bonus":"ONE_RANDOM_RARE_CARD","is_daily":false,"chose_seed":false,"campfire_upgraded":3,"win_rate":0.0,"timestamp":1610643535,"path_taken":["M","$","?","?","M","R","M","M","T","M","E","R","?","M","R","BOSS","M","M","?","$","?","R","E"],"items_purchased_type":["Relic","Relic"],"build_version":"2020-12-13","purchased_purges":2,"victory":false,"max_hp_per_floor":[80,80,80,80,80,80,80,80,80,80,80,80,80,80,80,80,80,80,80,80,80,80,80,80,80],"card_choices":[{"not_picked":["theDuelist:IslandTurtle","theDuelist:FishSwaps","theDuelist:CallAtlanteans"],"picked":"SKIP","floor":1},{"not_picked":["theDuelist:HydraViper","theDuelist:SharkStickers"],"picked":"theDuelist:GishkiPsychelone","floor":5},{"not_picked":["theDuelist:FuriousSeaKing","theDuelist:OhFish","theDuelist:EagleShark"],"picked":"SKIP","floor":7},{"not_picked":["theDuelist:GraydleAlligator","theDuelist:EvigishkiMindAugus"],"picked":"theDuelist:Cryomancer","floor":8},{"not_picked":["theDuelist:GishkiEmilia","theDuelist:GiantTurtle"],"picked":"theDuelist:GoldenFlyingFish","floor":10},{"not_picked":["theDuelist:RageDeepSea","theDuelist:GraydleCobra"],"picked":"theDuelist:DewlorenTigerKing","floor":11},{"not_picked":["theDuelist:SevenColoredFish","theDuelist:HydraViper"],"picked":"theDuelist:ThunderSeaHorse","floor":14},{"not_picked":["theDuelist:AtlanteanAttackSquad","theDuelist:LostBlueBreaker"],"picked":"theDuelist:MermailAbyssalacia","floor":16},{"not_picked":["theDuelist:DepthShark","theDuelist:DiamondDust","theDuelist:GishkiAvance"],"picked":"SKIP","floor":18},{"not_picked":["theDuelist:ToadallyAwesome","theDuelist:HydraViper","theDuelist:AmphibiousBugroth+1"],"picked":"SKIP","floor":19}],"player_experience":131983,"relics_obtained":[{"floor":9,"key":"ReplayTheSpireMod:Shallot"},{"floor":11,"key":"theDuelist:FlowToken"}],"event_choices":[{"damage_healed":0,"gold_gain":0,"player_choice":"Grow","damage_taken":0,"max_hp_gain":0,"max_hp_loss":0,"event_name":"Living Wall","floor":4,"gold_loss":0,"cards_upgraded":["theDuelist:TorrentialReborn"]}],"is_beta":false,"boss_relics":[{"not_picked":["Replay:Ancient Bell","halation:CatFaceCupcake"],"picked":"Ooze Armor"}],"items_purged_floors":[2,21],"is_endless":false,"potions_floor_spawned":[7,10,11,18],"killed_by":"Gremlin Leader","ascension_level":2}}