{"host":"zekcc3vicrep0och","time":1610631458,"event":{"mods":["AchievementEnabler","BaseMod","Colored Map","Colored Powertips","Displayed Cursed Tome","Highlight Path","Minty Spire (QoL Compilation)","Quick Restart","Relic Stats","StSLib","The Cursed"],"gold_per_floor":[117,192,192,204,220,220,234,234,234,234,262,262,262,262,262,262,262],"floor_reached":16,"language":"ENG","playtime":273,"items_purged":[],"score":266,"play_id":"a70d617b-e5fd-4f5c-95ee-194212986d9d","local_time":"20210114163738","is_ascension_mode":true,"campfire_choices":[{"floor":6.0,"key":"REST"},{"data":"Rip and Tear","floor":8,"key":"SMITH"},{"data":"Melter","floor":10,"key":"SMITH"},{"floor":15,"key":"REST"}],"circlet_count":0,"master_deck":["AscendersBane","Strike_B+1","Strike_B","Strike_B","Strike_B","Defend_B","Defend_B","Defend_B","Defend_B","Zap+1","Dualcast","Barrage+1","FTL","Melter+1","Rip and Tear+1","Sweeping Beam"],"relics":["Cracked Core","Turnip","Mercury Hourglass","Gremlin Horn"],"acts_visited":["Exordium"],"potions_floor_usage":[],"damage_taken":[{"damage":9.0,"enemies":"2 Louse","floor":1.0,"turns":3.0},{"damage":2.0,"enemies":"Jaw Worm","floor":4.0,"turns":3.0},{"damage":5.0,"enemies":"Small Slimes","floor":5.0,"turns":3.0},{"damage":10,"enemies":"2 Fungi Beasts","floor":7,"turns":4},{"damage":25,"enemies":"Lagavulin","floor":11,"turns":4},{"damage":19,"enemies":"Hexaghost","floor":16,"turns":4}],"seed_played":"-4630201812532742693","potions_obtained":[{"floor":1.0,"key":"ColorlessPotion"}],"is_trial":false,"path_per_floor":["M","?","?","M","M","R","M","R","T","R","E","?","?","?","R","B"],"character_chosen":"DEFECT","items_purchased":[],"campfire_rested":2,"item_purchase_floors":[],"current_hp_per_floor":[37,26,26,24,19,40,30,30,30,30,5,28,7,7,28,9,9],"gold":262,"neow_bonus":"ONE_RARE_RELIC","is_daily":false,"chose_seed":false,"campfire_upgraded":2,"win_rate":0.0,"timestamp":1610631458,"path_taken":["M","?","?","?","M","R","M","R","T","R","E","?","?","?","R","BOSS"],"items_purchased_type":[],"build_version":"2020-12-22","purchased_purges":0,"victory":false,"max_hp_per_floor":[71,71,71,71,71,71,71,71,71,71,71,71,71,71,71,71,71],"relic_stats":{"Gremlin Horn":[0,0],"counters":[6,21],"Turnip":[1],"obtain_stats":[{"Gremlin Horn":11,"Turnip":0,"Cracked Core":0,"Mercury Hourglass":9},{"Gremlin Horn":5,"Turnip":0,"Cracked Core":0,"Mercury Hourglass":4},{"Gremlin Horn":17,"Turnip":0,"Cracked Core":0,"Mercury Hourglass":13}],"Mercury Hourglass":[21]},"card_choices":[{"not_picked":["Hello World","Storm"],"picked":"Barrage","floor":1.0},{"not_picked":["Redo","Leap"],"picked":"FTL","floor":4.0},{"not_picked":["Turbo","Barrage"],"picked":"Melter","floor":5.0},{"not_picked":["Stack","Aggregate"],"picked":"Rip and Tear","floor":7},{"not_picked":["Melter","Turbo"],"picked":"Sweeping Beam","floor":11}],"player_experience":530961,"relics_obtained":[{"floor":9,"key":"Mercury Hourglass"},{"floor":11,"key":"Gremlin Horn"}],"event_choices":[{"damage_healed":0.0,"max_hp_gain":0.0,"max_hp_loss":0.0,"gold_gain":75.0,"event_name":"World of Goop","player_choice":"Gather Gold","floor":2.0,"gold_loss":0.0,"damage_taken":11.0},{"damage_healed":0.0,"max_hp_gain":0.0,"max_hp_loss":0.0,"gold_gain":0.0,"event_name":"Scrap Ooze","player_choice":"Fled","floor":3.0,"gold_loss":0.0,"damage_taken":0.0},{"damage_healed":23,"gold_gain":0,"player_choice":"Banana","damage_taken":0,"max_hp_gain":0,"max_hp_loss":0,"event_name":"Big Fish","floor":12,"gold_loss":0},{"damage_healed":0,"gold_gain":0,"player_choice":"Entered Light","damage_taken":21,"max_hp_gain":0,"max_hp_loss":0,"event_name":"Shining Light","floor":13,"gold_loss":0,"cards_upgraded":["Barrage","Strike_B"]},{"damage_healed":0,"gold_gain":0,"player_choice":"Grow","damage_taken":0,"max_hp_gain":0,"max_hp_loss":0,"event_name":"Living Wall","floor":14,"gold_loss":0,"cards_upgraded":["Zap"]}],"is_beta":false,"boss_relics":[],"items_purged_floors":[],"is_endless":false,"potions_floor_spawned":[1],"killed_by":"Hexaghost","ascension_level":16}}