{"host":"j4g6ia6asvpyu2b0","time":1610585976,"event":{"mods":["BaseMod","Colored Map","Minty Spire (QoL Compilation)","Permanent Neow","Quick Restart","Relic Stats","StSLib","Unceasing Turn Reminder"],"gold_per_floor":[119,119,18,18,93,93,148,221,221,221,221],"floor_reached":10,"language":"ENG","playtime":165,"items_purged":[],"score":96,"play_id":"94479b0d-df8c-442a-bacd-0dafdf68da43","local_time":"20210113175936","is_ascension_mode":true,"campfire_choices":[{"data":"Zap","floor":6,"key":"SMITH"}],"circlet_count":0,"master_deck":["AscendersBane","Strike_B","Strike_B","Strike_B","Strike_B","Defend_B","Defend_B","Defend_B","Defend_B","Zap+1","Dualcast","Decay","HandOfGreed+1","Sweeping Beam","Coolheaded","Reboot","Lockon"],"relics":["Cracked Core","Centennial Puzzle","Odd Mushroom","Eternal Feather"],"acts_visited":["Exordium"],"potions_floor_usage":[8],"damage_taken":[{"damage":2,"enemies":"Jaw Worm","floor":1,"turns":3},{"damage":32,"enemies":"Gremlin Nob","floor":7,"turns":4},{"damage":11,"enemies":"The Mushroom Lair","floor":8,"turns":3},{"damage":19,"enemies":"3 Sentries","floor":10,"turns":4}],"seed_played":"8801658582047834948","potions_obtained":[{"floor":1,"key":"FocusPotion"},{"floor":7,"key":"EssenceOfDarkness"}],"is_trial":false,"path_per_floor":["M","?","$","?","?","R","E","?","T","E"],"character_chosen":"DEFECT","items_purchased":["Sweeping Beam","Coolheaded"],"campfire_rested":0,"item_purchase_floors":[3,3],"current_hp_per_floor":[66,66,66,71,60,60,28,17,17,0,0],"gold":221,"neow_bonus":"RANDOM_COLORLESS_2","is_daily":false,"chose_seed":false,"campfire_upgraded":1,"win_rate":0.0,"timestamp":1610585976,"path_taken":["M","?","$","?","?","R","E","?","T","E"],"items_purchased_type":["Card","Card"],"build_version":"2020-12-22","purchased_purges":0,"victory":false,"max_hp_per_floor":[75,75,75,80,80,80,80,80,80,80,80],"relic_stats":{"Centennial Puzzle":[6],"counters":[4,14],"Eternal Feather":0,"obtain_stats":[{"Centennial Puzzle":7,"Eternal Feather":9,"Odd Mushroom":8,"Cracked Core":0},{"Centennial Puzzle":2,"Eternal Feather":3,"Odd Mushroom":3,"Cracked Core":0},{"Centennial Puzzle":7,"Eternal Feather":10,"Odd Mushroom":10,"Cracked Core":0}]},"card_choices":[{"not_picked":["Metamorphosis","Thinking Ahead"],"picked":"HandOfGreed","floor":0},{"not_picked":["Redo","Streamline","Double Energy"],"picked":"SKIP","floor":1},{"not_picked":["Skim","Streamline"],"picked":"Reboot","floor":7},{"not_picked":["Sweeping Beam","Coolheaded"],"picked":"Lockon","floor":8}],"player_experience":840428,"relics_obtained":[{"floor":7,"key":"Centennial Puzzle"},{"floor":8,"key":"Odd Mushroom"},{"floor":9,"key":"Eternal Feather"}],"event_choices":[{"damage_healed":0,"gold_gain":0,"player_choice":"Grow","damage_taken":0,"max_hp_gain":0,"max_hp_loss":0,"event_name":"Living Wall","floor":2,"gold_loss":0,"cards_upgraded":["HandOfGreed"]},{"damage_healed":0,"gold_gain":0,"player_choice":"Donut","damage_taken":0,"max_hp_gain":5,"max_hp_loss":0,"event_name":"Big Fish","floor":4,"gold_loss":0},{"damage_healed":0,"gold_gain":75,"player_choice":"Gather Gold","damage_taken":11,"max_hp_gain":0,"max_hp_loss":0,"event_name":"World of Goop","floor":5,"gold_loss":0},{"damage_healed":0,"gold_gain":0,"player_choice":"Fought Mushrooms","damage_taken":0,"max_hp_gain":0,"max_hp_loss":0,"event_name":"Mushrooms","floor":8,"gold_loss":0}],"is_beta":false,"boss_relics":[],"items_purged_floors":[],"is_endless":false,"potions_floor_spawned":[1,7],"killed_by":"3 Sentries","ascension_level":11}}