{"host":"yuoancq4cku3x8wq","time":1610636677,"event":{"mods":["AchievementEnabler","BaseMod","Minty Spire (QoL Compilation)","Quick Restart","StSLib","SuperFastMode"],"gold_per_floor":[119,194,119,138,10,30,57,68,68,68,68,68],"floor_reached":11,"language":"ZHS","playtime":206,"items_purged":["Defend_P"],"score":146,"play_id":"19cce213-be75-42e0-853b-fd17130c0472","local_time":"20210114230437","is_ascension_mode":true,"campfire_choices":[{"data":"Eruption","floor":10.0,"key":"SMITH"}],"circlet_count":0,"master_deck":["AscendersBane","Strike_P","Strike_P","Strike_P","Strike_P","Defend_P","Defend_P","Eruption+1","Vigilance","BowlingBash","WindmillStrike","Indignation"],"relics":["Philosopher\u0027s Stone","Regal Pillow","Pantograph"],"acts_visited":["Exordium"],"potions_floor_usage":[],"damage_taken":[{"damage":4.0,"enemies":"2 Louse","floor":1.0,"turns":3.0},{"damage":3.0,"enemies":"Jaw Worm","floor":4.0,"turns":4.0},{"damage":5.0,"enemies":"Small Slimes","floor":6.0,"turns":2.0},{"damage":3.0,"enemies":"3 Sentries","floor":7.0,"turns":3.0},{"damage":6.0,"enemies":"Looter","floor":8.0,"turns":3.0},{"damage":42,"enemies":"Lagavulin","floor":11,"turns":4}],"seed_played":"-787491750323392161","potions_obtained":[{"floor":1.0,"key":"Weak Potion"},{"floor":4.0,"key":"Fire Potion"}],"is_trial":false,"path_per_floor":["M","?","?","M","$","M","E","M","T","R","E"],"character_chosen":"WATCHER","items_purchased":["BowlingBash"],"campfire_rested":0,"item_purchase_floors":[5],"current_hp_per_floor":[57,46,46,43,43,38,35,29,29,29,0,0],"gold":68,"neow_bonus":"BOSS_RELIC","is_daily":false,"chose_seed":false,"campfire_upgraded":1,"win_rate":0.0,"timestamp":1610636677,"path_taken":["M","?","?","?","$","M","E","M","T","R","E"],"items_purchased_type":["Card"],"build_version":"2020-12-22","purchased_purges":1,"victory":false,"max_hp_per_floor":[68,68,68,68,68,68,68,68,68,68,68,68],"card_choices":[{"not_picked":["Study","FlyingSleeves","Prostrate"],"picked":"SKIP","floor":1.0},{"not_picked":["ThirdEye","FollowUp","CrushJoints"],"picked":"SKIP","floor":4.0},{"not_picked":["Prostrate","PathToVictory"],"picked":"WindmillStrike","floor":6.0},{"not_picked":["Swivel","BowlingBash"],"picked":"Indignation","floor":7.0},{"not_picked":["JustLucky","Collect","Consecrate"],"picked":"SKIP","floor":8.0}],"player_experience":273777,"relics_obtained":[{"floor":7.0,"key":"Regal Pillow"},{"floor":9.0,"key":"Pantograph"}],"event_choices":[{"damage_healed":0.0,"max_hp_gain":0.0,"max_hp_loss":0.0,"gold_gain":75.0,"event_name":"World of Goop","player_choice":"Gather Gold","floor":2.0,"gold_loss":0.0,"damage_taken":11.0},{"cards_removed":["Defend_P"],"damage_healed":0.0,"max_hp_gain":0.0,"max_hp_loss":0.0,"gold_gain":0.0,"event_name":"The Cleric","player_choice":"Card Removal","floor":3.0,"gold_loss":75.0,"damage_taken":0.0}],"is_beta":false,"boss_relics":[],"items_purged_floors":[5],"is_endless":false,"potions_floor_spawned":[1,4],"killed_by":"Lagavulin","ascension_level":20}}