{"host":"obplhmlw33xb91v8","time":1610624218,"event":{"mods":["BaseMod","Curses Come First","Evolution","Minty Spire (QoL Compilation)","Quick Restart","Relic Stats","Spicy Shops","StSLib","Uncapped","Waifu the Spire","slay the spire mod where everything is the same but ironclad has a cowboy hat"],"gold_per_floor":[115,44,44,61,75,75,110,110,110,142,14,14,14,29,29,133,133,153,8,8,8,8,8,28,38,38,56,0,0,0,10,10,107,107,127,75,122,9,9,9,9,9,62,62,62,78,78,78,78],"floor_reached":48,"language":"ENG","playtime":1638,"items_purged":["Dual Wield"],"score":522,"play_id":"0e4975c7-03a3-40de-98f2-75774de99eb1","local_time":"20210114063658","is_ascension_mode":true,"campfire_choices":[{"data":"Shrug It Off","floor":6,"key":"SMITH"},{"data":"Defend_R","floor":8,"key":"SMITH"},{"data":"Disarm","floor":12,"key":"SMITH"},{"data":"Body Slam","floor":15,"key":"SMITH"},{"data":"Bite","floor":23,"key":"SMITH"},{"data":"Juggernaut","floor":29,"key":"SMITH"},{"data":"Bite","floor":32,"key":"SMITH"},{"floor":40,"key":"RECALL"}],"circlet_count":0,"master_deck":["Thunderclap","Defend_R+1","Defend_R","Defend_R","Bash","Disarm+1","Shrug It Off+1","Body Slam+1","Juggernaut+1","Clothesline+1","Bite+1","Bite+1","Bite","Bite","Bite","Flame Barrier+1","Metallicize","Hemokinesis","Dropkick","Writhe","Uppercut"],"relics":["EVO:Axolotl","Coffee Dripper","Orichalcum","Pantograph","Strawberry","Darkstone Periapt","Runic Pyramid","Sling","Nloth\u0027s Gift","Matryoshka","Fusion Hammer","TungstenRod","Potion Belt","Juzu Bracelet"],"acts_visited":["Exordium","TheCity","TheBeyond"],"potions_floor_usage":[7,10,10,33,46,46,46],"damage_taken":[{"damage":5,"enemies":"2 Louse","floor":1,"turns":4},{"damage":7,"enemies":"Jaw Worm","floor":4,"turns":3},{"damage":0,"enemies":"Cultist","floor":5,"turns":3},{"damage":24,"enemies":"3 Sentries","floor":7,"turns":9},{"damage":10,"enemies":"Gremlin Nob","floor":10,"turns":4},{"damage":11,"enemies":"Exordium Wildlife","floor":14,"turns":4},{"damage":19,"enemies":"Slime Boss","floor":16,"turns":9},{"damage":1,"enemies":"Chosen","floor":18,"turns":4},{"damage":22,"enemies":"Spheric Guardian","floor":24,"turns":4},{"damage":13,"enemies":"Centurion and Healer","floor":25,"turns":6},{"damage":21,"enemies":"Snecko","floor":27,"turns":5},{"damage":29,"enemies":"3 Cultists","floor":31,"turns":7},{"damage":34,"enemies":"Champ","floor":33,"turns":10},{"damage":0,"enemies":"Orb Walker","floor":35,"turns":3},{"damage":69,"enemies":"2 Orb Walkers","floor":37,"turns":6},{"damage":17,"enemies":"3 Darklings","floor":46,"turns":5},{"damage":42,"enemies":"4 Shapes","floor":48,"turns":3}],"seed_played":"-8322782067748990012","potions_obtained":[{"floor":4,"key":"DuplicationPotion"},{"floor":5,"key":"GamblersBrew"},{"floor":7,"key":"Energy Potion"},{"floor":24,"key":"Swift Potion"},{"floor":31,"key":"SkillPotion"},{"floor":35,"key":"Energy Potion"},{"floor":37,"key":"SkillPotion"}],"is_trial":false,"path_per_floor":["M","$","?","M","M","R","E","R","T","E","$","R","$","M","R","B",null,"M","$","?","$","?","R","M","M","T","M","?","R","?","M","R","B",null,"M","$","?","$","?","R","?","R","T","$","?","M","?","M"],"character_chosen":"IRONCLAD","items_purchased":["Orichalcum","Darkstone Periapt","Sling","Heavy Blade","Dropkick"],"campfire_rested":0,"item_purchase_floors":[2,11,19,36,38],"current_hp_per_floor":[75,75,75,68,68,68,44,44,44,41,41,41,41,30,30,36,87,86,86,60,60,60,60,48,45,45,36,36,36,30,19,19,48,60,60,60,5,5,26,26,26,26,26,26,26,21,21,0,0],"gold":78,"neow_bonus":"BOSS_RELIC","is_daily":false,"chose_seed":false,"campfire_upgraded":7,"win_rate":0.0,"timestamp":1610624218,"path_taken":["M","$","?","M","M","R","E","R","T","E","$","R","$","M","R","BOSS","M","$","?","$","?","R","M","?","T","M","?","R","?","?","R","BOSS","M","$","?","$","?","R","?","R","T","?","?","M","?","M"],"items_purchased_type":["Relic","Relic","Relic","Card","Card"],"build_version":"2020-12-22","purchased_purges":1,"victory":false,"max_hp_per_floor":[80,80,80,80,80,80,80,80,80,87,87,87,87,87,87,87,87,87,87,60,60,60,60,60,60,60,60,60,60,60,60,60,60,60,60,60,60,60,66,66,66,66,66,66,66,66,66,66,66],"relic_stats":{"Darkstone Periapt":6,"counters":[17,89],"Pantograph":50,"Nloth\u0027s Gift":0,"Juzu Bracelet":0,"Orichalcum":[198],"obtain_stats":[{"Darkstone Periapt":11,"Potion Belt":43,"Happy Flower":9,"Juzu Bracelet":43,"EVO:Axolotl":0,"Orichalcum":2,"Sling":19,"Burning Blood":0,"Matryoshka":26,"Pantograph":7,"Strawberry":10,"Fusion Hammer":34,"Coffee Dripper":0,"Nloth\u0027s Gift":22,"TungstenRod":37,"Runic Pyramid":17},{"Darkstone Periapt":5,"Potion Belt":15,"Happy Flower":4,"Juzu Bracelet":15,"EVO:Axolotl":0,"Orichalcum":1,"Sling":8,"Burning Blood":0,"Matryoshka":10,"Pantograph":4,"Strawberry":5,"Fusion Hammer":13,"Coffee Dripper":0,"Nloth\u0027s Gift":8,"TungstenRod":15,"Runic Pyramid":7},{"Darkstone Periapt":23,"Potion Belt":81,"Happy Flower":19,"Juzu Bracelet":81,"EVO:Axolotl":0,"Orichalcum":4,"Sling":40,"Burning Blood":0,"Matryoshka":50,"Pantograph":19,"Strawberry":23,"Fusion Hammer":72,"Coffee Dripper":0,"Nloth\u0027s Gift":40,"TungstenRod":81,"Runic Pyramid":36}],"TungstenRod":10},"card_choices":[{"not_picked":["Cleave","Heavy Blade"],"picked":"Disarm","floor":1},{"not_picked":["Dropkick","Sword Boomerang","Searing Blow"],"picked":"SKIP","floor":4},{"not_picked":["Rupture","Clothesline"],"picked":"Shrug It Off","floor":5},{"not_picked":["Inflame","Heavy Blade"],"picked":"Dual Wield","floor":7},{"not_picked":["Rampage","Hemokinesis"],"picked":"Body Slam","floor":10},{"not_picked":["Rampage","Thunderclap","Sever Soul"],"picked":"SKIP","floor":14},{"not_picked":["Bludgeon","Brutality"],"picked":"Juggernaut","floor":16},{"not_picked":["Entrench","Headbutt+1"],"picked":"Clothesline+1","floor":18},{"not_picked":["Body Slam","Dark Embrace","Thunderclap+1"],"picked":"SKIP","floor":24},{"not_picked":["Body Slam","Shrug It Off+1","Thunderclap"],"picked":"SKIP","floor":25},{"not_picked":["Thunderclap","Cleave"],"picked":"Flame Barrier+1","floor":27},{"not_picked":["Feel No Pain","Shrug It Off+1"],"picked":"Metallicize","floor":31},{"not_picked":["Heavy Blade","Clash"],"picked":"Hemokinesis","floor":35},{"not_picked":["Flex","Cleave+1","Havoc"],"picked":"SKIP","floor":46}],"player_experience":176251,"relics_obtained":[{"floor":7,"key":"Pantograph"},{"floor":9,"key":"Happy Flower"},{"floor":10,"key":"Strawberry"},{"floor":26,"key":"Matryoshka"},{"floor":37,"key":"TungstenRod"},{"floor":43,"key":"Potion Belt"},{"floor":43,"key":"Juzu Bracelet"}],"event_choices":[{"damage_healed":0,"gold_gain":0,"cards_transformed":["Defend_R"],"player_choice":"Change","damage_taken":0,"max_hp_gain":0,"max_hp_loss":0,"event_name":"Living Wall","floor":3,"gold_loss":0,"cards_obtained":["Inflame"]},{"damage_healed":0,"gold_gain":0,"player_choice":"Became a vampire","damage_taken":0,"max_hp_gain":0,"max_hp_loss":27,"event_name":"Vampires","floor":20,"gold_loss":0,"cards_obtained":["Bite","Bite","Bite","Bite","Bite"]},{"damage_healed":0,"gold_gain":0,"player_choice":"Traded Relic","damage_taken":0,"relics_obtained":["Nloth\u0027s Gift"],"max_hp_gain":0,"max_hp_loss":0,"event_name":"N\u0027loth","floor":22,"relics_lost":["Happy Flower"],"gold_loss":0},{"damage_healed":0,"gold_gain":0,"player_choice":"Paid Fearfully","damage_taken":0,"max_hp_gain":0,"max_hp_loss":0,"event_name":"Masked Bandits","floor":28,"gold_loss":56},{"damage_healed":0,"gold_gain":0,"player_choice":"","damage_taken":6,"max_hp_gain":0,"max_hp_loss":0,"event_name":"Knowing Skull","floor":30,"potions_obtained":[],"gold_loss":0,"cards_obtained":[]},{"damage_healed":0,"gold_gain":0,"player_choice":"Fight","damage_taken":0,"max_hp_gain":0,"max_hp_loss":0,"event_name":"Mysterious Sphere","floor":37,"gold_loss":0},{"damage_healed":15,"gold_gain":0,"player_choice":"Writhe","damage_taken":0,"max_hp_gain":0,"max_hp_loss":0,"event_name":"Winding Halls","floor":39,"gold_loss":0,"cards_obtained":["Writhe"]},{"cards_removed":["Inflame"],"damage_healed":0,"gold_gain":0,"player_choice":"Removed Power","damage_taken":0,"max_hp_gain":0,"max_hp_loss":0,"event_name":"Falling","floor":41,"gold_loss":0},{"damage_healed":0,"gold_gain":0,"player_choice":"Ignored","damage_taken":0,"max_hp_gain":0,"max_hp_loss":0,"event_name":"The Moai Head","floor":45,"gold_loss":0},{"damage_healed":0,"gold_gain":0,"cards_transformed":["Heavy Blade"],"player_choice":"Transformed","damage_taken":0,"max_hp_gain":0,"max_hp_loss":0,"event_name":"Transmorgrifier","floor":47,"gold_loss":0,"cards_obtained":["Uppercut"]}],"is_beta":false,"boss_relics":[{"not_picked":["Tiny House","Snecko Eye"],"picked":"Runic Pyramid"},{"not_picked":["Empty Cage","Astrolabe"],"picked":"Fusion Hammer"}],"items_purged_floors":[38],"is_endless":false,"potions_floor_spawned":[4,5,7,24,31,35,37],"killed_by":"4 Shapes","ascension_level":3}}