{"host":"ekha54jsiuuqgn65","time":1610612305,"event":{"mods":["BaseMod","Colored Map","Conspire","Lobotomy","LobotomyExtend","Minty Spire (QoL Compilation)","Quick Restart","Replay The Spire","StSLib","SuperFastMode","The Marked","[IsaacMod]ÒÔÈö¼âËþ","vexMod","¡¾ÒÅÎï¿¨ÅÆ¡¿REMEMod"],"gold_per_floor":[119,119,138,11,27,54,69,69,69,69,69],"floor_reached":10,"language":"ZHS","playtime":288,"items_purged":[],"score":71,"play_id":"03235570-6566-47ff-a17d-2dfbd149a041","local_time":"20210114161825","is_ascension_mode":true,"campfire_choices":[{"data":"Blasphemy","floor":8,"key":"SMITH"}],"circlet_count":0,"master_deck":["Strike_P","Strike_P","Strike_P","Strike_P","Defend_P","Defend_P","Defend_P","Defend_P","Eruption","Vigilance","DoctorFetus","Doppelganger","SandsOfTime","Sickly","FearNoEvil","ReplayTheSpireMod:Necrogeddon","conspire:Banana","Good Instincts","Replay:BluntJabs","Blasphemy+1","REME_Repentance"],"relics":["PureWater","HushsDoor","REME_ComplimentaryCards","NeowsBlessing","Ring of Hypnosis","Ring of Panic","D6","ReplayTheSpireMod:ShopPack","LetterFromLob","Divine Protection"],"acts_visited":["Exordium"],"potions_floor_usage":[10],"damage_taken":[{"damage":0,"enemies":"Jaw Worm","floor":1,"turns":1},{"damage":0,"enemies":"2 Louse","floor":3,"turns":1},{"damage":0,"enemies":"Cultist","floor":5,"turns":1},{"damage":16,"enemies":"Gremlin Nob","floor":6,"turns":4},{"damage":0,"enemies":"Red Slaver","floor":7,"turns":3},{"damage":100000,"enemies":"3 Sentries","floor":10,"turns":3}],"seed_played":"1537488531034092256","potions_obtained":[{"floor":3,"key":"Languid Potion"},{"floor":5,"key":"Death Potion"},{"floor":6,"key":"Weak Potion"}],"is_trial":false,"path_per_floor":["M","?","M","$","M","E","M","R","T","E"],"character_chosen":"WATCHER","items_purchased":["ReplayTheSpireMod:ShopPack"],"campfire_rested":0,"item_purchase_floors":[4],"current_hp_per_floor":[72,72,72,72,72,57,58,58,58,0,0],"gold":69,"neow_bonus":"THREE_ENEMY_KILL","is_daily":false,"chose_seed":false,"campfire_upgraded":1,"win_rate":0.0,"timestamp":1610612305,"path_taken":["M","?","?","$","M","E","M","R","T","E"],"items_purchased_type":["Relic"],"build_version":"2020-12-22","purchased_purges":0,"victory":false,"max_hp_per_floor":[72,72,72,72,72,73,74,74,74,74,74],"card_choices":[{"not_picked":[],"picked":"DoctorFetus","floor":0},{"not_picked":["Replay:AtTheReady","Replay:Anticipation"],"picked":"SandsOfTime","floor":1},{"not_picked":["ClearTheMind","JustLucky"],"picked":"FearNoEvil","floor":3},{"not_picked":["Poisoned Strike","REME_MawOfCthun"],"picked":"ReplayTheSpireMod:Necrogeddon","floor":4},{"not_picked":["Mind Blast","Dark Shackles"],"picked":"conspire:Banana","floor":4},{"not_picked":["Impatience","REME_TheoryOfElimination"],"picked":"Good Instincts","floor":4},{"not_picked":["FlyingSleeves","CutThroughFate"],"picked":"Replay:BluntJabs","floor":5},{"not_picked":["SashWhip","FlyingSleeves"],"picked":"Blasphemy","floor":6},{"not_picked":["FlurryOfBlows","Halt"],"picked":"REME_Repentance","floor":7}],"player_experience":27546,"relics_obtained":[{"floor":2,"key":"Ring of Hypnosis"},{"floor":2,"key":"Ring of Panic"},{"floor":5,"key":"LetterFromLob"},{"floor":6,"key":"Divine Protection"}],"event_choices":[],"is_beta":false,"boss_relics":[],"items_purged_floors":[],"is_endless":false,"potions_floor_spawned":[3,5,6],"killed_by":"3 Sentries","ascension_level":1}}