{"host":"xh3brefae6wm9kl8","time":1610607184,"event":{"mods":["AchievementEnabler","BaseMod","GifTheSpireLib","Keyboard Shortcuts","Minty Spire (QoL Compilation)","Permanent Neow","Relic Stats","StSLib","SuperFastMode"],"gold_per_floor":[118,137,137,153,153,178,188,188,188],"floor_reached":8,"language":"KOR","playtime":265,"items_purged":[],"score":116,"play_id":"69913cd0-f960-4060-bb3f-d4a7e03cdcaa","local_time":"20210114155304","is_ascension_mode":true,"campfire_choices":[],"circlet_count":0,"master_deck":["AscendersBane","Strike_R","Strike_R","Strike_R","Strike_R","Strike_R","Defend_R","Defend_R","Defend_R","Defend_R","Bash+1","Wild Strike","Bloodletting","Power Through+1"],"relics":["Burning Blood","Kunai","Strawberry"],"acts_visited":["Exordium"],"potions_floor_usage":[],"damage_taken":[{"damage":1,"enemies":"Cultist","floor":1,"turns":3},{"damage":2,"enemies":"2 Louse","floor":2,"turns":2},{"damage":14,"enemies":"Jaw Worm","floor":4,"turns":4},{"damage":32,"enemies":"Gremlin Nob","floor":6,"turns":4},{"damage":1,"enemies":"Exordium Wildlife","floor":7,"turns":4},{"damage":43,"enemies":"3 Sentries","floor":8,"turns":7}],"seed_played":"6820875444161474245","potions_obtained":[{"floor":4,"key":"FearPotion"},{"floor":7,"key":"Dexterity Potion"}],"is_trial":false,"path_per_floor":["M","M","?","M","?","E","M","E"],"character_chosen":"IRONCLAD","items_purchased":[],"campfire_rested":0,"item_purchase_floors":[],"current_hp_per_floor":[73,75,57,49,49,30,35,0,0],"gold":188,"neow_bonus":"UPGRADE_CARD","is_daily":false,"chose_seed":false,"campfire_upgraded":0,"win_rate":0.0,"timestamp":1610607184,"path_taken":["M","M","?","M","?","E","?","E"],"items_purchased_type":[],"build_version":"2020-12-22","purchased_purges":0,"victory":false,"max_hp_per_floor":[75,75,75,75,75,82,82,82,82],"relic_stats":{"counters":[6,24],"Kunai":[2],"obtain_stats":[{"Strawberry":6,"Kunai":3,"Burning Blood":0},{"Strawberry":4,"Kunai":2,"Burning Blood":0},{"Strawberry":13,"Kunai":5,"Burning Blood":0}],"Burning Blood":28},"card_choices":[{"not_picked":["Warcry","Cleave"],"picked":"Wild Strike","floor":1},{"not_picked":["Heavy Blade","Berserk"],"picked":"Bloodletting","floor":2},{"not_picked":["Second Wind","Cleave"],"picked":"Power Through","floor":4},{"not_picked":["Bloodletting","Havoc","Rage"],"picked":"SKIP","floor":6},{"not_picked":["Havoc","Flex","Bloodletting"],"picked":"SKIP","floor":7}],"player_experience":378546,"relics_obtained":[{"floor":6,"key":"Strawberry"}],"event_choices":[{"damage_healed":0,"gold_gain":0,"player_choice":"Success","damage_taken":18,"relics_obtained":["Kunai"],"max_hp_gain":0,"max_hp_loss":0,"event_name":"Scrap Ooze","floor":3,"gold_loss":0},{"damage_healed":0,"gold_gain":0,"player_choice":"Upgraded","damage_taken":0,"max_hp_gain":0,"max_hp_loss":0,"event_name":"Upgrade Shrine","floor":5,"gold_loss":0,"cards_upgraded":["Power Through"]}],"is_beta":false,"boss_relics":[],"items_purged_floors":[],"is_endless":false,"potions_floor_spawned":[4,7],"killed_by":"3 Sentries","ascension_level":20}}