{"host":"32oz3bx6dtfdmrxg","time":1610628437,"event":{"mods":["2.2 Compatiblity","Act Like it!","BaseMod","Colored Map","Hermit","Highlight Path","Minty Spire (QoL Compilation)","Quick Restart","Replay The Spire","Robot Space Explorer","StSLib"],"gold_per_floor":[113,127,127,144,163,197,210,210,210,243,262,275,275,275,275,380,380,397,408,425,36,55,55,90,104,104,104,104,124,137,170,170,267,267,286,302,320,24,43,43,54,54,79,79,104,4,21,21,21,21],"floor_reached":51,"language":"FRA","playtime":3327,"items_purged":["RobotSpaceExplorer:Defend","RobotSpaceExplorer:Defend"],"score":735,"play_id":"c4af2ba5-392e-4c5e-b4b9-489a9a1f92ec","local_time":"20210114134717","is_ascension_mode":false,"campfire_choices":[{"data":"RobotSpaceExplorer:Jetpack","floor":8,"key":"SMITH"},{"data":"RobotSpaceExplorer:DualCore","floor":13,"key":"SMITH"},{"data":"RobotSpaceExplorer:DualCore","floor":15,"key":"SMITH"},{"data":"RobotSpaceExplorer:Comet","floor":23,"key":"SMITH"},{"data":"RobotSpaceExplorer:RigExplosive","floor":23,"key":"SMITH"},{"data":"RobotSpaceExplorer:Blaster","floor":27,"key":"SMITH"},{"data":"RobotSpaceExplorer:LuckyStrike","floor":27,"key":"SMITH"},{"data":"RobotSpaceExplorer:FreezingShield","floor":32,"key":"SMITH"},{"data":"RobotSpaceExplorer:FreezingShield","floor":32,"key":"SMITH"},{"data":"ReplayTheSpireMod:Faulty Equipment","floor":40,"key":"SMITH"},{"data":"RobotSpaceExplorer:TrailblazerForm","floor":40,"key":"SMITH"},{"data":"RobotSpaceExplorer:ScrapShield","floor":44,"key":"SMITH"},{"data":"RobotSpaceExplorer:FreezeRay","floor":44,"key":"SMITH"},{"data":"RobotSpaceExplorer:ScrapToss","floor":49,"key":"SMITH"},{"data":"RobotSpaceExplorer:ShovelStrike","floor":49,"key":"SMITH"}],"circlet_count":0,"master_deck":["RobotSpaceExplorer:Strike","RobotSpaceExplorer:Scan","RobotSpaceExplorer:MiniLasers","RobotSpaceExplorer:MetalStrike","RobotSpaceExplorer:ShovelStrike+1","RobotSpaceExplorer:DualCore+1","RobotSpaceExplorer:Jetpack+1","RobotSpaceExplorer:DualCore+1","RobotSpaceExplorer:FreezeRay+1","RobotSpaceExplorer:RigExplosive+1","RobotSpaceExplorer:FreezingShield+1","RobotSpaceExplorer:Comet+1","RobotSpaceExplorer:Counterblock+1","RobotSpaceExplorer:StarLightning+1","RobotSpaceExplorer:LuckyStrike+1","RobotSpaceExplorer:Blaster+1","RobotSpaceExplorer:FreezingShield+1","RobotSpaceExplorer:MiniBoosters+1","RobotSpaceExplorer:TrailblazerForm+1","Languid","RobotSpaceExplorer:ScrapToss+1","RobotSpaceExplorer:ScrapShield+1"],"relics":["RobotSpaceExplorer:TurboCore","Replay:Bottled Steam","Letter Opener","Iron Hammer","Replay:Arrowhead","Bag of Marbles","Shuriken","RobotSpaceExplorer:ToughPlating","Replay:Grab Bag","Coffee Dripper","Painkiller Herb","Kintsugi","RobotSpaceExplorer:FoglandsKnife","Mirror"],"acts_visited":["Exordium","TheCity","TheBeyond"],"potions_floor_usage":[7,10,12,12,16,16,16,18,19,20,24,25,25,31,31,33,36,37,39,41,45,47,50,50],"damage_taken":[{"damage":0,"enemies":"Jaw Worm","floor":1,"turns":5},{"damage":1,"enemies":"Cultist","floor":2,"turns":4},{"damage":0,"enemies":"2 Louse","floor":4,"turns":3},{"damage":13,"enemies":"Lots of Slimes","floor":5,"turns":4},{"damage":25,"enemies":"3 Sentries","floor":6,"turns":11},{"damage":10,"enemies":"Red Slaver","floor":7,"turns":5},{"damage":6,"enemies":"Replay:BlueRogue","floor":10,"turns":10},{"damage":0,"enemies":"Looter","floor":11,"turns":4},{"damage":0,"enemies":"2 Fungi Beasts","floor":12,"turns":3},{"damage":14,"enemies":"Hexaghost","floor":16,"turns":14},{"damage":0,"enemies":"Spheric Guardian","floor":18,"turns":3},{"damage":0,"enemies":"3 Byrds","floor":19,"turns":4},{"damage":4,"enemies":"Centurion and Healer","floor":20,"turns":6},{"damage":1,"enemies":"3 Cultists","floor":22,"turns":4},{"damage":1,"enemies":"Replay:Snechameleon","floor":24,"turns":4},{"damage":0,"enemies":"Snake Plant","floor":25,"turns":2},{"damage":1,"enemies":"Cultist and Chosen","floor":29,"turns":5},{"damage":0,"enemies":"Snecko","floor":30,"turns":4},{"damage":0,"enemies":"Slavers","floor":31,"turns":4},{"damage":9,"enemies":"Pondfish","floor":33,"turns":10},{"damage":0,"enemies":"Orb Walker","floor":35,"turns":3},{"damage":0,"enemies":"3 Darklings","floor":36,"turns":5},{"damage":0,"enemies":"Writhing Mass","floor":37,"turns":6},{"damage":0,"enemies":"Sphere and 2 Shapes","floor":39,"turns":5},{"damage":0,"enemies":"Transient","floor":41,"turns":5},{"damage":4,"enemies":"Nemesis","floor":45,"turns":5},{"damage":0,"enemies":"Writhing Mass","floor":47,"turns":4},{"damage":39,"enemies":"Replay:Hell Engine","floor":50,"turns":6}],"seed_played":"-54422744112983645","potions_obtained":[{"floor":1,"key":"Adrenaline Potion"},{"floor":6,"key":"EntropicBrew"},{"floor":10,"key":"LiquidBronze"},{"floor":16,"key":"Dexterity Potion"},{"floor":18,"key":"Cursed Concoction"},{"floor":22,"key":"CultistPotion"},{"floor":24,"key":"Fire Potion"},{"floor":36,"key":"RobotSpaceExplorer:PlasmaFlask"}],"is_trial":false,"path_per_floor":["M","M","?","M","M","E","M","R","T","E","M","M","R","?","R","B",null,"M","M","M","$","M","R","E","M","T","R","?","M","M","E","R","B",null,"?","?","?","T","?","T","?","?","T","T","E","T","?","?","T","B",null],"character_chosen":"RobotSpaceExplorer","items_purchased":["Replay:Arrowhead","RobotSpaceExplorer:FoglandsKnife","RobotSpaceExplorer:ScrapToss","RobotSpaceExplorer:ScrapShield"],"campfire_rested":0,"item_purchase_floors":[21,38,38,38],"current_hp_per_floor":[82,81,81,81,68,43,33,33,33,27,27,27,27,32,32,18,87,87,87,83,83,82,82,81,81,81,81,81,80,80,80,80,71,87,87,87,87,87,87,87,87,87,87,87,83,83,83,83,83,44],"gold":21,"neow_bonus":"TEN_PERCENT_HP_BONUS","is_daily":false,"chose_seed":false,"campfire_upgraded":15,"win_rate":0.0,"timestamp":1610628437,"path_taken":["M","M","?","M","M","E","M","R","T","E","?","M","R","?","R","BOSS","M","M","M","$","M","R","E","M","T","R","?","M","?","E","R","BOSS","?","?","?","T","?","T","?","?","T","T","E","T","?","?","T","BOSS"],"items_purchased_type":["Relic","Relic","Card","Card"],"build_version":"2020-12-22","purchased_purges":2,"victory":true,"max_hp_per_floor":[82,82,82,82,82,82,82,82,82,82,82,82,82,87,87,87,87,87,87,87,87,87,87,87,87,87,87,87,87,87,87,87,87,87,87,87,87,87,87,87,87,87,87,87,87,87,87,87,87,87],"card_choices":[{"not_picked":["RobotSpaceExplorer:SlimeMissile","RobotSpaceExplorer:MiniDrones"],"picked":"RobotSpaceExplorer:MetalStrike","floor":1},{"not_picked":["RobotSpaceExplorer:GlueShot","RobotSpaceExplorer:ShockKick","RobotSpaceExplorer:MetalStrike"],"picked":"SKIP","floor":2},{"not_picked":["RobotSpaceExplorer:SelfCleaning","RobotSpaceExplorer:MiniDrones"],"picked":"RobotSpaceExplorer:DualCore","floor":4},{"not_picked":["RobotSpaceExplorer:StunGrenade","RobotSpaceExplorer:SurgingShield"],"picked":"RobotSpaceExplorer:Jetpack","floor":5},{"not_picked":["RobotSpaceExplorer:SwiftStep","RobotSpaceExplorer:Blitz"],"picked":"RobotSpaceExplorer:DualCore","floor":6},{"not_picked":["RobotSpaceExplorer:SurgingShield","RobotSpaceExplorer:BigMissile","RobotSpaceExplorer:Ammunition"],"picked":"SKIP","floor":7},{"not_picked":["RobotSpaceExplorer:GlueSpray","RobotSpaceExplorer:ToxicBomb"],"picked":"RobotSpaceExplorer:FreezeRay","floor":10},{"not_picked":["RobotSpaceExplorer:Blitz","RobotSpaceExplorer:Counterblock"],"picked":"RobotSpaceExplorer:RigExplosive","floor":11},{"not_picked":["RobotSpaceExplorer:SurgingShield","RobotSpaceExplorer:Explosion"],"picked":"RobotSpaceExplorer:FreezingShield","floor":12},{"not_picked":["RobotSpaceExplorer:Exploration","RobotSpaceExplorer:TrailblazerForm"],"picked":"RobotSpaceExplorer:Comet","floor":16},{"not_picked":["RobotSpaceExplorer:SlimeMissile","RobotSpaceExplorer:ImprovisedAttack+1"],"picked":"RobotSpaceExplorer:Counterblock+1","floor":18},{"not_picked":["RobotSpaceExplorer:ImprovisedAttack","RobotSpaceExplorer:ShockKick+1","RobotSpaceExplorer:SelfCleaning"],"picked":"SKIP","floor":19},{"not_picked":["RobotSpaceExplorer:Blitz","RobotSpaceExplorer:Smokescreen"],"picked":"RobotSpaceExplorer:StarLightning","floor":20},{"not_picked":["RobotSpaceExplorer:SwiftStep","RobotSpaceExplorer:ShockKick"],"picked":"RobotSpaceExplorer:LuckyStrike","floor":22},{"not_picked":["RobotSpaceExplorer:MiniDrones+1","RobotSpaceExplorer:ExhaustFan+1"],"picked":"RobotSpaceExplorer:Blaster","floor":24},{"not_picked":["RobotSpaceExplorer:RigExplosive","RobotSpaceExplorer:Electroshield+1"],"picked":"RobotSpaceExplorer:FreezingShield","floor":25},{"not_picked":["RobotSpaceExplorer:PowerGlove+1","RobotSpaceExplorer:Fix","RobotSpaceExplorer:Probe"],"picked":"SKIP","floor":29},{"not_picked":["RobotSpaceExplorer:ShovelStrike","RobotSpaceExplorer:ToxicBomb"],"picked":"RobotSpaceExplorer:MiniBoosters+1","floor":30},{"not_picked":["RobotSpaceExplorer:ScrapMissile","RobotSpaceExplorer:BigMissile"],"picked":"RobotSpaceExplorer:Ammunition+1","floor":31},{"not_picked":["RobotSpaceExplorer:Explosion","RobotSpaceExplorer:Arsenal"],"picked":"RobotSpaceExplorer:TrailblazerForm","floor":33},{"not_picked":["RobotSpaceExplorer:FrostMissile+1","RobotSpaceExplorer:Fix+1","RobotSpaceExplorer:Reload"],"picked":"SKIP","floor":35},{"not_picked":["RobotSpaceExplorer:GlueShot+1","RobotSpaceExplorer:Ammunition+1","RobotSpaceExplorer:ShockKick+1"],"picked":"SKIP","floor":36},{"not_picked":["RobotSpaceExplorer:Electropulse","RobotSpaceExplorer:SurgingStrike+1","RobotSpaceExplorer:MakeshiftVolley"],"picked":"SKIP","floor":37},{"not_picked":["RobotSpaceExplorer:TurboDodge+1","RobotSpaceExplorer:Probe","RobotSpaceExplorer:ScrapMissile"],"picked":"SKIP","floor":39},{"not_picked":["RobotSpaceExplorer:Probe","RobotSpaceExplorer:MetalStrike","RobotSpaceExplorer:Electropulse"],"picked":"SKIP","floor":41},{"not_picked":["RobotSpaceExplorer:Ammunition+1","RobotSpaceExplorer:ShovelStrike","RobotSpaceExplorer:PlasmaMissile+1"],"picked":"SKIP","floor":45},{"not_picked":["RobotSpaceExplorer:MetalStrike","RobotSpaceExplorer:SlimeMissile+1","RobotSpaceExplorer:ImprovisedAttack"],"picked":"SKIP","floor":47}],"player_experience":581378,"relics_obtained":[{"floor":6,"key":"Replay:Bottled Steam"},{"floor":9,"key":"Letter Opener"},{"floor":10,"key":"Iron Hammer"},{"floor":24,"key":"Bag of Marbles"},{"floor":26,"key":"Shuriken"},{"floor":31,"key":"RobotSpaceExplorer:ToughPlating"},{"floor":45,"key":"Mirror"}],"event_choices":[{"damage_healed":0,"gold_gain":0,"cards_transformed":["RobotSpaceExplorer:Strike"],"player_choice":"Transformed","damage_taken":0,"max_hp_gain":0,"max_hp_loss":0,"event_name":"Transmorgrifier","floor":3,"gold_loss":0,"cards_obtained":["RobotSpaceExplorer:ShovelStrike"]},{"damage_healed":0,"gold_gain":0,"player_choice":"Donut","damage_taken":0,"max_hp_gain":5,"max_hp_loss":0,"event_name":"Big Fish","floor":14,"gold_loss":0},{"damage_healed":0,"gold_gain":0,"player_choice":"Upgraded","damage_taken":0,"max_hp_gain":0,"max_hp_loss":0,"event_name":"Upgrade Shrine","floor":28,"gold_loss":0,"cards_upgraded":["RobotSpaceExplorer:StarLightning"]},{"damage_healed":0,"gold_gain":0,"player_choice":"Memory 1","damage_taken":0,"max_hp_gain":0,"max_hp_loss":0,"event_name":"SensoryStone","floor":42,"gold_loss":0},{"damage_healed":0,"gold_gain":0,"player_choice":"Ignored","damage_taken":0,"max_hp_gain":0,"max_hp_loss":0,"event_name":"NoteForYourself","floor":48,"gold_loss":0}],"is_beta":false,"boss_relics":[{"not_picked":["SacredBark","Busted Crown"],"picked":"RobotSpaceExplorer:TurboCore"},{"not_picked":["Velvet Choker","ChewingGum"],"picked":"Replay:Grab Bag"},{"not_picked":["Runic Dome","ReplayTheSpireMod:Onyx Gauntlets"],"picked":"Coffee Dripper"},{"not_picked":["Fusion Hammer","Replay:Wanted Poster"],"picked":"Painkiller Herb"},{"not_picked":["Calling Bell","SlaversCollar"],"picked":"Kintsugi"}],"items_purged_floors":[21,46],"is_endless":false,"potions_floor_spawned":[1,6,7,10,16,18,22,24,30,36,39],"ascension_level":0}}