{"host":"qa029bqsloh3rj2z","time":1610617816,"event":{"mods":["AchievementEnabler","BaseMod","Colored Powertips","DeckTracker","Minty Spire (QoL Compilation)","Permanent Neow","Waifu the Spire"],"gold_per_floor":[119,119,119,129,144,144,177,102,102,116,129,145,155,184,184,280,280,294,194,194,208,83,83,83],"floor_reached":23,"language":"ENG","playtime":1326,"items_purged":["Strike_R","Strike_R","Defend_R"],"score":203,"play_id":"f8590e92-c5e3-46a9-8c5b-b1362b922068","local_time":"20210114045016","is_ascension_mode":false,"campfire_choices":[{"data":"Clash","floor":6,"key":"SMITH"},{"data":"Dropkick","floor":15,"key":"SMITH"}],"circlet_count":0,"master_deck":["Strike_R","Strike_R","Strike_R","Defend_R","Defend_R","Bash+1","Clash+1","Dropkick+1","Shrug It Off"],"relics":["Burning Blood","Dream Catcher","Question Card","Mummified Hand","Black Star"],"acts_visited":["Exordium","TheCity"],"potions_floor_usage":[16,18,21,23,23,23],"damage_taken":[{"damage":1,"enemies":"Jaw Worm","floor":1,"turns":3},{"damage":1,"enemies":"Cultist","floor":4,"turns":3},{"damage":0,"enemies":"2 Louse","floor":5,"turns":1},{"damage":27,"enemies":"Gremlin Nob","floor":7,"turns":4},{"damage":1,"enemies":"Lots of Slimes","floor":10,"turns":4},{"damage":8,"enemies":"Large Slime","floor":11,"turns":4},{"damage":5,"enemies":"Looter","floor":12,"turns":2},{"damage":1,"enemies":"2 Fungi Beasts","floor":13,"turns":2},{"damage":21,"enemies":"Lagavulin","floor":14,"turns":5},{"damage":23,"enemies":"Slime Boss","floor":16,"turns":12},{"damage":41,"enemies":"3 Byrds","floor":18,"turns":6},{"damage":20,"enemies":"2 Thieves","floor":21,"turns":4},{"damage":35,"enemies":"Gremlin Leader","floor":23,"turns":3}],"seed_played":"-2827330278123027076","potions_obtained":[{"floor":1,"key":"Energy Potion"},{"floor":4,"key":"ColorlessPotion"},{"floor":10,"key":"CultistPotion"},{"floor":11,"key":"Fire Potion"},{"floor":16,"key":"Fire Potion"},{"floor":18,"key":"LiquidBronze"},{"floor":21,"key":"FearPotion"}],"is_trial":false,"path_per_floor":["M","?","?","M","M","R","E","$","T","M","M","M","M","E","R","B",null,"M","$","?","M","$","E"],"character_chosen":"IRONCLAD","items_purchased":[],"campfire_rested":0,"item_purchase_floors":[],"current_hp_per_floor":[80,80,80,80,80,80,59,59,59,64,62,63,68,53,53,36,80,45,45,45,31,31,0,0],"gold":83,"neow_bonus":"UPGRADE_CARD","is_daily":false,"chose_seed":false,"campfire_upgraded":2,"win_rate":0.0,"timestamp":1610617816,"path_taken":["M","?","?","?","?","R","E","$","T","M","?","M","M","E","R","BOSS","M","$","?","M","$","E"],"items_purchased_type":[],"build_version":"2020-12-22","purchased_purges":3,"victory":false,"max_hp_per_floor":[80,80,80,80,80,80,80,80,80,80,80,80,80,80,80,80,80,80,80,80,80,80,80,80],"card_choices":[{"not_picked":["Shrug It Off","Clothesline"],"picked":"Clash","floor":1},{"not_picked":["Wild Strike","Ghostly Armor","Battle Trance"],"picked":"SKIP","floor":4},{"not_picked":["Warcry","Rupture","Feel No Pain"],"picked":"SKIP","floor":5},{"not_picked":["Clothesline","Thunderclap","Reckless Charge"],"picked":"SKIP","floor":7},{"not_picked":["Whirlwind","Clothesline","Cleave","Twin Strike"],"picked":"SKIP","floor":10},{"not_picked":["Iron Wave","Pommel Strike","Havoc"],"picked":"Dropkick","floor":11},{"not_picked":["Clash","Juggernaut","Infernal Blade","Thunderclap"],"picked":"SKIP","floor":12},{"not_picked":["Metallicize","Burning Pact","Perfected Strike","Fire Breathing"],"picked":"SKIP","floor":13},{"not_picked":["Wild Strike","Pommel Strike","Reaper"],"picked":"Shrug It Off","floor":14},{"not_picked":["Havoc","Twin Strike+1","Infernal Blade+1","Sentinel"],"picked":"SKIP","floor":18},{"not_picked":["Cleave","Clash","Uppercut","Sword Boomerang"],"picked":"SKIP","floor":21}],"player_experience":36181,"relics_obtained":[{"floor":7,"key":"Dream Catcher"},{"floor":9,"key":"Question Card"},{"floor":14,"key":"Mummified Hand"}],"event_choices":[{"damage_healed":0,"gold_gain":0,"player_choice":"Ignored","damage_taken":0,"max_hp_gain":0,"max_hp_loss":0,"event_name":"Liars Game","floor":2,"gold_loss":0},{"cards_removed":["Defend_R"],"damage_healed":0,"gold_gain":0,"player_choice":"Offered Basic","damage_taken":0,"max_hp_gain":0,"max_hp_loss":0,"event_name":"Bonfire Elementals","floor":3,"gold_loss":0},{"damage_healed":0,"gold_gain":0,"player_choice":"Ignored","damage_taken":0,"max_hp_gain":0,"max_hp_loss":0,"event_name":"N\u0027loth","floor":20,"gold_loss":0}],"is_beta":false,"boss_relics":[{"not_picked":["Runic Cube","Coffee Dripper"],"picked":"Black Star"}],"items_purged_floors":[8,19,22],"is_endless":false,"potions_floor_spawned":[1,4,10,11,12,16,18,21],"killed_by":"Gremlin Leader","ascension_level":0}}