{"host":"cijwx898anu8dehj","time":1610660324,"event":{"mods":["AchievementEnabler","AlwaysNeverKeys","BaseMod","Colored Map","Colored Powertips","Highlight Path","Minty Spire (QoL Compilation)","Rare Cards Sparkle","Relic Stats","Slay-I"],"gold_per_floor":[109,121,121,196,213,213,247,265,265,295,307,320,320,347,347,445,445,464,477,677,695,712,712,727,727,727],"floor_reached":25,"language":"ENG","playtime":2141,"items_purged":[],"score":530,"play_id":"0d73c8cf-6afe-4d1c-9adf-dec29efc250a","local_time":"20210114193844","is_ascension_mode":true,"campfire_choices":[{"floor":6.0,"key":"REST"},{"data":"Eruption","floor":13.0,"key":"SMITH"},{"data":"Consecrate","floor":15.0,"key":"SMITH"},{"floor":23,"key":"REST"}],"circlet_count":0,"master_deck":["AscendersBane","Strike_P","Strike_P","Strike_P","Strike_P","Defend_P","Defend_P","Defend_P","Defend_P+1","Eruption+1","Vigilance","Halt","Consecrate+1","FollowUp","ThirdEye+1","EmptyFist","EmptyFist","BattleHymn","Vault","Conclude","Swivel"],"relics":["PureWater","Potion Belt","Bag of Preparation","War Paint","Odd Mushroom","Eternal Feather","Snecko Eye"],"acts_visited":["TheCity"],"potions_floor_usage":[],"damage_taken":[{"damage":4.0,"enemies":"Jaw Worm","floor":1.0,"turns":6.0},{"damage":5.0,"enemies":"2 Louse","floor":2.0,"turns":3.0},{"damage":2.0,"enemies":"Cultist","floor":5.0,"turns":5.0},{"damage":9.0,"enemies":"3 Sentries","floor":7.0,"turns":5.0},{"damage":4.0,"enemies":"Gremlin Gang","floor":8.0,"turns":3.0},{"damage":1.0,"enemies":"The Mushroom Lair","floor":10.0,"turns":4.0},{"damage":0.0,"enemies":"2 Fungi Beasts","floor":11.0,"turns":2.0},{"damage":0.0,"enemies":"Lots of Slimes","floor":12.0,"turns":2.0},{"damage":0.0,"enemies":"Lagavulin","floor":14.0,"turns":4.0},{"damage":33.0,"enemies":"Slime Boss","floor":16.0,"turns":8.0},{"damage":4.0,"enemies":"3 Byrds","floor":18.0,"turns":6.0},{"damage":0.0,"enemies":"2 Thieves","floor":19.0,"turns":1.0},{"damage":23,"enemies":"Snake Plant","floor":21,"turns":4},{"damage":0,"enemies":"Sentry and Sphere","floor":22,"turns":2},{"damage":0,"enemies":"3 Cultists","floor":24,"turns":3},{"damage":71,"enemies":"Book of Stabbing","floor":25,"turns":5}],"seed_played":"-5242297705512589220","potions_obtained":[{"floor":1.0,"key":"DuplicationPotion"},{"floor":7.0,"key":"EssenceOfSteel"},{"floor":11.0,"key":"Ambrosia"},{"floor":14.0,"key":"Explosive Potion"},{"floor":19.0,"key":"Block Potion"},{"floor":22,"key":"BottledMiracle"}],"is_trial":false,"path_per_floor":["M","M","?","?","M","R","E","M","T","?","M","M","R","E","R","B",null,"M","M","?","M","M","R","M","E"],"character_chosen":"WATCHER","items_purchased":[],"campfire_rested":2,"item_purchase_floors":[],"current_hp_per_floor":[61,56,56,45,43,64,55,51,51,50,50,50,50,50,59,26,61,57,57,57,34,34,67,67,0,0],"gold":727,"neow_bonus":"RANDOM_COMMON_RELIC","is_daily":false,"chose_seed":false,"campfire_upgraded":2,"win_rate":0.0,"timestamp":1610660324,"path_taken":["M","M","?","?","M","R","E","M","T","?","M","M","R","E","R","BOSS","M","M","?","?","?","R","M","E"],"items_purchased_type":[],"build_version":"2020-12-22","purchased_purges":0,"victory":false,"max_hp_per_floor":[72,72,72,72,72,72,72,72,72,72,72,72,72,72,72,72,72,72,72,72,72,72,72,72,72,72],"relic_stats":{"counters":[16,63],"Snecko Eye":[30,45,32,43],"Eternal Feather":21,"Bag of Preparation":[24],"War Paint":["ThirdEye","Defend_P"],"obtain_stats":[{"Potion Belt":0,"Snecko Eye":17,"Eternal Feather":14,"Bag of Preparation":7,"PureWater":0,"War Paint":9,"Odd Mushroom":10},{"Potion Belt":0,"Snecko Eye":10,"Eternal Feather":9,"Bag of Preparation":4,"PureWater":0,"War Paint":5,"Odd Mushroom":6},{"Potion Belt":0,"Snecko Eye":42,"Eternal Feather":34,"Bag of Preparation":19,"PureWater":0,"War Paint":22,"Odd Mushroom":26}]},"card_choices":[{"not_picked":["EmptyMind","Protect"],"picked":"Halt","floor":1.0},{"not_picked":["ClearTheMind","WaveOfTheHand"],"picked":"Consecrate","floor":2.0},{"not_picked":["EmptyBody","MentalFortress"],"picked":"FollowUp","floor":5.0},{"not_picked":["CrushJoints","Indignation","BowlingBash"],"picked":"SKIP","floor":7.0},{"not_picked":["Evaluate","JustLucky"],"picked":"ThirdEye","floor":8.0},{"not_picked":["Brilliance","ClearTheMind"],"picked":"EmptyFist","floor":10.0},{"not_picked":["FollowUp","FlyingSleeves"],"picked":"EmptyFist","floor":11.0},{"not_picked":["Prostrate","CutThroughFate"],"picked":"BattleHymn","floor":12.0},{"not_picked":["EmptyBody","FollowUp","InnerPeace"],"picked":"SKIP","floor":14.0},{"not_picked":["Judgement","Establishment"],"picked":"Vault","floor":16.0},{"not_picked":["Protect+1","Prostrate"],"picked":"Conclude","floor":18.0},{"not_picked":["PathToVictory+1","EmptyBody","ClearTheMind"],"picked":"SKIP","floor":19.0},{"not_picked":["Protect","Worship+1","CutThroughFate"],"picked":"SKIP","floor":21},{"not_picked":["Consecrate","WaveOfTheHand","CutThroughFate"],"picked":"SKIP","floor":22},{"not_picked":["CrushJoints","Protect+1"],"picked":"Swivel","floor":24}],"player_experience":1003896,"relics_obtained":[{"floor":7.0,"key":"Bag of Preparation"},{"floor":9.0,"key":"War Paint"},{"floor":10.0,"key":"Odd Mushroom"},{"floor":14.0,"key":"Eternal Feather"}],"event_choices":[{"damage_healed":0.0,"max_hp_gain":0.0,"max_hp_loss":0.0,"gold_gain":0.0,"event_name":"Liars Game","player_choice":"Ignored","floor":3.0,"gold_loss":0.0,"damage_taken":0.0},{"damage_healed":0.0,"max_hp_gain":0.0,"max_hp_loss":0.0,"gold_gain":75.0,"event_name":"World of Goop","player_choice":"Gather Gold","floor":4.0,"gold_loss":0.0,"damage_taken":11.0},{"damage_healed":0.0,"max_hp_gain":0.0,"max_hp_loss":0.0,"gold_gain":0.0,"event_name":"Mushrooms","player_choice":"Fought Mushrooms","floor":10.0,"gold_loss":0.0,"damage_taken":0.0},{"damage_healed":0,"gold_gain":250,"player_choice":"Bet on Owner","damage_taken":0,"max_hp_gain":0,"max_hp_loss":0,"event_name":"The Joust","floor":20,"gold_loss":50}],"is_beta":false,"boss_relics":[{"not_picked":["Astrolabe","Cursed Key"],"picked":"Snecko Eye"}],"items_purged_floors":[],"is_endless":false,"potions_floor_spawned":[1,7,11,14,19,22],"killed_by":"Book of Stabbing","ascension_level":11}}