{"host":"se62q65hiqxz7cab","time":1610607412,"event":{"mods":["Act Like it!","BaseMod","Colored Map","KinomotoSakuraMod(Ä¾Ö®±¾Ó£)","Minty Spire (QoL Compilation)","Replay The Spire","Shop Mod","StSLib","The Bug Knight","The Cursed","The Servant 0.9.4"],"gold_per_floor":[215,215,180,198,209,209,220,220,220,220,220,254,271,285,285,383,383,403,318,336,336,407,407,427,526,572,572,572,572,572,606,606,734,784,814,171,213,263,291,291,0,0,0,0,30,30,30,63,63,73],"floor_reached":51,"language":"ZHS","playtime":2096,"items_purged":["ReplayTheSpireMod:Splinters"],"score":947,"play_id":"be1aeb18-007f-499d-8856-fe24f27caf0d","local_time":"20210114145652","is_ascension_mode":false,"campfire_choices":[{"data":"SilverBlades","floor":6,"key":"SMITH"},{"data":"KidneyShot","floor":8,"key":"SMITH"},{"data":"GearUp","floor":10,"key":"SMITH"},{"floor":15,"key":"REST"},{"data":"Embodiment","floor":23,"key":"SMITH"},{"floor":27,"key":"REST"},{"floor":29,"key":"REST"},{"floor":32,"key":"REST"},{"floor":40,"key":"REST"},{"data":"Sunlight","floor":46,"key":"SMITH"},{"floor":49,"key":"REST"}],"circlet_count":0,"master_deck":["Strike_S","Strike_S","Strike_S","Defend_S+1","Defend_S","Defend_S","KidneyShot+1","Exchange+1","SilverBlades+1","GearUp+1","Sunlight+1","Starlight","Initiator","Embodiment+1","SpecialFormula+1","Moondial","GearUp","TheWorld","MurderousAura","BottledTime","BottledTime+1","BottledTime","FastForward+1","FanOfKnives","SurpressingFire","Sunlight","Luminosity","Comet+1"],"relics":["Uniform","Onion Ring","SlaversCollar","Juzu Bracelet","Nloth\u0027s Gift","Smiling Mask","Replay:Bandana","Enchiridion","Tiny House","Mummified Hand","Prayer Wheel","Red Mask","Bag of Marbles"],"acts_visited":["Exordium","TheCity","TheBeyond"],"potions_floor_usage":[16,16,33,33,37,50,50],"damage_taken":[{"damage":1,"enemies":"Cultist","floor":1,"turns":5},{"damage":8,"enemies":"Jaw Worm","floor":4,"turns":3},{"damage":5,"enemies":"Small Slimes","floor":5,"turns":4},{"damage":2,"enemies":"Exordium Thugs","floor":7,"turns":5},{"damage":4,"enemies":"Replay:BlueRogue","floor":12,"turns":5},{"damage":0,"enemies":"Large Slime","floor":13,"turns":5},{"damage":13,"enemies":"Lots of Slimes","floor":14,"turns":3},{"damage":0,"enemies":"Slime Boss","floor":16,"turns":8},{"damage":13,"enemies":"Spheric Guardian","floor":18,"turns":4},{"damage":9,"enemies":"Shell Parasite","floor":20,"turns":6},{"damage":28,"enemies":"Snake Plant","floor":24,"turns":4},{"damage":25,"enemies":"3 Cultists","floor":31,"turns":7},{"damage":10,"enemies":"Pondfish","floor":33,"turns":6},{"damage":31,"enemies":"Orb Walker","floor":35,"turns":6},{"damage":8,"enemies":"3 Darklings","floor":37,"turns":4},{"damage":6,"enemies":"Sphere and 2 Shapes","floor":38,"turns":2},{"damage":12,"enemies":"Transient","floor":39,"turns":5},{"damage":0,"enemies":"Jaw Worm Horde","floor":45,"turns":1},{"damage":23,"enemies":"Writhing Mass","floor":48,"turns":6},{"damage":39,"enemies":"Time Eater","floor":50,"turns":9}],"seed_played":"6267734990077120631","potions_obtained":[{"floor":4,"key":"Elixir"},{"floor":7,"key":"Fire Potion"},{"floor":13,"key":"Ancient Potion"},{"floor":14,"key":"Milkshake"},{"floor":18,"key":"PowerPotion"},{"floor":22,"key":"Elixir"},{"floor":22,"key":"Reflective Coating"},{"floor":33,"key":"Block Potion"},{"floor":34,"key":"DuplicationPotion"},{"floor":38,"key":"Milkshake"},{"floor":39,"key":"SkillPotion"}],"is_trial":false,"path_per_floor":["M","?","?","M","M","R","M","R","T","R","?","E","M","M","R","B",null,"M","?","M","?","?","R","M","?","T","R","?","R","?","M","R","B",null,"M","$","M","M","M","R","?","?","T","?","M","R","?","M","R","B",null],"character_chosen":"THE_SERVANT","items_purchased":["Mummified Hand","BottledTime","Prayer Wheel"],"campfire_rested":6,"item_purchase_floors":[36,36,36],"current_hp_per_floor":[64,57,65,57,52,52,50,50,50,50,50,56,56,43,65,65,75,62,62,61,61,61,61,33,33,33,55,41,65,49,24,48,46,85,54,54,54,56,44,69,69,69,69,69,69,69,69,54,79,40],"gold":73,"neow_bonus":"HUNDRED_GOLD","is_daily":false,"chose_seed":false,"campfire_upgraded":5,"win_rate":0.0,"timestamp":1610607412,"path_taken":["M","?","?","M","M","R","M","R","T","R","?","E","M","M","R","BOSS","M","?","M","?","?","R","M","?","T","R","?","R","?","M","R","BOSS","M","$","M","M","M","R","?","?","T","?","M","R","?","M","R","BOSS"],"items_purchased_type":["Relic","Card","Relic"],"build_version":"2020-12-22","purchased_purges":1,"victory":true,"max_hp_per_floor":[65,65,65,65,65,65,65,65,65,65,65,75,75,75,75,75,75,75,75,75,75,75,75,75,75,75,75,80,80,80,80,80,80,85,85,85,85,85,85,85,85,85,85,85,85,85,85,85,85,85],"card_choices":[{"not_picked":["Ricochet","Rearm"],"picked":"SilverBlades","floor":1},{"not_picked":["Defy","Replace","ShiftingGears"],"picked":"SKIP","floor":4},{"not_picked":["BottledTime","SpecialFormula"],"picked":"GearUp","floor":5},{"not_picked":["DoubleEdge","Replace","Reset"],"picked":"SKIP","floor":7},{"not_picked":["DoubleEdge","Potential"],"picked":"Sunlight","floor":12},{"not_picked":["TimeWarp","ReturningBlade"],"picked":"Starlight","floor":13},{"not_picked":["Foresight","Starlight"],"picked":"Initiator","floor":14},{"not_picked":["Sunlight","LightFlow"],"picked":"Embodiment","floor":16},{"not_picked":["MoonPhase+1","ShiftingGears"],"picked":"SpecialFormula+1","floor":18},{"not_picked":["Starlight+1","ShatteredReality","Spin"],"picked":"SKIP","floor":20},{"not_picked":["Potential","Ricochet"],"picked":"Moondial","floor":22},{"not_picked":["Contraction","Rearm"],"picked":"GearUp","floor":24},{"not_picked":["Rewind","TimeWarp+1"],"picked":"TheWorld","floor":31},{"not_picked":["Duplication","TheWorld"],"picked":"MurderousAura","floor":33},{"not_picked":["DoubleEdge+1","Unruled"],"picked":"WasteNot+1","floor":34},{"not_picked":["Alleviate+1","GearUp+1","Replace+1"],"picked":"SKIP","floor":35},{"not_picked":["Replace+1","Defy+1"],"picked":"BottledTime+1","floor":37},{"not_picked":["Potential","Collapse","Unruled+1"],"picked":"SKIP","floor":37},{"not_picked":["Alleviate+1","Sunlight"],"picked":"BottledTime","floor":38},{"not_picked":["Ricochet+1","Comet"],"picked":"FastForward+1","floor":38},{"not_picked":["Unruled","Contraction+1"],"picked":"FanOfKnives","floor":39},{"not_picked":["Defy","Spin","DoubleEdge+1"],"picked":"SKIP","floor":39},{"not_picked":["SoulSculpture","Barrier"],"picked":"SurpressingFire","floor":45},{"not_picked":["Starlight+1","Replace"],"picked":"Sunlight","floor":45},{"not_picked":["Revamp+1","Rearm"],"picked":"Luminosity","floor":48},{"not_picked":["DoubleEdge","Hightail"],"picked":"Comet+1","floor":48}],"player_experience":196625,"relics_obtained":[{"floor":9,"key":"Onion Ring"},{"floor":12,"key":"Pear"},{"floor":22,"key":"Smiling Mask"},{"floor":26,"key":"Replay:Bandana"},{"floor":30,"key":"Enchiridion"},{"floor":43,"key":"Bag of Marbles"}],"event_choices":[{"cards_removed":["Defend_S"],"damage_healed":0,"gold_gain":0,"player_choice":"Card Removal","damage_taken":7,"max_hp_gain":0,"max_hp_loss":0,"event_name":"Golden Wing","floor":2,"gold_loss":0},{"damage_healed":16,"gold_gain":0,"player_choice":"Healed","damage_taken":0,"max_hp_gain":0,"max_hp_loss":0,"event_name":"The Cleric","floor":3,"gold_loss":35},{"damage_healed":0,"gold_gain":0,"player_choice":"Upgraded","damage_taken":0,"max_hp_gain":0,"max_hp_loss":0,"event_name":"Upgrade Shrine","floor":11,"gold_loss":0,"cards_upgraded":["Exchange"]},{"damage_healed":0,"gold_gain":0,"player_choice":"Obtained Relic","damage_taken":0,"relics_obtained":["Juzu Bracelet"],"max_hp_gain":0,"max_hp_loss":0,"event_name":"Addict","floor":19,"gold_loss":85},{"damage_healed":0,"gold_gain":0,"player_choice":"Traded Relic","damage_taken":0,"relics_obtained":["Nloth\u0027s Gift"],"max_hp_gain":0,"max_hp_loss":0,"event_name":"N\u0027loth","floor":21,"relics_lost":["Pear"],"gold_loss":0},{"damage_healed":0,"gold_gain":99,"player_choice":"Stole From Cult","damage_taken":0,"max_hp_gain":0,"max_hp_loss":0,"event_name":"Nest","floor":25,"gold_loss":0},{"damage_healed":0,"gold_gain":0,"player_choice":"Shed Blood","damage_taken":19,"max_hp_gain":5,"max_hp_loss":0,"event_name":"Forgotten Altar","floor":28,"gold_loss":0},{"damage_healed":0,"gold_gain":0,"player_choice":"Obtained Book","damage_taken":16,"max_hp_gain":0,"max_hp_loss":0,"event_name":"Cursed Tome","floor":30,"gold_loss":0},{"damage_healed":0,"gold_gain":0,"player_choice":"Paid","damage_taken":0,"relics_obtained":["Red Mask"],"max_hp_gain":0,"max_hp_loss":0,"event_name":"Tomb of Lord Red Mask","floor":41,"gold_loss":291},{"cards_removed":["WasteNot"],"damage_healed":0,"gold_gain":0,"player_choice":"Removed Power","damage_taken":0,"max_hp_gain":0,"max_hp_loss":0,"event_name":"Falling","floor":44,"gold_loss":0},{"cards_removed":["Strike_S"],"damage_healed":0,"gold_gain":0,"player_choice":"Purged","damage_taken":0,"max_hp_gain":0,"max_hp_loss":0,"event_name":"Purifier","floor":47,"gold_loss":0}],"is_beta":false,"boss_relics":[{"not_picked":["Replay:Ancient Bell","ChewingGum"],"picked":"SlaversCollar"},{"not_picked":["Calling Bell","Coffee Dripper"],"picked":"Tiny House"}],"items_purged_floors":[36],"is_endless":false,"potions_floor_spawned":[4,7,13,14,18,31,33,35,38,39],"ascension_level":0}}