{"host":"fnk117zi8wf5078t","time":1610591560,"event":{"mods":["AchievementEnabler","BaseMod","Colored Map","Minty Spire (QoL Compilation)","Rare Cards Sparkle","SuperFastMode","everything is the same but u backflip on backflip"],"gold_per_floor":[138,154,39,52,52,52,70,80,132,35,35,35,48,60,60,60,60],"floor_reached":16,"language":"KOR","playtime":412,"items_purged":["Strike_R"],"score":188,"play_id":"75388584-9ced-42de-b7eb-05d576f2546c","local_time":"20210114113240","is_ascension_mode":true,"campfire_choices":[{"data":"Magnetism","floor":6,"key":"SMITH"},{"data":"Immolate","floor":15,"key":"SMITH"}],"circlet_count":0,"master_deck":["AscendersBane","Strike_R","Strike_R","Strike_R","Strike_R","Defend_R","Defend_R","Defend_R","Defend_R","Bash","Magnetism+1","Pummel","Entrench","Battle Trance","Double Tap","Ghostly Armor","Bandage Up","Pain","Immolate+1"],"relics":["Burning Blood","Centennial Puzzle","WarpedTongs"],"acts_visited":["Exordium"],"potions_floor_usage":[7,8,16],"damage_taken":[{"damage":7,"enemies":"2 Louse","floor":1,"turns":2},{"damage":7,"enemies":"Cultist","floor":2,"turns":4},{"damage":19,"enemies":"Jaw Worm","floor":4,"turns":3},{"damage":6,"enemies":"Red Slaver","floor":7,"turns":4},{"damage":14,"enemies":"3 Louse","floor":8,"turns":3},{"damage":24,"enemies":"Exordium Wildlife","floor":13,"turns":3},{"damage":8,"enemies":"2 Fungi Beasts","floor":14,"turns":4},{"damage":48,"enemies":"Slime Boss","floor":16,"turns":6}],"seed_played":"7755552827472975317","potions_obtained":[{"floor":1,"key":"Block Potion"},{"floor":2,"key":"FearPotion"},{"floor":7,"key":"DistilledChaos"}],"is_trial":false,"path_per_floor":["M","M","$","M","?","R","M","M","T","$","?","$","M","M","R","B"],"character_chosen":"IRONCLAD","items_purchased":["Battle Trance","Bandage Up"],"campfire_rested":0,"item_purchase_floors":[3,10],"current_hp_per_floor":[67,66,66,53,53,53,53,45,45,45,45,45,33,37,37,0,0],"gold":60,"neow_bonus":"RANDOM_COLORLESS_2","is_daily":false,"chose_seed":false,"campfire_upgraded":2,"win_rate":0.0,"timestamp":1610591560,"path_taken":["M","M","$","M","?","R","?","M","T","$","?","$","M","M","R","BOSS"],"items_purchased_type":["Card","Card"],"build_version":"2020-12-22","purchased_purges":1,"victory":false,"max_hp_per_floor":[68,68,68,68,68,68,68,68,68,68,68,68,68,68,68,68,68],"card_choices":[{"not_picked":["Violence","Thinking Ahead"],"picked":"Magnetism","floor":0},{"not_picked":["Anger","Armaments"],"picked":"Pummel","floor":1},{"not_picked":["Flex","Reaper"],"picked":"Entrench","floor":2},{"not_picked":["Wild Strike","Rupture","Sword Boomerang"],"picked":"SKIP","floor":4},{"not_picked":["Metallicize","Reckless Charge"],"picked":"Ghostly Armor","floor":7},{"not_picked":["Warcry","Anger","Wild Strike"],"picked":"SKIP","floor":8},{"not_picked":["Iron Wave","Intimidate","True Grit"],"picked":"SKIP","floor":13},{"not_picked":["Iron Wave","Headbutt"],"picked":"Immolate","floor":14}],"player_experience":397880,"relics_obtained":[{"floor":9,"key":"Centennial Puzzle"}],"event_choices":[{"damage_healed":0,"gold_gain":0,"player_choice":"1 cards matched","damage_taken":0,"max_hp_gain":0,"max_hp_loss":0,"event_name":"Match and Keep!","floor":5,"gold_loss":0,"cards_obtained":["Double Tap"]},{"damage_healed":0,"gold_gain":0,"player_choice":"Rummage","damage_taken":0,"relics_obtained":["WarpedTongs"],"max_hp_gain":0,"max_hp_loss":0,"event_name":"Accursed Blacksmith","floor":11,"gold_loss":0,"cards_obtained":["Pain"]}],"is_beta":false,"boss_relics":[],"items_purged_floors":[3],"is_endless":false,"potions_floor_spawned":[1,2,4,7],"killed_by":"Slime Boss","ascension_level":20}}