{"host":"dm4yvegl9um2tlqd","time":1610629826,"event":{"mods":["2.2 Compatiblity","AchievementEnabler","BaseMod","Colored Map","DeckTracker","Highlight Path","KOR Keyword Fix","Keyboard Shortcuts","Minty Spire (QoL Compilation)","Permanent Neow","Quick Restart","Random Character Button","StSLib","SuperFastMode","everything is the same but u backflip on backflip"],"gold_per_floor":[109,109,70,88,11,39,39,58,58,90,15,25,51,51,51,153,153,166,177,177,8,8,8,28,28,28,127,127,43,43,43,43,43,43],"floor_reached":33,"language":"KOR","playtime":1054,"items_purged":["Strike_R","Strike_R"],"score":336,"play_id":"bcaaae75-bda0-4cf9-9688-5e38cdb12a39","local_time":"20210114221026","is_ascension_mode":true,"campfire_choices":[{"data":"Dark Embrace","floor":7,"key":"SMITH"},{"data":"Dual Wield","floor":15,"key":"SMITH"},{"data":"Corruption","floor":23,"key":"SMITH"},{"data":"Battle Trance","floor":28,"key":"SMITH"},{"data":"Dual Wield","floor":30,"key":"SMITH"},{"data":"Rage","floor":32,"key":"SMITH"}],"circlet_count":0,"master_deck":["Strike_R","Defend_R","Defend_R","Defend_R","Defend_R","Bash","Hemokinesis","Dark Embrace+1","Carnage","Cleave","Battle Trance+1","Hemokinesis","Blood for Blood","Rage+1","Blood for Blood","Dual Wield+1","Corruption+1","Shrug It Off","Dual Wield+1","Shockwave","Shrug It Off+1","Flash of Steel"],"relics":["Black Blood","Anchor","InkBottle","Potion Belt","Bag of Preparation","Letter Opener","Pear"],"acts_visited":["Exordium","TheCity"],"potions_floor_usage":[6,13,16,24,33,33],"damage_taken":[{"damage":9,"enemies":"Small Slimes","floor":1,"turns":4},{"damage":2,"enemies":"Cultist","floor":4,"turns":3},{"damage":22,"enemies":"Lagavulin","floor":6,"turns":7},{"damage":4,"enemies":"Jaw Worm","floor":8,"turns":2},{"damage":18,"enemies":"3 Sentries","floor":10,"turns":4},{"damage":2,"enemies":"Red Slaver","floor":12,"turns":2},{"damage":20,"enemies":"Gremlin Nob","floor":13,"turns":3},{"damage":43,"enemies":"The Guardian","floor":16,"turns":11},{"damage":13,"enemies":"Chosen","floor":18,"turns":4},{"damage":18,"enemies":"2 Thieves","floor":19,"turns":3},{"damage":23,"enemies":"3 Cultists","floor":24,"turns":5},{"damage":87,"enemies":"Automaton","floor":33,"turns":6}],"seed_played":"7372542958992889026","potions_obtained":[{"floor":1,"key":"Block Potion"},{"floor":4,"key":"ElixirPotion"},{"floor":8,"key":"FearPotion"},{"floor":16,"key":"AttackPotion"},{"floor":18,"key":"CultistPotion"},{"floor":24,"key":"PowerPotion"}],"is_trial":false,"path_per_floor":["M","?","$","M","$","E","R","M","T","E","$","M","E","?","R","B",null,"M","M","?","$","?","R","M","?","T","?","R","$","R","$","R","B"],"character_chosen":"IRONCLAD","items_purchased":["Carnage","Battle Trance","Shockwave","Flash of Steel"],"campfire_rested":0,"item_purchase_floors":[3,5,21,29],"current_hp_per_floor":[77,77,77,80,80,64,64,66,66,54,54,58,44,44,44,7,80,79,73,73,73,58,58,47,47,57,57,57,57,57,57,57,0,0],"gold":43,"neow_bonus":"THREE_CARDS","is_daily":false,"chose_seed":false,"campfire_upgraded":6,"win_rate":0.0,"timestamp":1610629826,"path_taken":["M","?","?","?","$","E","R","M","T","E","?","M","E","?","R","BOSS","M","M","?","$","?","R","?","?","T","?","R","?","R","$","R","BOSS"],"items_purchased_type":["Card","Card","Card","Card"],"build_version":"2020-12-22","purchased_purges":2,"victory":false,"max_hp_per_floor":[80,80,80,80,80,80,80,80,80,80,80,80,80,80,80,80,80,80,80,80,80,85,85,85,85,95,95,95,95,95,95,95,95,95],"card_choices":[{"not_picked":["Thunderclap","Headbutt"],"picked":"Hemokinesis","floor":0},{"not_picked":["Headbutt","Perfected Strike"],"picked":"Dark Embrace","floor":1},{"not_picked":["Havoc","Twin Strike"],"picked":"Cleave","floor":4},{"not_picked":["Pommel Strike","Impervious"],"picked":"Hemokinesis","floor":6},{"not_picked":["Flex","Armaments"],"picked":"Blood for Blood","floor":8},{"not_picked":["Carnage","Twin Strike"],"picked":"Rage","floor":10},{"not_picked":["Perfected Strike","Body Slam"],"picked":"Blood for Blood","floor":12},{"not_picked":["Evolve","Reckless Charge"],"picked":"Dual Wield","floor":13},{"not_picked":["Berserk","Impervious"],"picked":"Corruption","floor":16},{"not_picked":["Anger+1","Armaments"],"picked":"Shrug It Off","floor":18},{"not_picked":["Pommel Strike+1","Clash","Iron Wave+1"],"picked":"SKIP","floor":19},{"not_picked":["Warcry","Armaments"],"picked":"Shrug It Off+1","floor":24}],"player_experience":42168,"relics_obtained":[{"floor":6,"key":"Anchor"},{"floor":9,"key":"InkBottle"},{"floor":10,"key":"Potion Belt"},{"floor":13,"key":"Bag of Preparation"},{"floor":26,"key":"Pear"}],"event_choices":[{"cards_removed":["Strike_R"],"damage_healed":0,"gold_gain":0,"player_choice":"Purged","damage_taken":0,"max_hp_gain":0,"max_hp_loss":0,"event_name":"Purifier","floor":2,"gold_loss":0},{"cards_removed":["Strike_R"],"damage_healed":0,"gold_gain":0,"player_choice":"Forget","damage_taken":0,"max_hp_gain":0,"max_hp_loss":0,"event_name":"Living Wall","floor":14,"gold_loss":0},{"damage_healed":0,"gold_gain":0,"player_choice":"Read","damage_taken":0,"max_hp_gain":0,"max_hp_loss":0,"event_name":"The Library","floor":20,"gold_loss":0,"cards_obtained":["Dual Wield"]},{"damage_healed":0,"gold_gain":0,"player_choice":"Shed Blood","damage_taken":20,"max_hp_gain":5,"max_hp_loss":0,"event_name":"Forgotten Altar","floor":22,"gold_loss":0},{"damage_healed":0,"gold_gain":0,"player_choice":"Opened","damage_taken":0,"relics_obtained":["Letter Opener"],"max_hp_gain":0,"max_hp_loss":0,"event_name":"The Mausoleum","floor":25,"gold_loss":0},{"damage_healed":0,"gold_gain":99,"player_choice":"Stole From Cult","damage_taken":0,"max_hp_gain":0,"max_hp_loss":0,"event_name":"Nest","floor":27,"gold_loss":0}],"is_beta":false,"boss_relics":[{"not_picked":["Mark of Pain","Tiny House"],"picked":"Black Blood"}],"items_purged_floors":[11,21],"is_endless":false,"potions_floor_spawned":[1,4,8,16,18,24],"killed_by":"Automaton","ascension_level":4}}