{"host":"zxkjcgzis4pm3za5","time":1610642683,"event":{"mods":["AchievementEnabler","Act Like it!","BaseMod","Colored Map","Colored Powertips","Friendly Minions","GifTheSpireLib","Minty Spire (QoL Compilation)","Quick Restart","RNG Fix","Random Character Button","Relic Sorter","Relic Stats","StSLib"],"gold_per_floor":[111,111,111,129,129,129,158,168,168,168,182,216,235,275,275,362,362,386,376,385,404,432,467,467,467,517,517,544,573,573,587,587,587,587],"floor_reached":33,"language":"ENG","playtime":1364,"items_purged":[],"score":589,"play_id":"ca4a0786-3ebf-4eb8-b960-5a3d1a5d3f8c","local_time":"20210114221443","is_ascension_mode":true,"campfire_choices":[{"data":"Coolheaded","floor":6.0,"key":"SMITH"},{"data":"Genetic Algorithm","floor":10.0,"key":"SMITH"},{"floor":15.0,"key":"REST"},{"floor":24.0,"key":"REST"},{"data":"Buffer","floor":27.0,"key":"SMITH"},{"data":"Buffer","floor":30,"key":"SMITH"},{"data":"Defragment","floor":32,"key":"SMITH"}],"circlet_count":0,"master_deck":["AscendersBane","Strike_B","Strike_B","Strike_B","Strike_B","Defend_B","Defend_B","Defend_B","Zap","Dualcast","Genetic Algorithm+1","Coolheaded+1","Genetic Algorithm+1","Barrage","Defragment","Buffer+1","Ball Lightning","Buffer+1","Defragment+1","Compile Driver","RitualDagger","BootSequence","Lockon","Conserve Battery","Undo"],"relics":["Cracked Core","NeowsBlessing","FaceOfCleric","Regal Pillow","Blue Candle","Mummified Hand","CeramicFish","Sozu","DataDisk","Pear"],"acts_visited":["Exordium","TheCity"],"potions_floor_usage":[],"damage_taken":[{"damage":0.0,"enemies":"Jaw Worm","floor":1.0,"turns":1.0},{"damage":0.0,"enemies":"Cultist","floor":4.0,"turns":1.0},{"damage":0.0,"enemies":"3 Sentries","floor":7.0,"turns":2.0},{"damage":10.0,"enemies":"Small Slimes","floor":8.0,"turns":4.0},{"damage":19.0,"enemies":"Gremlin Gang","floor":11.0,"turns":6.0},{"damage":25.0,"enemies":"Lagavulin","floor":12.0,"turns":9.0},{"damage":3.0,"enemies":"Looter","floor":13.0,"turns":3.0},{"damage":2.0,"enemies":"3 Sentries","floor":14.0,"turns":8.0},{"damage":29.0,"enemies":"The Guardian","floor":16.0,"turns":15.0},{"damage":0.0,"enemies":"Spheric Guardian","floor":18.0,"turns":4.0},{"damage":17.0,"enemies":"2 Thieves","floor":19.0,"turns":5.0},{"damage":7.0,"enemies":"Centurion and Healer","floor":21.0,"turns":10.0},{"damage":30.0,"enemies":"Shelled Parasite and Fungi","floor":22.0,"turns":6.0},{"damage":4.0,"enemies":"Book of Stabbing","floor":23.0,"turns":5.0},{"damage":0.0,"enemies":"Chosen and Byrds","floor":28.0,"turns":6.0},{"damage":21,"enemies":"Slavers","floor":29,"turns":7},{"damage":13,"enemies":"3 Cultists","floor":31,"turns":6},{"damage":38,"enemies":"Collector","floor":33,"turns":14}],"seed_played":"1644946347712797459","potions_obtained":[{"floor":4.0,"key":"DuplicationPotion"},{"floor":8.0,"key":"Swift Potion"},{"floor":14.0,"key":"Weak Potion"},{"floor":16.0,"key":"SkillPotion"}],"is_trial":false,"path_per_floor":["M","?","?","M","?","R","E","M","T","R","M","E","M","E","R","B",null,"M","M","?","M","M","E","R","?","T","R","M","E","R","M","R","B"],"character_chosen":"DEFECT","items_purchased":[],"campfire_rested":2,"item_purchase_floors":[],"current_hp_per_floor":[64,64,64,64,64,64,65,56,56,56,38,14,12,11,49,21,64,65,49,43,37,8,5,44,44,44,44,45,35,35,23,23,0,0],"gold":587,"neow_bonus":"THREE_ENEMY_KILL","is_daily":false,"chose_seed":false,"campfire_upgraded":5,"win_rate":0.0,"timestamp":1610642683,"path_taken":["M","?","?","M","?","R","E","M","T","R","M","E","M","E","R","BOSS","M","M","?","M","M","E","R","?","T","R","?","E","R","M","R","BOSS"],"items_purchased_type":[],"build_version":"2020-12-22","purchased_purges":0,"victory":false,"max_hp_per_floor":[71,71,71,71,71,71,72,73,73,73,74,75,76,77,77,78,78,79,80,80,81,82,83,83,83,83,83,84,95,95,96,96,96,96],"relic_stats":{"Sozu":3,"Regal Pillow":30,"FaceOfCleric":15,"counters":[18,112],"Mummified Hand":[39],"Blue Candle":[0],"CeramicFish":81,"obtain_stats":[{"Sozu":17,"Regal Pillow":7,"DataDisk":23,"Pear":29,"NeowsBlessing":0,"FaceOfCleric":5,"Mummified Hand":12,"Blue Candle":9,"CeramicFish":14,"Cracked Core":0},{"Sozu":9,"Regal Pillow":3,"DataDisk":14,"Pear":16,"NeowsBlessing":0,"FaceOfCleric":2,"Mummified Hand":6,"Blue Candle":4,"CeramicFish":8,"Cracked Core":0},{"Sozu":49,"Regal Pillow":4,"DataDisk":79,"Pear":92,"NeowsBlessing":0,"FaceOfCleric":2,"Mummified Hand":23,"Blue Candle":8,"CeramicFish":34,"Cracked Core":0}]},"card_choices":[{"not_picked":["Compile Driver","Hello World"],"picked":"Genetic Algorithm","floor":1.0},{"not_picked":["Hologram","Redo"],"picked":"Coolheaded","floor":4.0},{"not_picked":["Steam","Stack"],"picked":"Genetic Algorithm","floor":7.0},{"not_picked":["Turbo","Leap"],"picked":"Barrage","floor":8.0},{"not_picked":["Recycle","Coolheaded","Double Energy"],"picked":"SKIP","floor":11.0},{"not_picked":["FTL","Melter"],"picked":"Defragment","floor":12.0},{"not_picked":["Redo","Defragment"],"picked":"Buffer","floor":13.0},{"not_picked":["Barrage","Auto Shields"],"picked":"Ball Lightning","floor":14.0},{"not_picked":["Meteor Strike","Rainbow"],"picked":"Buffer","floor":16.0},{"not_picked":["Turbo","Chaos"],"picked":"Defragment","floor":18.0},{"not_picked":["Turbo","Gash"],"picked":"Compile Driver","floor":19.0},{"not_picked":["Conserve Battery","Hologram"],"picked":"BootSequence","floor":21.0},{"not_picked":["Streamline","Rebound"],"picked":"Lockon","floor":22.0},{"not_picked":["Rebound+1","Compile Driver"],"picked":"Conserve Battery","floor":23.0},{"not_picked":["Redo+1","Go for the Eyes"],"picked":"Undo","floor":28.0},{"not_picked":["Genetic Algorithm","Gash","Streamline"],"picked":"SKIP","floor":29},{"not_picked":["Beam Cell","Genetic Algorithm","Compile Driver+1"],"picked":"SKIP","floor":31}],"player_experience":217321,"relics_obtained":[{"floor":7.0,"key":"Regal Pillow"},{"floor":9.0,"key":"Blue Candle"},{"floor":12.0,"key":"Mummified Hand"},{"floor":14.0,"key":"CeramicFish"},{"floor":23.0,"key":"DataDisk"},{"floor":29,"key":"Pear"}],"event_choices":[{"cards_removed":["Defend_B"],"damage_healed":0.0,"max_hp_gain":0.0,"max_hp_loss":0.0,"gold_gain":0.0,"event_name":"Wheel of Change","player_choice":"Card Removal","floor":2.0,"gold_loss":0.0,"damage_taken":0.0},{"damage_healed":0.0,"max_hp_gain":0.0,"max_hp_loss":0.0,"gold_gain":0.0,"event_name":"Upgrade Shrine","player_choice":"Upgraded","floor":3.0,"gold_loss":0.0,"damage_taken":0.0,"cards_upgraded":["Genetic Algorithm"]},{"damage_healed":0.0,"max_hp_gain":0.0,"max_hp_loss":0.0,"gold_gain":0.0,"event_name":"FaceTrader","player_choice":"Trade","floor":5.0,"gold_loss":0.0,"damage_taken":0.0,"relics_obtained":["FaceOfCleric"]},{"damage_healed":0.0,"max_hp_gain":0.0,"max_hp_loss":0.0,"gold_gain":0.0,"event_name":"Nest","player_choice":"Joined the Cult","floor":20.0,"gold_loss":0.0,"damage_taken":6.0,"cards_obtained":["RitualDagger"]},{"damage_healed":0.0,"max_hp_gain":0.0,"max_hp_loss":0.0,"gold_gain":0.0,"event_name":"Cursed Tome","player_choice":"Ignored","floor":25.0,"gold_loss":0.0,"damage_taken":0.0}],"is_beta":false,"boss_relics":[{"not_picked":["Runic Pyramid","Coffee Dripper"],"picked":"Sozu"}],"items_purged_floors":[],"is_endless":false,"potions_floor_spawned":[4,8,14,16,18,28,31],"killed_by":"Collector","ascension_level":14}}