{"host":"418g6sfkt80mlacg","time":1610617144,"event":{"mods":["Act Like it!","BaseMod","Colored Powertips","Downfall","Gensokyo","Hermit","KinomotoSakuraMod(ƒæ÷Æ±æ”£)","KomeijiMod","Marisa£®ÏF”Í°°ƒß¿Ì…≥£©","Minty Spire (QoL Compilation)","Reimu£®≤©¿ˆ¡È√Œ£©","Remilia£®¿Ÿ√◊¿Ú—«£©","Replay The Spire","Shop Mod","StSLib","Td1madao Mod","The Administrix","The Animator","The Cursed","The Servant 0.9.4","WarShipGirlsR/’ΩΩ¢…Ÿ≈ÆR mod","Youmu£®ªÍ∆«—˝√Œ£©","Yuyuko","[IsaacMod]“‘»ˆº‚À˛"],"gold_per_floor":[176,273,273,273,283,310,310,337,361,361,381,381,396,429,429,532,532,552,181,195,17,37,37,66,79,79,79,379,379,394,132,132,230,230,240,254,266,285,285,285,320,320,320,344,376,388,55,55,55,55],"floor_reached":51,"language":"ZHS","playtime":4473,"items_purged":["Writhe"],"score":805,"play_id":"6882097c-8a6d-4dbc-b8f1-46e2d6bd06c8","local_time":"20210114173904","is_ascension_mode":false,"campfire_choices":[{"floor":7.0,"key":"REST"},{"data":"MillenniumVampire","floor":12.0,"key":"SMITH"},{"data":"PartStrengthen","floor":15.0,"key":"SMITH"},{"data":"CurseofVladTepes","floor":23.0,"key":"SMITH"},{"data":"DemonLordWalk","floor":29.0,"key":"SMITH"},{"data":"NaturallyHealing","floor":32.0,"key":"SMITH"},{"data":"Gensokyo:PrivateSquare","floor":40,"key":"SMITH"},{"data":"CombatMeter","floor":42,"key":"SMITH"},{"data":"BodyStrengthen","floor":46,"key":"SMITH"},{"data":"BloodySuit","floor":49,"key":"SMITH"}],"circlet_count":0,"master_deck":["Strike_Remiria","Strike_Remiria","Strike_Remiria","Strike_Remiria","Defend_Remirira","Defend_Remirira","Defend_Remirira","Absorbed","Scratch","DemonLordWalk+1","MillenniumVampire+1","VampireClaw","SeparateFleshBlood","RocketKickup","Offensive","BloodSurge","DoubleEdge+1","PartStrengthen+1","FateSonata+1","CurseOfTheBell","ChainGang","CurseofVladTepes+1","BloodyMagicSquare","BloodyMagicSquare","StigmaNizer+1","NaturallyHealing+1","FastHealing","Tepes+1","BloodySuit+1","BloodCleaner+1","VampirishNight+1","NaturallyHealing+1","DemonLordWalk+1","HeartBreak_Remiria+1","StigmaNizer+1","RocketKickup+1","CombatMeter+1","Tearing+1","Gensokyo:PrivateSquare+1","Pride","FateEnsemble+1","DamonLordCradle_Remiria+1","BodyStrengthen+1"],"relics":["ThirstyCrossSpe","HushsDoor","DoctorsRemote","ReplayTheSpireMod:Ring of Addiction","Ring of Hypnosis","Potion Belt","Toy Ornithopter","PunchingBag","Mastiff:ReiMu","PreservedInsect","Molten Egg 2","Replay:Bottled Steam","Replay:Grab Bag","ChewingGum","Coffee Dripper","Calling Bell","Vajra","Ornamental Fan","TungstenRod","GuppysHairball","Mango","Replay:Baseball","Replay:Mystery Machine","RuthlessExorcism:ReiMu","Painkiller Herb","ReplayTheSpireMod:Shallot","MawBank","Toxic Egg 2","RedTeaWithBlood"],"acts_visited":["Gensokyo:Gensokyo","Gensokyo:Gensokyoer","Gensokyo:Gensokyoest"],"potions_floor_usage":[38,50,50],"damage_taken":[{"damage":0.0,"enemies":"Gensokyo:Python","floor":1.0,"turns":2.0},{"damage":0.0,"enemies":"Gensokyo:3_Fairies","floor":5.0,"turns":3.0},{"damage":43.0,"enemies":"Gensokyo:Cirno","floor":6.0,"turns":7.0},{"damage":7.0,"enemies":"Gensokyo:Gryphon","floor":11.0,"turns":3.0},{"damage":8.0,"enemies":"Gensokyo:VengefulSpirit","floor":13.0,"turns":4.0},{"damage":9.0,"enemies":"Gensokyo:Mamizou","floor":14.0,"turns":5.0},{"damage":67.0,"enemies":"Gensokyo:Kokoro","floor":16.0,"turns":7.0},{"damage":7.0,"enemies":"Gensokyo:CosmicMonolith","floor":18.0,"turns":4.0},{"damage":12.0,"enemies":"Gensokyo:Chomper","floor":20.0,"turns":3.0},{"damage":31.0,"enemies":"Gensokyo:Wraith","floor":22.0,"turns":5.0},{"damage":6.0,"enemies":"Gensokyo:Reisen","floor":24.0,"turns":4.0},{"damage":4.0,"enemies":"Gensokyo:Monolith_and_Dog","floor":25.0,"turns":3.0},{"damage":11.0,"enemies":"Gensokyo:Chomper_and_Gloop","floor":30.0,"turns":5.0},{"damage":65.0,"enemies":"Gensokyo:Eiki","floor":33.0,"turns":7.0},{"damage":2.0,"enemies":"Gensokyo:3_Bats","floor":35.0,"turns":4.0},{"damage":12.0,"enemies":"Gensokyo:AncientGuardian","floor":36.0,"turns":5.0},{"damage":8,"enemies":"Gensokyo:Sharpion","floor":37,"turns":3},{"damage":13,"enemies":"Gensokyo:Rafflesia","floor":38,"turns":5},{"damage":10,"enemies":"Gensokyo:Marisa","floor":41,"turns":3},{"damage":20,"enemies":"Gensokyo:3_Boulders","floor":44,"turns":5},{"damage":5,"enemies":"Gensokyo:Dusk_and_Dawn","floor":45,"turns":2},{"damage":14,"enemies":"Gensokyo:Scarlet_Devils","floor":50,"turns":6}],"seed_played":"-6453866035724933670","potions_obtained":[{"floor":3.0,"key":"Block Potion"},{"floor":3.0,"key":"Strength Potion"},{"floor":3.0,"key":"Explosive Potion"},{"floor":6.0,"key":"Milkshake"},{"floor":11.0,"key":"DuplicationPotion"},{"floor":13.0,"key":"LiquidBronze"},{"floor":16.0,"key":"ExcitationPotion"},{"floor":20.0,"key":"Swift Potion"},{"floor":30.0,"key":"LiquidBronze"},{"floor":33.0,"key":"Strength Potion"},{"floor":36,"key":"SkillPotion"},{"floor":38,"key":"GamblersBrew"},{"floor":41,"key":"Elixir"},{"floor":44,"key":"Energy Potion"}],"is_trial":false,"path_per_floor":["M","?","?","?","M","E","R","T","T","T","M","R","M","E","R","B",null,"M","$","M","$","M","R","E","M","T","?","?","R","M","$","R","B",null,"?","?","?","?","?","T","E","T","T","?","?","T","T","?","T","B",null],"character_chosen":"RemiriaScarlet","items_purchased":["GuppysHairball","ChainGang","BloodyMagicSquare","Mango","NaturallyHealing+1","FastHealing","RuthlessExorcism:ReiMu","NaturallyHealing","DemonLordWalk+1","Toxic Egg 2","Swift Potion","Fire Potion"],"campfire_rested":1,"item_purchase_floors":[17,17,19,19,21,21,31,31,31,47,47,47],"current_hp_per_floor":[110,83,83,83,88,45,78,78,78,78,71,71,67,70,70,33,94,87,101,100,100,81,81,89,85,85,85,85,85,74,74,74,32,102,100,94,86,83,83,83,77,77,77,58,61,61,61,24,24,46],"gold":55,"neow_bonus":"TEN_PERCENT_HP_BONUS","is_daily":false,"chose_seed":false,"campfire_upgraded":9,"win_rate":0.0,"timestamp":1610617144,"path_taken":["M","?","?","?","?","E","R","?","T","?","M","R","?","E","R","BOSS","M","$","M","$","M","R","E","M","T","?","?","R","M","?","R","BOSS","?","?","?","?","?","T","E","T","T","?","?","T","T","?","T","BOSS"],"items_purchased_type":["Relic","Card","Card","Relic","Card","Card","Relic","Card","Card","Relic","Potion","Potion"],"build_version":"2020-12-22","purchased_purges":1,"victory":true,"max_hp_per_floor":[110,110,110,110,110,110,110,110,108,108,108,106,106,106,106,106,94,94,108,106,106,106,106,106,106,106,106,104,104,104,102,102,102,102,102,102,102,102,102,102,102,100,100,100,98,98,98,96,96,96],"card_choices":[{"not_picked":[],"picked":"Bomb","floor":0.0},{"not_picked":["BloodyMagicSquare","CruelSlaughter"],"picked":"DemonLordWalk","floor":1.0},{"not_picked":["BodyStrengthen","FierceSweep"],"picked":"MillenniumVampire","floor":2.0},{"not_picked":["StigmaNizer","ServantFlier"],"picked":"VampireClaw","floor":2.0},{"not_picked":["Cripple","Feint"],"picked":"SeparateFleshBlood","floor":2.0},{"not_picked":["TricksterDevil","BloodCollect"],"picked":"RocketKickup","floor":5.0},{"not_picked":["CruelSlaughter","LifeBreak"],"picked":"Offensive","floor":6.0},{"not_picked":["FierceSweep+1","FateCollect"],"picked":"BloodSurge","floor":11.0},{"not_picked":["BloodCleaner+1","BloodCollect"],"picked":"DoubleEdge+1","floor":13.0},{"not_picked":["Culling+1","StigmaNizer+1"],"picked":"PartStrengthen","floor":14.0},{"not_picked":["FitfulNightmare","BombardNight+1"],"picked":"FateSonata+1","floor":16.0},{"not_picked":["BloodCollect","BloodySuit"],"picked":"CurseofVladTepes","floor":18.0},{"not_picked":["DoubleEdge+1","BodyStrengthen"],"picked":"StigmaNizer+1","floor":20.0},{"not_picked":["BloodCollect","Paradox"],"picked":"Tepes+1","floor":22.0},{"not_picked":["FateConcerto","DoubleEdge+1"],"picked":"BloodySuit","floor":24.0},{"not_picked":["DemonsDinnerFork_Remiria+1","ServantFlier"],"picked":"BloodCleaner+1","floor":25.0},{"not_picked":["Cripple+1","CruelSlaughter+1"],"picked":"VampirishNight+1","floor":30.0},{"not_picked":["Reaper_Remiria+1","BombardNight+1"],"picked":"HeartBreak_Remiria+1","floor":33.0},{"not_picked":["FierceSweep+1","NightDance+1"],"picked":"StigmaNizer+1","floor":35.0},{"not_picked":["Feint+1","FastHealing"],"picked":"RocketKickup+1","floor":36},{"not_picked":["Warpath+1","DoubleEdge+1"],"picked":"CombatMeter","floor":37},{"not_picked":["ServantFlier","BombardNight+1"],"picked":"Tearing+1","floor":38},{"not_picked":["ScarletNetherworld","PainBurst+1"],"picked":"FateEnsemble+1","floor":41},{"not_picked":["TricksterDevil","BloodySuit"],"picked":"DamonLordCradle_Remiria+1","floor":44},{"not_picked":["ThePrice","DemonsDinnerFork_Remiria+1"],"picked":"BodyStrengthen","floor":45}],"player_experience":20591,"relics_obtained":[{"floor":3.0,"key":"ReplayTheSpireMod:Ring of Addiction"},{"floor":3.0,"key":"Ring of Hypnosis"},{"floor":3.0,"key":"Potion Belt"},{"floor":3.0,"key":"Toy Ornithopter"},{"floor":6.0,"key":"PunchingBag"},{"floor":8.0,"key":"Mastiff:ReiMu"},{"floor":9.0,"key":"PreservedInsect"},{"floor":10.0,"key":"Molten Egg 2"},{"floor":14.0,"key":"Replay:Bottled Steam"},{"floor":17.0,"key":"Vajra"},{"floor":17.0,"key":"Ornamental Fan"},{"floor":17.0,"key":"TungstenRod"},{"floor":24.0,"key":"Replay:Baseball"},{"floor":26.0,"key":"Replay:Mystery Machine"},{"floor":41,"key":"ReplayTheSpireMod:Shallot"},{"floor":43,"key":"MawBank"}],"event_choices":[],"is_beta":false,"boss_relics":[{"not_picked":["Astrolabe","Empty Cage"],"picked":"Replay:Grab Bag"},{"not_picked":["ChampionBelt","SlaversCollar"],"picked":"ChewingGum"},{"not_picked":["Philosopher\u0027s Stone","Cursed Key"],"picked":"Coffee Dripper"},{"not_picked":["Tiny House","Honey Jar"],"picked":"Calling Bell"},{"not_picked":[]},{"not_picked":["ReplayTheSpireMod:DimensionalGlitch","Kintsugi"],"picked":"Painkiller Herb"},{"not_picked":[]}],"items_purged_floors":[21],"is_endless":false,"potions_floor_spawned":[6,11,13,16,20,30,33,36,38,41,44],"ascension_level":0}}