{"host":"m2106ztvmcgfoyc9","time":1610648171,"event":{"mods":["BaseMod","Minty Spire (QoL Compilation)","Relic Stats"],"gold_per_floor":[119,135,154,51,62,62,92,92,92,123,138,170,189,201,201,278,278,292,305,330,330],"floor_reached":20,"language":"ENG","playtime":904,"items_purged":["Strike_P"],"score":496,"play_id":"3cc52f01-09e1-463b-870f-5e59d9a41a7e","local_time":"20210114191611","is_ascension_mode":true,"campfire_choices":[{"data":"Eruption","floor":6,"key":"SMITH"},{"floor":8,"key":"REST"},{"floor":15,"key":"REST"}],"circlet_count":0,"master_deck":["AscendersBane","Strike_P+1","Strike_P+1","Strike_P","Defend_P+1","Defend_P+1","Defend_P+1","Defend_P+1","Eruption+1","Vigilance+1","FollowUp","FollowUp+1","LessonLearned","EmptyBody+1","Consecrate+1","Indignation","CrushJoints+1","FollowUp","Alpha+1","FlurryOfBlows+1","Wish"],"relics":["Runic Pyramid","War Paint","Nunchaku","Yang","Turnip","Fusion Hammer"],"acts_visited":["Exordium","TheCity"],"potions_floor_usage":[5,12,13,19],"damage_taken":[{"damage":4,"enemies":"2 Louse","floor":1,"turns":3},{"damage":0,"enemies":"Cultist","floor":2,"turns":2},{"damage":7,"enemies":"Jaw Worm","floor":3,"turns":2},{"damage":8,"enemies":"Blue Slaver","floor":5,"turns":2},{"damage":22,"enemies":"3 Sentries","floor":7,"turns":4},{"damage":0,"enemies":"Gremlin Nob","floor":10,"turns":2},{"damage":0,"enemies":"2 Fungi Beasts","floor":11,"turns":3},{"damage":0,"enemies":"3 Sentries","floor":12,"turns":4},{"damage":20,"enemies":"Gremlin Gang","floor":13,"turns":6},{"damage":4,"enemies":"Exordium Thugs","floor":14,"turns":4},{"damage":26,"enemies":"The Guardian","floor":16,"turns":8},{"damage":3,"enemies":"3 Byrds","floor":18,"turns":4},{"damage":22,"enemies":"2 Thieves","floor":19,"turns":2},{"damage":11,"enemies":"Sentry and Sphere","floor":20,"turns":5}],"seed_played":"5858318935000782192","potions_obtained":[{"floor":1,"key":"DuplicationPotion"},{"floor":5,"key":"Regen Potion"},{"floor":11,"key":"Swift Potion"},{"floor":14,"key":"Explosive Potion"},{"floor":16,"key":"Fire Potion"},{"floor":18,"key":"FearPotion"},{"floor":19,"key":"CultistPotion"}],"is_trial":false,"path_per_floor":["M","M","M","$","M","R","E","R","T","E","M","E","M","M","R","B",null,"M","M","M"],"character_chosen":"WATCHER","items_purchased":["EmptyBody"],"campfire_rested":2,"item_purchase_floors":[4],"current_hp_per_floor":[57,57,50,50,42,42,20,40,40,40,40,40,35,31,51,25,57,54,32,21,21],"gold":330,"neow_bonus":"BOSS_RELIC","is_daily":false,"chose_seed":false,"campfire_upgraded":1,"win_rate":0.0,"timestamp":1610648171,"path_taken":["M","M","M","$","M","R","E","R","T","E","M","E","M","M","R","BOSS","M","M","M"],"items_purchased_type":["Card"],"build_version":"2020-12-22","purchased_purges":1,"victory":false,"max_hp_per_floor":[68,68,68,68,68,68,68,68,68,68,68,68,68,68,68,68,68,68,68,68,68],"relic_stats":{"Nunchaku":[8],"counters":[14,51],"Yang":[80],"Turnip":[5],"War Paint":["Defend_P","Defend_P"],"obtain_stats":[{"Nunchaku":9,"Yang":10,"Turnip":12,"Fusion Hammer":17,"PureWater":0,"War Paint":7,"Runic Pyramid":0},{"Nunchaku":5,"Yang":6,"Turnip":8,"Fusion Hammer":11,"PureWater":0,"War Paint":5,"Runic Pyramid":0},{"Nunchaku":13,"Yang":15,"Turnip":22,"Fusion Hammer":40,"PureWater":0,"War Paint":13,"Runic Pyramid":0}]},"card_choices":[{"not_picked":["Sanctity","Crescendo"],"picked":"FollowUp","floor":1},{"not_picked":["SandsOfTime","EmptyBody"],"picked":"FollowUp","floor":2},{"not_picked":["Evaluate","Consecrate"],"picked":"LessonLearned","floor":3},{"not_picked":["EmptyBody","Prostrate"],"picked":"Consecrate","floor":5},{"not_picked":["JustLucky","Protect"],"picked":"Indignation","floor":7},{"not_picked":["BattleHymn","Evaluate"],"picked":"CrushJoints","floor":10},{"not_picked":["ForeignInfluence","FlurryOfBlows"],"picked":"FollowUp","floor":11},{"not_picked":["ThirdEye","Evaluate","JustLucky"],"picked":"SKIP","floor":12},{"not_picked":["WheelKick","BowlingBash"],"picked":"Alpha","floor":13},{"not_picked":["EmptyFist","Crescendo"],"picked":"FlurryOfBlows","floor":14},{"not_picked":["Judgement","DeusExMachina"],"picked":"Wish","floor":16},{"not_picked":["ClearTheMind","Evaluate","Perseverance"],"picked":"SKIP","floor":18},{"not_picked":["PathToVictory","SignatureMove","EmptyBody"],"picked":"SKIP","floor":19}],"player_experience":978252,"relics_obtained":[{"floor":7,"key":"War Paint"},{"floor":9,"key":"Nunchaku"},{"floor":10,"key":"Yang"},{"floor":12,"key":"Turnip"}],"event_choices":[],"is_beta":false,"boss_relics":[{"not_picked":["Empty Cage","VioletLotus"],"picked":"Fusion Hammer"}],"items_purged_floors":[4],"is_endless":false,"potions_floor_spawned":[1,5,11,14,16,18,19],"killed_by":"Sentry and Sphere","ascension_level":20}}