{"host":"zpzs4p8wrm8vk37r","time":1610604962,"event":{"mods":["AchievementEnabler","BaseMod","Colored Map","Colored Powertips","Highlight Path","Minty Spire (QoL Compilation)","StSLib","Unceasing Turn Reminder"],"gold_per_floor":[109,127,127,127,137,137,137,152,177,207,226,226,226],"floor_reached":12,"language":"ENG","playtime":433,"items_purged":[],"score":80,"play_id":"08adbf4d-2d3c-4299-9cc1-c681a6b786d2","local_time":"20210114071602","is_ascension_mode":false,"campfire_choices":[{"data":"Redo","floor":6,"key":"SMITH"}],"circlet_count":0,"master_deck":["Strike_B","Strike_B","Strike_B","Defend_B","Defend_B","Defend_B","Defend_B","Zap+1","Dualcast","Discovery+1","Self Repair","FTL","Redo+1","Recycle","Defragment","Ball Lightning","Sweeping Beam"],"relics":["Cracked Core","Bronze Scales","Anchor"],"acts_visited":["Exordium"],"potions_floor_usage":[],"damage_taken":[{"damage":2,"enemies":"Cultist","floor":1,"turns":4},{"damage":6,"enemies":"Jaw Worm","floor":2,"turns":5},{"damage":0,"enemies":"2 Louse","floor":5,"turns":3},{"damage":11,"enemies":"Lots of Slimes","floor":8,"turns":3},{"damage":37,"enemies":"Gremlin Nob","floor":10,"turns":4},{"damage":6,"enemies":"2 Fungi Beasts","floor":11,"turns":3},{"damage":31,"enemies":"Lagavulin","floor":12,"turns":3}],"seed_played":"-997327231671292405","potions_obtained":[{"floor":2,"key":"SteroidPotion"},{"floor":5,"key":"Swift Potion"},{"floor":11,"key":"AttackPotion"}],"is_trial":false,"path_per_floor":["M","M","?","?","M","R","?","M","T","E","M","E"],"character_chosen":"DEFECT","items_purchased":[],"campfire_rested":0,"item_purchase_floors":[],"current_hp_per_floor":[73,74,74,74,75,75,75,64,64,34,28,0,0],"gold":226,"neow_bonus":"RANDOM_COLORLESS","is_daily":false,"chose_seed":false,"campfire_upgraded":1,"win_rate":0.0,"timestamp":1610604962,"path_taken":["M","M","?","?","?","R","?","M","T","E","M","E"],"items_purchased_type":[],"build_version":"2020-12-22","purchased_purges":0,"victory":false,"max_hp_per_floor":[75,75,75,75,75,75,75,75,75,75,75,75,75],"card_choices":[{"not_picked":["Forethought","Dark Shackles"],"picked":"Discovery","floor":0},{"not_picked":["Cold Snap","Reprogram"],"picked":"Self Repair","floor":1},{"not_picked":["Steam","Undo"],"picked":"FTL","floor":2},{"not_picked":["Beam Cell","Coolheaded"],"picked":"Redo","floor":5},{"not_picked":["Reinforced Body","Beam Cell"],"picked":"Defragment","floor":8},{"not_picked":["Sweeping Beam","Barrage"],"picked":"Ball Lightning","floor":10},{"not_picked":["Steam Power","Streamline"],"picked":"Sweeping Beam","floor":11}],"player_experience":96826,"relics_obtained":[{"floor":9,"key":"Bronze Scales"},{"floor":10,"key":"Anchor"}],"event_choices":[{"damage_healed":0,"gold_gain":0,"player_choice":"Grow","damage_taken":0,"max_hp_gain":0,"max_hp_loss":0,"event_name":"Living Wall","floor":3,"gold_loss":0,"cards_upgraded":["Discovery"]},{"damage_healed":0,"gold_gain":0,"player_choice":"Upgraded","damage_taken":0,"max_hp_gain":0,"max_hp_loss":0,"event_name":"Upgrade Shrine","floor":4,"gold_loss":0,"cards_upgraded":["Zap"]},{"damage_healed":0,"gold_gain":0,"cards_transformed":["Strike_B"],"player_choice":"Transformed","damage_taken":0,"max_hp_gain":0,"max_hp_loss":0,"event_name":"Transmorgrifier","floor":7,"gold_loss":0,"cards_obtained":["Recycle"]}],"is_beta":false,"boss_relics":[],"items_purged_floors":[],"is_endless":false,"potions_floor_spawned":[2,5,11],"killed_by":"Lagavulin","ascension_level":0}}