{"host":"miejrq8yypas90n2","time":1610615831,"event":{"mods":["100% Spire Juice","Act Like it!","BaseMod","Colored Powertips","Gensokyo","Marisa£®ÏF”Í°°ƒß¿Ì…≥£©","Minty Spire (QoL Compilation)","Reimu£®≤©¿ˆ¡È√Œ£©","StSLib","The Gatherer"],"gold_per_floor":[320,80,93,113,113,113,131,11,34,34,54,72,98,98,98,78,78,93,110,110,122,133,13,28,28,28,28,57,57,57,69,69,164,164,179,204,222,242,12,12,27,27,80,106,106,132,132,157,157,157],"floor_reached":51,"language":"ZHS","playtime":2114,"items_purged":["Moonworks:Defend"],"score":839,"play_id":"69d4b090-aaf9-4eef-a594-41f047bed504","local_time":"20210114171711","is_ascension_mode":true,"campfire_choices":[{"data":"Moonworks:SweetBattle","floor":6.0,"key":"SMITH"},{"data":"Moonworks:Ambush","floor":8.0,"key":"SMITH"},{"data":"Moonworks:AngelHand","floor":10.0,"key":"SMITH"},{"floor":15.0,"key":"REST"},{"data":"Moonworks:AnotherUltimateWeapon","floor":23.0,"key":"SMITH"},{"data":"Moonworks:UnpaidWork","floor":25.0,"key":"SMITH"},{"floor":32,"key":"REST"},{"data":"Moonworks:AccelHyper","floor":40,"key":"SMITH"},{"data":"Moonworks:CrystalBarrier","floor":42,"key":"SMITH"},{"data":"Moonworks:SinkOrSwim","floor":45,"key":"SMITH"},{"data":"Moonworks:DevilHand","floor":49,"key":"SMITH"}],"circlet_count":0,"master_deck":["Moonworks:Strike","Moonworks:Strike","Moonworks:Strike","Moonworks:Strike","Moonworks:Defend","Moonworks:Defend","Moonworks:Ambush+1","Moonworks:LongDistanceShot","Moonworks:SweetBattle+1","Moonworks:AngelHand+1","Moonworks:ImOnFire","Moonworks:SinkOrSwim+1","Moonworks:AnotherUltimateWeapon+1","Moonworks:UnpaidWork+1","Moonworks:NicePresent+1","Moonworks:ImOnFire+1","Moonworks:Poppoformation+1","Moonworks:EvilSpyWorkPreparation+1","Moonworks:EvilSpyWorkPreparation","Moonworks:RedAndBlue","Moonworks:AccelHyper+1","PanicButton","Moonworks:RedAndBlue+1","Moonworks:SealedMemories+1","Moonworks:CrystalBarrier+1","Moonworks:ForcedRevival+1","Moonworks:MiracleRedBeanIceCream+1","Moonworks:DevilHand+1"],"relics":["Moonworks:BrokenBomb","Moonworks:Homemark","Old Coin","Juzu Bracelet","RuthlessExorcism:ReiMu","Pocketwatch","Runic Pyramid","Mastiff:ReiMu","Shuriken","Dream Catcher","Busted Crown","MealTicket","Lee\u0027s Waffle","Omamori","Toxic Egg 2","StoneCalendar","Oddly Smooth Stone"],"acts_visited":["Exordium","TheCity","Gensokyo:Gensokyoest"],"potions_floor_usage":[50],"damage_taken":[{"damage":4.0,"enemies":"2 Louse","floor":1.0,"turns":3.0},{"damage":2.0,"enemies":"Small Slimes","floor":3.0,"turns":3.0},{"damage":5.0,"enemies":"Jaw Worm","floor":4.0,"turns":4.0},{"damage":0.0,"enemies":"Red Slaver","floor":7.0,"turns":4.0},{"damage":0.0,"enemies":"2 Fungi Beasts","floor":11.0,"turns":2.0},{"damage":22.0,"enemies":"Exordium Thugs","floor":12.0,"turns":4.0},{"damage":12.0,"enemies":"Gremlin Nob","floor":13.0,"turns":3.0},{"damage":25.0,"enemies":"Slime Boss","floor":16.0,"turns":9.0},{"damage":0.0,"enemies":"Chosen","floor":18.0,"turns":4.0},{"damage":6.0,"enemies":"2 Thieves","floor":19.0,"turns":3.0},{"damage":5.0,"enemies":"Snake Plant","floor":21.0,"turns":4.0},{"damage":14.0,"enemies":"Cultist and Chosen","floor":22.0,"turns":5.0},{"damage":12.0,"enemies":"Centurion and Healer","floor":24.0,"turns":6.0},{"damage":17.0,"enemies":"Book of Stabbing","floor":28.0,"turns":3.0},{"damage":13,"enemies":"Snake Plant","floor":31,"turns":3},{"damage":9,"enemies":"Champ","floor":33,"turns":6},{"damage":0,"enemies":"Gensokyo:3_Boulders","floor":35,"turns":4},{"damage":0,"enemies":"Gensokyo:AncientGuardian","floor":37,"turns":4},{"damage":5,"enemies":"Gensokyo:3_Boulders","floor":38,"turns":3},{"damage":0,"enemies":"Gensokyo:Dusk_and_Dawn","floor":41,"turns":4},{"damage":20,"enemies":"Gensokyo:Kasen","floor":44,"turns":7},{"damage":18,"enemies":"Gensokyo:Marisa","floor":46,"turns":4},{"damage":0,"enemies":"Gensokyo:Doremy","floor":48,"turns":5},{"damage":41,"enemies":"Gensokyo:Shinki","floor":50,"turns":8}],"seed_played":"-6037600249555249316","potions_obtained":[{"floor":7.0,"key":"ColorlessPotion"},{"floor":11.0,"key":"SkillPotion"},{"floor":13.0,"key":"Ancient Potion"},{"floor":16.0,"key":"Fire Potion"},{"floor":18.0,"key":"MagicPotion:ReiMu"},{"floor":24.0,"key":"Swift Potion"},{"floor":28.0,"key":"SmokeBomb"},{"floor":33,"key":"CultistPotion"},{"floor":48,"key":"GrandPatriotsElixir:ReiMu"}],"is_trial":false,"path_per_floor":["M","$","M","M","?","R","M","R","T","R","M","M","E","?","R","B",null,"M","M","?","M","M","R","M","R","T","?","E","?","?","M","R","B",null,"M","T","M","M","$","R","M","R","T","E","R","E","?","E","R","B",null],"character_chosen":"THE_STARBREAKER","items_purchased":["Lee\u0027s Waffle"],"campfire_rested":2,"item_purchase_floors":[39],"current_hp_per_floor":[56,56,54,57,45,45,45,45,45,45,45,23,11,26,44,29,60,60,58,58,59,46,46,34,34,34,34,17,17,17,8,25,16,57,57,57,57,57,64,64,64,64,64,57,57,55,55,64,64,50],"gold":157,"neow_bonus":"ONE_RARE_RELIC","is_daily":false,"chose_seed":false,"campfire_upgraded":9,"win_rate":0.0,"timestamp":1610615831,"path_taken":["M","$","M","M","?","R","M","R","T","R","M","M","E","?","R","BOSS","M","M","?","M","M","R","M","R","T","?","E","?","?","M","R","BOSS","M","?","M","M","?","R","M","R","T","E","R","E","?","E","R","BOSS"],"items_purchased_type":["Relic"],"build_version":"2020-12-22","purchased_purges":1,"victory":true,"max_hp_per_floor":[60,60,60,60,60,60,60,60,60,60,60,60,60,60,60,60,60,60,60,60,60,60,60,60,60,60,60,60,60,57,57,57,57,57,57,57,57,57,64,64,64,64,64,64,64,64,64,64,64,64],"card_choices":[{"not_picked":["Moonworks:Assault","Moonworks:JonathanRush","Moonworks:ImmovableObject"],"picked":"SKIP","floor":1.0},{"not_picked":["Moonworks:SelfDestruct","Moonworks:CloudOfSeagulls"],"picked":"Moonworks:SweetBattle","floor":3.0},{"not_picked":["Moonworks:BigBangBell","Moonworks:LulusLuckyEgg"],"picked":"Moonworks:AngelHand","floor":4.0},{"not_picked":["Moonworks:LulusLuckyEgg","Moonworks:IndiscriminateFireSupport"],"picked":"Moonworks:ImOnFire","floor":7.0},{"not_picked":["Moonworks:NicePresent","Moonworks:ScrambledEve"],"picked":"Moonworks:SinkOrSwim","floor":11.0},{"not_picked":["Moonworks:ImOnFire","Moonworks:Assault","Moonworks:SelfDestruct"],"picked":"SKIP","floor":12.0},{"not_picked":["Moonworks:DeployBits","Moonworks:IntelligenceOfficer","Moonworks:CloudOfSeagulls"],"picked":"SKIP","floor":13.0},{"not_picked":["Moonworks:Wanted","Moonworks:GoAway"],"picked":"Moonworks:AnotherUltimateWeapon","floor":16.0},{"not_picked":["Moonworks:BigBangBell","Moonworks:CloudOfSeagulls"],"picked":"Moonworks:UnpaidWork","floor":18.0},{"not_picked":["Moonworks:DeployBits","Moonworks:CloudOfSeagulls"],"picked":"Moonworks:NicePresent+1","floor":19.0},{"not_picked":["Moonworks:SakisCookie","Moonworks:Assault"],"picked":"Moonworks:ImOnFire+1","floor":21.0},{"not_picked":["Moonworks:SakisCookie+1","Moonworks:Flamethrower"],"picked":"Moonworks:Poppoformation+1","floor":22.0},{"not_picked":["Moonworks:SinkOrSwim","Moonworks:DeployBits"],"picked":"Moonworks:EvilSpyWorkPreparation+1","floor":24.0},{"not_picked":["Moonworks:DeployBits","Moonworks:EvilSpyWorkPreparation","Moonworks:Dinner"],"picked":"SKIP","floor":28.0},{"not_picked":["Moonworks:BigMagnum","Moonworks:JonathanRush"],"picked":"Moonworks:RedAndBlue+1","floor":31},{"not_picked":["Moonworks:Flamethrower","Moonworks:BigMagnum"],"picked":"Moonworks:SealedMemories+1","floor":32},{"not_picked":["Moonworks:SubspaceTunnel","Moonworks:AnotherUltimateWeapon"],"picked":"Moonworks:CrystalBarrier","floor":33},{"not_picked":[],"picked":"Moonworks:ForcedRevival+1","floor":35},{"not_picked":["Moonworks:SealedMemories"],"picked":"SKIP","floor":37},{"not_picked":[],"picked":"Moonworks:MiracleRedBeanIceCream+1","floor":38},{"not_picked":["Moonworks:BigMagnum+1"],"picked":"SKIP","floor":41},{"not_picked":["Moonworks:TreasureThief+1"],"picked":"SKIP","floor":44},{"not_picked":[],"picked":"Moonworks:DevilHand","floor":46},{"not_picked":["Moonworks:SinkOrSwim"],"picked":"SKIP","floor":48}],"player_experience":256171,"relics_obtained":[{"floor":9.0,"key":"RuthlessExorcism:ReiMu"},{"floor":13.0,"key":"Pocketwatch"},{"floor":26.0,"key":"Shuriken"},{"floor":28.0,"key":"Dream Catcher"},{"floor":36,"key":"MealTicket"},{"floor":43,"key":"Omamori"},{"floor":44,"key":"Toxic Egg 2"},{"floor":46,"key":"StoneCalendar"},{"floor":48,"key":"Oddly Smooth Stone"}],"event_choices":[{"damage_healed":0.0,"max_hp_gain":0.0,"max_hp_loss":0.0,"gold_gain":0.0,"event_name":"Scrap Ooze","player_choice":"Success","floor":5.0,"gold_loss":0.0,"damage_taken":12.0,"relics_obtained":["Juzu Bracelet"]},{"damage_healed":15.0,"max_hp_gain":0.0,"max_hp_loss":0.0,"gold_gain":0.0,"event_name":"Mushrooms","player_choice":"Healed and dodged fight","floor":14.0,"gold_loss":0.0,"damage_taken":0.0,"cards_obtained":["Parasite"]},{"damage_healed":0.0,"max_hp_gain":0.0,"max_hp_loss":0.0,"gold_gain":0.0,"event_name":"WeMeetAgain","player_choice":"Gave Potion","floor":20.0,"gold_loss":0.0,"damage_taken":0.0,"relics_obtained":["Mastiff:ReiMu"]},{"damage_healed":0.0,"max_hp_gain":0.0,"max_hp_loss":0.0,"gold_gain":0.0,"event_name":"The Library","player_choice":"Read","floor":27.0,"gold_loss":0.0,"damage_taken":0.0,"cards_obtained":["Moonworks:EvilSpyWorkPreparation"]},{"damage_healed":0,"gold_gain":0,"player_choice":"3 cards matched","damage_taken":0,"max_hp_gain":0,"max_hp_loss":0,"event_name":"Match and Keep!","floor":29,"gold_loss":0,"cards_obtained":["Moonworks:RedAndBlue","Moonworks:AccelHyper","PanicButton"]},{"cards_removed":["Parasite"],"damage_healed":0,"gold_gain":0,"player_choice":"Purged","damage_taken":0,"max_hp_gain":0,"max_hp_loss":0,"event_name":"Purifier","floor":30,"gold_loss":0}],"is_beta":false,"boss_relics":[{"not_picked":["Velvet Choker","Astrolabe"],"picked":"Runic Pyramid"},{"not_picked":["Tiny House","SacredBark"],"picked":"Busted Crown"}],"items_purged_floors":[39],"is_endless":false,"potions_floor_spawned":[7,11,13,16,18,24,28,33,37,41,46,48],"ascension_level":1}}