{"host":"txhhdwa0hqfs4jhb","time":1610637197,"event":{"mods":["BaseMod","Better Third Choice","Downfall","Filter the Spire","Hermit","Mad Scientist","Marked Mod","Minty Spire (QoL Compilation)","Relic Stats","Replay The Spire","StSLib","The Bug Knight","Thieving Mod"],"gold_per_floor":[118,134,14,28,40,40,68,68,92,92,92,118,136,36,56,90,90,90,90],"floor_reached":18,"language":"ENG","playtime":1137,"items_purged":["Eruption","Strike_P"],"score":218,"play_id":"3e5d50b3-d6e1-4fdc-adb4-a53a378097fc","local_time":"20210114151317","is_ascension_mode":true,"campfire_choices":[{"data":"Tantrum","floor":6,"key":"SMITH"},{"floor":8,"key":"REST"},{"floor":17,"key":"REST"}],"circlet_count":0,"master_deck":["Strike_P","Strike_P","Strike_P","Defend_P","Defend_P","Defend_P","Defend_P","Vigilance","HollowMod:QuickDashStart","Defend_G","Tantrum+1","EmptyMind","MarkedMod:SlowDance","MarkedMod:Acupuncture+1","CutThroughFate","MarkedMod:GentlePulse","Prostrate","SashWhip+1","MentalFortress","MarkedMod:OneThousandNeedles","Replay:Vibes"],"relics":["PureWater","CaptainsWheel","Whetstone","Simple Rune","Lantern","ClockworkSouvenir","HollowMod:PaleOreRelic","Dream Catcher","Juzu Bracelet"],"acts_visited":["Exordium"],"potions_floor_usage":[5,14,14,16,16],"damage_taken":[{"damage":2.0,"enemies":"Cultist","floor":1.0,"turns":3.0},{"damage":4.0,"enemies":"Jaw Worm","floor":2.0,"turns":3.0},{"damage":0,"enemies":"Small Slimes","floor":4,"turns":3},{"damage":0,"enemies":"Exordium Thugs","floor":5,"turns":3},{"damage":39,"enemies":"Gremlin Nob","floor":7,"turns":5},{"damage":0,"enemies":"HollowMod:MossKnight","floor":12,"turns":3},{"damage":0,"enemies":"Large Slime","floor":13,"turns":3},{"damage":36,"enemies":"Lots of Slimes","floor":15,"turns":3},{"damage":0,"enemies":"Lagavulin","floor":16,"turns":5},{"damage":41,"enemies":"The Guardian","floor":18,"turns":7}],"seed_played":"5848164451974474132","potions_obtained":[{"floor":1.0,"key":"Explosive Potion"},{"floor":5,"key":"ThievingMod:ThievingPotion"},{"floor":7,"key":"BlessingOfTheForge"},{"floor":12,"key":"FearPotion"},{"floor":16,"key":"Strength Potion"}],"is_trial":false,"path_per_floor":["M","M","$","M","M","R","E","R","T","PTL","PTL","E","M","$","M","E","R","B"],"character_chosen":"WATCHER","items_purchased":["MarkedMod:Acupuncture"],"campfire_rested":2,"item_purchase_floors":[3],"current_hp_per_floor":[70,66,66,66,66,66,27,48,48,48,48,48,48,53,17,17,40,0,0],"gold":90,"neow_bonus":"ONE_RARE_RELIC","is_daily":false,"chose_seed":false,"campfire_upgraded":1,"win_rate":0.0,"timestamp":1610637197,"path_taken":["M","?","$","M","M","R","E","R","T","PTL","PTL","E","M","$","M","E","R","BOSS"],"items_purchased_type":["Card"],"build_version":"2020-12-22","purchased_purges":2,"victory":false,"max_hp_per_floor":[72,72,72,72,72,72,72,72,72,72,72,72,72,77,77,77,77,77,77],"relic_stats":{"Dream Catcher":1,"counters":[10,38],"Juzu Bracelet":0,"Whetstone":["MarkedMod:Acupuncture","Strike_P"],"obtain_stats":[{"CaptainsWheel":0,"Lantern":12,"Dream Catcher":14,"Simple Rune":9,"Juzu Bracelet":16,"Whetstone":7,"HollowMod:PaleOreRelic":14,"PureWater":0,"ClockworkSouvenir":14},{"CaptainsWheel":0,"Lantern":6,"Dream Catcher":7,"Simple Rune":5,"Juzu Bracelet":9,"Whetstone":5,"HollowMod:PaleOreRelic":7,"PureWater":0,"ClockworkSouvenir":7},{"CaptainsWheel":0,"Lantern":20,"Dream Catcher":23,"Simple Rune":17,"Juzu Bracelet":31,"Whetstone":17,"HollowMod:PaleOreRelic":23,"PureWater":0,"ClockworkSouvenir":23}]},"card_choices":[{"not_picked":["EmptyBody","SashWhip"],"picked":"Tantrum","floor":1.0},{"not_picked":["BattleHymn","Evaluate"],"picked":"EmptyMind","floor":2.0},{"not_picked":["Vengeance","CrushJoints","FollowUp"],"picked":"SKIP","floor":4},{"not_picked":["Replay:Cycle","BattleHymn"],"picked":"CutThroughFate","floor":5},{"not_picked":["DeusExMachina","JustLucky","Judgement"],"picked":"SKIP","floor":7},{"not_picked":["FollowUp","MarkedMod:Acupuncture"],"picked":"MarkedMod:GentlePulse","floor":12},{"not_picked":["Swivel","CrushJoints"],"picked":"Prostrate","floor":13},{"not_picked":["Swivel","Nirvana"],"picked":"MentalFortress","floor":15},{"not_picked":["BattleHymn","EmptyBody"],"picked":"MarkedMod:OneThousandNeedles","floor":16},{"not_picked":["BowlingBash","FollowUp"],"picked":"Replay:Vibes","floor":17}],"player_experience":288553,"relics_obtained":[{"floor":7,"key":"Whetstone"},{"floor":9,"key":"Simple Rune"},{"floor":12,"key":"Lantern"},{"floor":16,"key":"Juzu Bracelet"}],"event_choices":[],"is_beta":false,"boss_relics":[],"items_purged_floors":[3,14],"is_endless":false,"potions_floor_spawned":[1,5,7,12,16],"killed_by":"The Guardian","ascension_level":4}}