{"host":"uzp1tn8qxn9571p9","time":1610623136,"event":{"mods":["BaseMod","Colored Powertips","Hermit","Minty Spire (QoL Compilation)","Robot Space Explorer","StSLib","The Hierophant","The Marked"],"gold_per_floor":[166,237,313,313,381,381,393,25,25,25,25,46,46,115,115,190,190,242,90,90,90,90,62,62],"floor_reached":23,"language":"ZHS","playtime":1179,"items_purged":["hierophant:DisplayOfPower","Pain"],"score":299,"play_id":"12b1b52b-9e12-4621-a799-8762ec686552","local_time":"20210114191856","daily_mods":["SealedDeck","Heirloom","Elite Swarm"],"is_ascension_mode":false,"campfire_choices":[{"data":"hierophant:RepressedViolence","floor":6.0,"key":"SMITH"},{"data":"hierophant:Determination","floor":13.0,"key":"SMITH"},{"data":"hierophant:Repentance","floor":15.0,"key":"SMITH"}],"circlet_count":0,"master_deck":["hierophant:Remorse","hierophant:RustyCrate","hierophant:Remorse","hierophant:Charity","hierophant:Charity","hierophant:RepressedViolence+1","hierophant:Flagellation","hierophant:Smite","hierophant:PristineSoul","hierophant:HolyVerse","hierophant:Doubloon","hierophant:Doubloon","hierophant:Doubloon","hierophant:Doubloon","hierophant:Doubloon","hierophant:Doubloon","hierophant:HolyVerse","hierophant:Determination+1","hierophant:Doubloon","hierophant:Generosity","hierophant:Repentance+1","hierophant:Determination","hierophant:HolyVerse"],"relics":["hierophant:PropheticMaskRelic","Ginger","Matryoshka","Ornamental Fan","Du-Vu Doll","Gremlin Horn","White Beast Statue","Pear","Oddly Smooth Stone","WarpedTongs","Bottled Flame"],"acts_visited":["Exordium","TheCity"],"potions_floor_usage":[],"damage_taken":[{"damage":0.0,"enemies":"Small Slimes","floor":1.0,"turns":1.0},{"damage":0.0,"enemies":"Cultist","floor":2.0,"turns":2.0},{"damage":0.0,"enemies":"2 Louse","floor":3.0,"turns":1.0},{"damage":13.0,"enemies":"Red Slaver","floor":5.0,"turns":3.0},{"damage":0.0,"enemies":"3 Sentries","floor":7.0,"turns":1.0},{"damage":2.0,"enemies":"Gremlin Nob","floor":12.0,"turns":3.0},{"damage":7.0,"enemies":"Blue Slaver","floor":14.0,"turns":2.0},{"damage":42.0,"enemies":"Slime Boss","floor":16.0,"turns":5.0},{"damage":14.0,"enemies":"Chosen","floor":18.0,"turns":4.0},{"damage":0.0,"enemies":"Shell Parasite","floor":22.0,"turns":1.0},{"damage":72,"enemies":"Book of Stabbing","floor":23,"turns":5}],"seed_played":"7973061791830803692","potions_obtained":[{"floor":1.0,"key":"Regen Potion"},{"floor":5.0,"key":"BlessingOfTheForge"},{"floor":12.0,"key":"SpeedPotion"},{"floor":14.0,"key":"SpeedPotion"},{"floor":16.0,"key":"SmokeBomb"},{"floor":18.0,"key":"Ancient Potion"}],"is_trial":true,"path_per_floor":["M","M","M","?","M","R","E","$","T","T","?","E","R","M","R","B",null,"M","$","?","?","M","E"],"character_chosen":"HIEROPHANT","items_purchased":["Du-Vu Doll","hierophant:HolyVerse"],"campfire_rested":0,"item_purchase_floors":[8,19],"current_hp_per_floor":[75,75,75,75,73,73,73,73,73,83,83,81,81,82,82,78,85,85,85,69,69,69,0,0],"gold":62,"neow_bonus":"","is_daily":false,"chose_seed":false,"campfire_upgraded":3,"win_rate":0.0,"timestamp":1610623136,"path_taken":["M","M","M","?","?","R","E","$","T","?","?","E","R","M","R","BOSS","M","$","?","?","M","E"],"items_purchased_type":["Relic","Card"],"build_version":"2020-12-22","purchased_purges":2,"victory":false,"max_hp_per_floor":[75,75,75,75,75,75,75,75,75,85,85,85,85,85,85,85,85,85,85,90,90,90,90,90],"card_choices":[{"not_picked":["hierophant:Charity","hierophant:OrnateBuckler"],"picked":"hierophant:DisplayOfPower","floor":1.0},{"not_picked":["hierophant:Remorse","hierophant:RustyCrate"],"picked":"hierophant:HolyVerse","floor":2.0},{"not_picked":["hierophant:ThreeLashes","hierophant:Mercenaries"],"picked":"hierophant:Determination","floor":3.0},{"not_picked":["hierophant:DisplayOfPower","hierophant:Encroach","hierophant:Martyrdom"],"picked":"SKIP","floor":5.0},{"not_picked":["hierophant:Cornucopia","hierophant:Kindle"],"picked":"hierophant:Generosity","floor":7.0},{"not_picked":["hierophant:Batter","hierophant:BulkyChest","hierophant:Generosity"],"picked":"SKIP","floor":12.0},{"not_picked":["hierophant:Glossolalia","hierophant:Dazzle"],"picked":"hierophant:Repentance","floor":14.0},{"not_picked":["hierophant:BulkyChest","hierophant:Invocation"],"picked":"hierophant:Determination","floor":16.0},{"not_picked":["hierophant:Exaltation","hierophant:Glossolalia+1","hierophant:SolarFlare"],"picked":"SKIP","floor":18.0}],"player_experience":349885,"relics_obtained":[{"floor":7.0,"key":"Ornamental Fan"},{"floor":9.0,"key":"Gremlin Horn"},{"floor":9.0,"key":"White Beast Statue"},{"floor":10.0,"key":"Pear"},{"floor":10.0,"key":"Oddly Smooth Stone"},{"floor":12.0,"key":"Bottled Flame"}],"event_choices":[{"damage_healed":0.0,"max_hp_gain":0.0,"max_hp_loss":0.0,"gold_gain":0.0,"event_name":"WeMeetAgain","player_choice":"Gave Potion","floor":4.0,"gold_loss":0.0,"damage_taken":0.0,"relics_obtained":["Matryoshka"]},{"damage_healed":0.0,"max_hp_gain":0.0,"max_hp_loss":0.0,"gold_gain":0.0,"event_name":"Accursed Blacksmith","player_choice":"Rummage","floor":11.0,"gold_loss":0.0,"damage_taken":0.0,"relics_obtained":["WarpedTongs"],"cards_obtained":["Pain"]},{"damage_healed":0.0,"max_hp_gain":5.0,"max_hp_loss":0.0,"gold_gain":0.0,"event_name":"Forgotten Altar","player_choice":"Shed Blood","floor":20.0,"gold_loss":0.0,"damage_taken":21.0},{"damage_healed":0.0,"max_hp_gain":0.0,"max_hp_loss":0.0,"gold_gain":0.0,"event_name":"Vampires","player_choice":"Ignored","floor":21.0,"gold_loss":0.0,"damage_taken":0.0}],"is_beta":false,"boss_relics":[{"not_picked":["Snecko Eye","Ectoplasm","Fusion Hammer"]}],"items_purged_floors":[8,19],"is_endless":false,"potions_floor_spawned":[1,5,12,14,16,18,22],"killed_by":"Book of Stabbing","ascension_level":0}}