{"host":"tnsigirk6wurdark","time":1610601008,"event":{"mods":["BaseMod","Bestiary","Colored Map","Colored Powertips","Curses Come First","DeckTracker","Highlight Path","Minty Spire (QoL Compilation)","Quick Restart","Relic Sorter","StSLib","Synergy Search"],"gold_per_floor":[112,37,37,49,69,69,81,81,128,156,170,170,28,43,43,119,169,188,15,15,15,33,33,33],"floor_reached":23,"language":"ENG","playtime":1753,"items_purged":["Strike_G","Regret"],"score":344,"play_id":"03c1e015-e168-4486-a946-1af8c8ff4d30","local_time":"20210114051008","is_ascension_mode":true,"campfire_choices":[{"floor":15,"key":"REST"}],"circlet_count":0,"master_deck":["AscendersBane","Strike_G","Strike_G+1","Strike_G","Strike_G","Defend_G","Defend_G","Defend_G","Defend_G","Defend_G","Survivor","Neutralize","Dagger Throw","Crippling Poison","Noxious Fumes","Deadly Poison","Dagger Spray","Bouncing Flask","Deflect","Venomology","Deadly Poison","Backstab","Calculated Gamble+1","Leg Sweep+1","Well Laid Plans","Acrobatics+1","Decay","Crippling Poison","Heel Hook"],"relics":["Ring of the Snake","Regal Pillow","Tiny House","Anchor","Kunai","Orrery"],"acts_visited":["Exordium","TheCity"],"potions_floor_usage":[10,11,16,17,18,22,23,23],"damage_taken":[{"damage":5,"enemies":"Cultist","floor":1,"turns":6},{"damage":4,"enemies":"2 Louse","floor":4,"turns":3},{"damage":2,"enemies":"Jaw Worm","floor":5,"turns":4},{"damage":9,"enemies":"Large Slime","floor":7,"turns":8},{"damage":24,"enemies":"Gremlin Nob","floor":10,"turns":5},{"damage":10,"enemies":"Exordium Thugs","floor":11,"turns":4},{"damage":0,"enemies":"Red Slaver","floor":14,"turns":3},{"damage":46,"enemies":"Slime Boss","floor":16,"turns":10},{"damage":7,"enemies":"Chosen","floor":18,"turns":5},{"damage":23,"enemies":"3 Byrds","floor":22,"turns":8},{"damage":40,"enemies":"Slavers","floor":23,"turns":5}],"seed_played":"-4370903540266949833","potions_obtained":[{"floor":1,"key":"Weak Potion"},{"floor":7,"key":"Strength Potion"},{"floor":14,"key":"Fire Potion"},{"floor":17,"key":"Fruit Juice"},{"floor":22,"key":"PowerPotion"}],"is_trial":false,"path_per_floor":["M","$","?","M","M","?","M","$","T","E","M","?","$","M","R","B",null,"M","$","?","?","M","E"],"character_chosen":"THE_SILENT","items_purchased":["Bouncing Flask","Orrery"],"campfire_rested":1,"item_purchase_floors":[13,19],"current_hp_per_floor":[60,60,60,56,54,54,45,45,45,21,11,11,11,11,47,1,64,57,57,57,57,34,0,0],"gold":33,"neow_bonus":"TEN_PERCENT_HP_BONUS","is_daily":false,"chose_seed":false,"campfire_upgraded":0,"win_rate":0.0,"timestamp":1610601008,"path_taken":["M","?","?","M","M","?","M","$","T","E","M","?","$","M","R","BOSS","M","$","?","?","?","E"],"items_purchased_type":["Card","Relic"],"build_version":"2020-12-22","purchased_purges":2,"victory":false,"max_hp_per_floor":[72,72,72,72,72,72,72,72,72,72,72,72,72,72,72,72,82,82,82,82,82,82,82,82],"card_choices":[{"not_picked":["Catalyst","Prepared"],"picked":"Dagger Throw","floor":1},{"not_picked":["Deflect","Flying Knee"],"picked":"Crippling Poison","floor":4},{"not_picked":["Glass Knife","All Out Attack","Outmaneuver"],"picked":"SKIP","floor":5},{"not_picked":["Prepared","Outmaneuver"],"picked":"Noxious Fumes","floor":7},{"not_picked":["A Thousand Cuts","Reflex"],"picked":"Deadly Poison","floor":10},{"not_picked":["Flying Knee","Dodge and Roll"],"picked":"Dagger Spray","floor":11},{"not_picked":["Predator","Outmaneuver"],"picked":"Deflect","floor":14},{"not_picked":["Grand Finale","After Image"],"picked":"Venomology","floor":16},{"not_picked":["Dagger Spray","Setup"],"picked":"Deadly Poison","floor":17},{"not_picked":["Poisoned Stab","Outmaneuver"],"picked":"Backstab","floor":18},{"not_picked":["Blur","Dagger Throw"],"picked":"Calculated Gamble+1","floor":19},{"not_picked":["Underhanded Strike","Dagger Throw"],"picked":"Leg Sweep+1","floor":19},{"not_picked":["Heel Hook+1","Masterful Stab"],"picked":"Well Laid Plans","floor":19},{"not_picked":["Bane","Poisoned Stab"],"picked":"Acrobatics+1","floor":19},{"not_picked":["All Out Attack","Deadly Poison"],"picked":"Heel Hook","floor":22}],"player_experience":741537,"relics_obtained":[{"floor":9,"key":"Regal Pillow"},{"floor":10,"key":"Kunai"}],"event_choices":[{"damage_healed":0,"gold_gain":0,"player_choice":"Box","damage_taken":0,"relics_obtained":["Anchor"],"max_hp_gain":0,"max_hp_loss":0,"event_name":"Big Fish","floor":3,"gold_loss":0,"cards_obtained":["Regret"]},{"damage_healed":0,"gold_gain":0,"player_choice":"Leave","damage_taken":0,"max_hp_gain":0,"max_hp_loss":0,"event_name":"The Cleric","floor":6,"gold_loss":0},{"damage_healed":0,"gold_gain":0,"player_choice":"Ignored","damage_taken":0,"max_hp_gain":0,"max_hp_loss":0,"event_name":"Shining Light","floor":12,"gold_loss":0},{"damage_healed":0,"gold_gain":0,"player_choice":"Smashed Altar","damage_taken":0,"max_hp_gain":0,"max_hp_loss":0,"event_name":"Forgotten Altar","floor":20,"gold_loss":0,"cards_obtained":["Decay"]},{"damage_healed":0,"gold_gain":0,"player_choice":"1 cards matched","damage_taken":0,"max_hp_gain":0,"max_hp_loss":0,"event_name":"Match and Keep!","floor":21,"gold_loss":0,"cards_obtained":["Crippling Poison"]}],"is_beta":false,"boss_relics":[{"not_picked":["Ring of the Serpent","Empty Cage"],"picked":"Tiny House"}],"items_purged_floors":[2,13],"is_endless":false,"potions_floor_spawned":[1,7,14,22],"killed_by":"Slavers","ascension_level":16}}