{"host":"usrgk25etjl0nf5i","time":1610590663,"event":{"mods":["2.2 Compatiblity","BaseMod","Downfall","Hubris","Minty Spire (QoL Compilation)","StSLib","SuperFastMode"],"gold_per_floor":[119,134,153,164,89,123,142,142,197,197,232,182,193,94,94,94,94],"floor_reached":16,"language":"ENG","playtime":448,"items_purged":["Strike_B"],"score":168,"play_id":"2d106140-064c-4a76-b575-e64132505d1e","local_time":"20210113181743","is_ascension_mode":true,"campfire_choices":[{"floor":8,"key":"REST"},{"floor":10,"key":"REST"},{"floor":15,"key":"REST"}],"circlet_count":0,"master_deck":["AscendersBane","Strike_B","Strike_B","Defend_B","Defend_B","Defend_B","Defend_B","Zap","Dualcast","Gash","Conserve Battery","Gash","Stack","Self Repair","Genetic Algorithm","Self Repair","Self Repair"],"relics":["Cracked Core","Blue Candle","DataDisk","Singing Bowl","sneckomod:BlankCard"],"acts_visited":["Exordium"],"potions_floor_usage":[4,7],"damage_taken":[{"damage":1,"enemies":"Cultist","floor":1,"turns":3},{"damage":2,"enemies":"Jaw Worm","floor":2,"turns":3},{"damage":5,"enemies":"Small Slimes","floor":3,"turns":4},{"damage":25,"enemies":"Exordium Thugs","floor":4,"turns":4},{"damage":40,"enemies":"3 Sentries","floor":6,"turns":9},{"damage":0,"enemies":"Looter","floor":7,"turns":4},{"damage":32,"enemies":"Gremlin Nob","floor":11,"turns":5},{"damage":17,"enemies":"Blue Slaver","floor":13,"turns":5},{"damage":53,"enemies":"Hexaghost","floor":16,"turns":9}],"seed_played":"3449767792253428339","potions_obtained":[{"floor":3,"key":"AttackPotion"},{"floor":6,"key":"Weak Potion"}],"is_trial":false,"path_per_floor":["M","M","M","M","$","E","M","R","T","R","E","?","M","?","R","B"],"character_chosen":"DEFECT","items_purchased":[],"campfire_rested":3,"item_purchase_floors":[],"current_hp_per_floor":[74,72,67,42,42,2,9,33,33,57,32,32,29,29,53,0,0],"gold":94,"neow_bonus":"TEN_PERCENT_HP_BONUS","is_daily":false,"chose_seed":false,"campfire_upgraded":0,"win_rate":0.0,"timestamp":1610590663,"path_taken":["M","M","?","M","$","E","M","R","T","R","E","?","M","?","R","BOSS"],"items_purchased_type":[],"build_version":"2020-12-22","purchased_purges":1,"victory":false,"max_hp_per_floor":[82,82,82,82,82,82,82,82,82,82,82,82,82,82,82,82,82],"card_choices":[{"not_picked":["Go for the Eyes","Streamline"],"picked":"Gash","floor":1},{"not_picked":["Steam","Rebound"],"picked":"Conserve Battery","floor":2},{"not_picked":["Compile Driver","Ball Lightning"],"picked":"Gash","floor":3},{"not_picked":["Thunder Strike","Redo"],"picked":"Stack","floor":4},{"not_picked":["Darkness","Ball Lightning"],"picked":"Self Repair","floor":6},{"not_picked":["Darkness","Coolheaded"],"picked":"Genetic Algorithm","floor":7},{"not_picked":["Rebound","Redo"],"picked":"Self Repair","floor":11},{"not_picked":["BootSequence","Go for the Eyes"],"picked":"Self Repair","floor":13}],"player_experience":640456,"relics_obtained":[{"floor":6,"key":"Blue Candle"},{"floor":9,"key":"DataDisk"},{"floor":11,"key":"Singing Bowl"}],"event_choices":[{"cards_removed":["Strike_B"],"damage_healed":0,"gold_gain":0,"player_choice":"Card Removal","damage_taken":0,"max_hp_gain":0,"max_hp_loss":0,"event_name":"The Cleric","floor":12,"gold_loss":50},{"damage_healed":0,"gold_gain":0,"player_choice":"Paid Gold","damage_taken":0,"relics_obtained":["sneckomod:BlankCard"],"max_hp_gain":0,"max_hp_loss":0,"event_name":"WeMeetAgain","floor":14,"gold_loss":99}],"is_beta":false,"boss_relics":[],"items_purged_floors":[5],"is_endless":false,"potions_floor_spawned":[3,6],"killed_by":"Hexaghost","ascension_level":10}}