{"host":"f5y45f7z7ziu0smp","time":1610604849,"event":{"mods":["AchievementEnabler","BaseMod","Koishi","Marisa£¨Ùöéë¡¡Øª×âÞÞ£©","Minty Spire (QoL Compilation)","StSLib","SuperFastMode"],"gold_per_floor":[112,112,112,124,175,175,175,175,175,24,24,24,65,65,65,185,185,198,198,3,28,66,66,82,94,106,118,161,198,210,222,234,370,382,412,424,396,203,5,5,5,48,48,48,73,73,106,119,119,119],"floor_reached":51,"language":"KOR","playtime":593,"items_purged":["Pommel Strike","Sword Boomerang","Headbutt"],"score":1259,"play_id":"8eb8d3bd-9f3e-4525-9e76-4dda5dc0fc3d","local_time":"20210114151409","daily_mods":["SealedDeck","Vintage","Heirloom","Time Dilation","Flight","Lethality"],"is_ascension_mode":false,"campfire_choices":[{"data":"Searing Blow","floor":6,"key":"SMITH"},{"data":"Searing Blow+1","floor":8,"key":"SMITH"},{"data":"Searing Blow+2","floor":12,"key":"SMITH"},{"data":"Searing Blow+3","floor":15,"key":"SMITH"},{"data":"Searing Blow+4","floor":23,"key":"SMITH"},{"data":"Searing Blow+5","floor":25,"key":"SMITH"},{"data":"Searing Blow+6","floor":27,"key":"SMITH"},{"data":"Searing Blow+7","floor":30,"key":"SMITH"},{"data":"Searing Blow+8","floor":32,"key":"SMITH"},{"data":"Flex","floor":40,"key":"SMITH"},{"data":"Pummel","floor":41,"key":"SMITH"},{"data":"Searing Blow+10","floor":46,"key":"SMITH"},{"data":"Searing Blow+11","floor":49,"key":"SMITH"}],"circlet_count":0,"master_deck":["Pummel+1","Clash","Pommel Strike+1","Flex+1","Searing Blow+12"],"relics":["Burning Blood","Ginger","Charon\u0027s Ashes","Matryoshka","Golden Idol","Smiling Mask","Shuriken","Sling","Regal Pillow","StoneCalendar","Molten Egg 2","Philosopher\u0027s Stone","Tiny Chest","Bag of Preparation","Toxic Egg 2","Red Mask","MawBank","Gremlin Horn","Red Skull","Nunchaku","Runic Cube","MealTicket","Bag of Marbles","PreservedInsect","Blood Vial","Bottled Lightning","The Courier","Akabeko","War Paint","Kunai"],"acts_visited":["Exordium","TheCity","TheBeyond"],"potions_floor_usage":[16,16,16,50],"damage_taken":[{"damage":0,"enemies":"2 Louse","floor":1,"turns":1},{"damage":0,"enemies":"Jaw Worm","floor":4,"turns":1},{"damage":0,"enemies":"Gremlin Nob","floor":13,"turns":1},{"damage":0,"enemies":"The Guardian","floor":16,"turns":1},{"damage":0,"enemies":"Spheric Guardian","floor":18,"turns":1},{"damage":0,"enemies":"2 Thieves","floor":21,"turns":1},{"damage":0,"enemies":"Masked Bandits","floor":22,"turns":1},{"damage":0,"enemies":"Centurion and Healer","floor":24,"turns":1},{"damage":0,"enemies":"Book of Stabbing","floor":28,"turns":1},{"damage":0,"enemies":"Champ","floor":33,"turns":2},{"damage":0,"enemies":"Orb Walker","floor":35,"turns":1},{"damage":0,"enemies":"Giant Head","floor":42,"turns":1},{"damage":0,"enemies":"Nemesis","floor":47,"turns":1},{"damage":0,"enemies":"3 Darklings","floor":48,"turns":1},{"damage":0,"enemies":"Donu and Deca","floor":50,"turns":2}],"seed_played":"-957994410108210121","potions_obtained":[{"floor":3,"key":"SkillPotion"},{"floor":3,"key":"HeartOfIron"},{"floor":3,"key":"DistilledChaos"},{"floor":16,"key":"SpeedPotion"},{"floor":18,"key":"EssenceOfSteel"},{"floor":21,"key":"ElixirPotion"},{"floor":24,"key":"Regen Potion"},{"floor":48,"key":"Swift Potion"}],"is_trial":true,"path_per_floor":["M","?","?","M","?","R","?","R","T","$","T","R","E","?","R","B",null,"M","?","$","M","?","R","M","R","T","R","E","T","R","?","R","B",null,"M","?","?","$","$","R","R","E","T","T","T","R","E","M","R","B",null],"character_chosen":"IRONCLAD","items_purchased":["Sling","Bag of Preparation","Bag of Marbles","PreservedInsect"],"campfire_rested":0,"item_purchase_floors":[10,20,38,39],"current_hp_per_floor":[80,64,64,70,70,70,50,50,50,50,50,50,56,56,56,62,80,80,80,80,80,80,80,80,80,80,80,80,80,80,80,80,80,80,80,80,80,80,80,80,80,80,80,80,80,80,80,80,80,80],"gold":119,"neow_bonus":"","is_daily":false,"chose_seed":false,"campfire_upgraded":13,"win_rate":0.0,"timestamp":1610604849,"path_taken":["M","?","?","?","?","R","?","R","T","$","?","R","E","?","R","BOSS","M","?","$","M","?","R","?","R","T","R","E","?","R","?","R","BOSS","M","?","?","$","$","R","R","E","T","?","?","R","E","?","R","BOSS"],"items_purchased_type":["Relic","Relic","Relic","Relic"],"build_version":"2020-12-22","purchased_purges":3,"victory":true,"max_hp_per_floor":[80,80,80,80,80,80,80,80,80,80,80,80,80,80,80,80,80,80,80,80,80,80,80,80,80,80,80,80,80,80,80,80,80,80,80,80,80,80,80,80,80,80,80,80,80,80,80,80,80,80],"card_choices":[{"not_picked":["Wild Strike+1","Feel No Pain","Fiend Fire+1"],"picked":"SKIP","floor":13},{"not_picked":["Clothesline+1","Power Through+1","Searing Blow+1"],"picked":"SKIP","floor":28},{"not_picked":["Rampage+1","Dark Embrace","Burning Pact+1"],"picked":"SKIP","floor":42},{"not_picked":["Power Through+1","Reaper+1","Havoc+1"],"picked":"SKIP","floor":47}],"player_experience":99142,"relics_obtained":[{"floor":1,"key":"Charon\u0027s Ashes"},{"floor":4,"key":"Matryoshka"},{"floor":9,"key":"Smiling Mask"},{"floor":9,"key":"Shuriken"},{"floor":11,"key":"Regal Pillow"},{"floor":11,"key":"StoneCalendar"},{"floor":13,"key":"Molten Egg 2"},{"floor":18,"key":"Tiny Chest"},{"floor":21,"key":"Toxic Egg 2"},{"floor":22,"key":"Red Mask"},{"floor":24,"key":"MawBank"},{"floor":26,"key":"Gremlin Horn"},{"floor":28,"key":"Red Skull"},{"floor":29,"key":"Nunchaku"},{"floor":35,"key":"MealTicket"},{"floor":42,"key":"Blood Vial"},{"floor":43,"key":"Bottled Lightning"},{"floor":44,"key":"The Courier"},{"floor":45,"key":"Akabeko"},{"floor":47,"key":"War Paint"},{"floor":48,"key":"Kunai"}],"event_choices":[{"damage_healed":0,"gold_gain":0,"player_choice":"Entered Light","damage_taken":16,"max_hp_gain":0,"max_hp_loss":0,"event_name":"Shining Light","floor":2,"gold_loss":0,"cards_upgraded":["Warcry","Pommel Strike"]},{"damage_healed":0,"gold_gain":0,"player_choice":"Got Potions","damage_taken":0,"max_hp_gain":0,"max_hp_loss":0,"event_name":"Lab","floor":3,"gold_loss":0},{"damage_healed":0,"gold_gain":51,"player_choice":"Gained Gold","damage_taken":0,"max_hp_gain":0,"max_hp_loss":0,"event_name":"Golden Wing","floor":5,"gold_loss":0},{"damage_healed":0,"gold_gain":0,"player_choice":"Take Damage","damage_taken":20,"relics_obtained":["Golden Idol"],"max_hp_gain":0,"max_hp_loss":0,"event_name":"Golden Idol","floor":7,"gold_loss":0},{"damage_healed":0,"gold_gain":0,"player_choice":"Leave","damage_taken":0,"max_hp_gain":0,"max_hp_loss":0,"event_name":"The Cleric","floor":14,"gold_loss":0},{"cards_removed":["Sword Boomerang"],"damage_healed":0,"gold_gain":0,"player_choice":"Elegance","damage_taken":0,"max_hp_gain":0,"max_hp_loss":0,"event_name":"Back to Basics","floor":19,"gold_loss":0},{"damage_healed":0,"gold_gain":0,"player_choice":"Fought Bandits","damage_taken":0,"max_hp_gain":0,"max_hp_loss":0,"event_name":"Masked Bandits","floor":22,"gold_loss":0},{"damage_healed":0,"gold_gain":0,"player_choice":"Ignored","damage_taken":0,"max_hp_gain":0,"max_hp_loss":0,"event_name":"Vampires","floor":31,"gold_loss":0},{"cards_removed":["Warcry"],"damage_healed":0,"gold_gain":0,"player_choice":"Removed Skill","damage_taken":0,"max_hp_gain":0,"max_hp_loss":0,"event_name":"Falling","floor":36,"gold_loss":0},{"damage_healed":0,"gold_gain":0,"player_choice":"Upgrade","damage_taken":0,"max_hp_gain":0,"max_hp_loss":0,"event_name":"Designer","floor":37,"gold_loss":40,"cards_upgraded":["Searing Blow"]}],"is_beta":false,"boss_relics":[{"not_picked":["Black Blood","Sozu"],"picked":"Philosopher\u0027s Stone"},{"not_picked":["Runic Pyramid","Mark of Pain"],"picked":"Runic Cube"}],"items_purged_floors":[20,38,39],"is_endless":false,"potions_floor_spawned":[13,16,18,21,24,33,42,47,48],"ascension_level":0}}