{"host":"khkox7sggahain0a","time":1610616524,"event":{"mods":["Act Like it!","Arknights The Spire","BaseMod","Downfall","Gensokyo","Lobotomy","LobotomyExtend","Marisa£®ÏF”Í°°ƒß¿Ì…≥£©","Minty Spire (QoL Compilation)","Quick Restart","StSLib","The Animator","Waifu the Spire"],"gold_per_floor":[115,127,146,76,1,28,28,53,76,76,49,60,60,73,73,273,273],"floor_reached":16,"language":"ZHS","playtime":1049,"items_purged":["ats:Strike V"],"score":117,"play_id":"cd3b4584-1847-46a0-acee-1cd2affb635b","local_time":"20210114172844","is_ascension_mode":true,"campfire_choices":[{"data":"ats:Dogmatic Field","floor":7,"key":"SMITH"},{"data":"ats:Thorns","floor":15,"key":"SMITH"}],"circlet_count":0,"master_deck":["ats:Strike C","ats:Strike G+1","ats:Strike S","ats:Armor Crushing Shot","ats:Defend+1","ats:Defend","ats:Defend","ats:Defend","ats:Emotion Absorption","ats:Revitalization","ats:Revitalization","MeatLantern","ats:Dogmatic Field+1","Wellcheers","ats:Charging Defense","ats:Thorns+1"],"relics":["ats:Sanity","CogitoBucket","LetterFromLob","ats:Originium","Happy Flower","Bronze Scales"],"acts_visited":["Gensokyo:Gensokyo"],"potions_floor_usage":[10],"damage_taken":[{"damage":4,"enemies":"Gensokyo:Python","floor":1,"turns":4},{"damage":12,"enemies":"Gensokyo:3_Fairies","floor":2,"turns":7},{"damage":7,"enemies":"Gensokyo:Gryphon","floor":3,"turns":4},{"damage":132,"enemies":"Gensokyo:Mamizou","floor":6,"turns":20},{"damage":328,"enemies":"Gensokyo:Aya","floor":8,"turns":18},{"damage":16,"enemies":"Gensokyo:3_Kodama","floor":10,"turns":5},{"damage":35,"enemies":"Gensokyo:CorruptedTreant","floor":12,"turns":8},{"damage":121,"enemies":"Gensokyo:Python_and_Kodama","floor":14,"turns":9},{"damage":194,"enemies":"Gensokyo:Kokoro","floor":16,"turns":16}],"seed_played":"239138051398944168","potions_obtained":[{"floor":8,"key":"SmokeBomb"},{"floor":14,"key":"FearPotion"}],"is_trial":false,"path_per_floor":["M","M","M","?","$","E","R","E","T","M","COS","M","?","M","R","B"],"character_chosen":"DOCTOR_CLASS","items_purchased":[],"campfire_rested":0,"item_purchase_floors":[],"current_hp_per_floor":[68,66,64,64,64,47,47,13,13,8,8,72,72,52,52,0,0],"gold":273,"neow_bonus":"","is_daily":false,"chose_seed":false,"campfire_upgraded":2,"win_rate":0.0,"timestamp":1610616524,"path_taken":["M","M","M","?","$","E","R","E","T","M","COS","M","?","M","R","BOSS"],"items_purchased_type":[],"build_version":"2020-12-22","purchased_purges":1,"victory":false,"max_hp_per_floor":[72,72,72,72,72,72,72,72,72,72,72,72,72,72,72,72,72],"card_choices":[{"not_picked":["OldLady","Scorched","FairyFestival"],"picked":"Singing Bowl","floor":1},{"not_picked":["ats:Hammer On","ats:Spore Proliferation"],"picked":"ats:Revitalization","floor":1},{"not_picked":["Woodsman","DespairKnight","BlackSwan"],"picked":"Singing Bowl","floor":2},{"not_picked":["ats:Consecutive Shot Auto","ats:Overload"],"picked":"ats:Revitalization","floor":2},{"not_picked":["Bloodbath","VoidDream","Variant"],"picked":"Singing Bowl","floor":3},{"not_picked":["ats:Childhood Dance","ats:Rapid Magazine","ats:Encircling Forest"],"picked":"SKIP","floor":3},{"not_picked":["OSAHOGD","GreedKing"],"picked":"MeatLantern","floor":6},{"not_picked":["ats:Leaping Hammer","ats:Shell Defense"],"picked":"ats:Dogmatic Field","floor":6},{"not_picked":["OSAHOGD","HappyTeddy","UniverseFragment"],"picked":"Singing Bowl","floor":8},{"not_picked":["QueenBee","Scorched"],"picked":"Wellcheers","floor":8},{"not_picked":["ats:Shadow Raid","ats:Cat Scratch"],"picked":"ats:Charging Defense","floor":8},{"not_picked":["Freischutz","Funeral","CherryBlossoms"],"picked":"Singing Bowl","floor":12},{"not_picked":["ats:Hook Shot","ats:Leaping Hammer"],"picked":"ats:Thorns","floor":12},{"not_picked":["DreamingCurrent","MHz","NakedNest"],"picked":"Singing Bowl","floor":14},{"not_picked":["ats:Powerful Strike","ats:Rapid Magazine","ats:Curse Doll"],"picked":"SKIP","floor":14}],"player_experience":302617,"relics_obtained":[{"floor":1,"key":"LetterFromLob"},{"floor":6,"key":"ats:Originium"},{"floor":6,"key":"Happy Flower"},{"floor":8,"key":"ats:Originium"},{"floor":8,"key":"Bronze Scales"}],"event_choices":[],"is_beta":false,"boss_relics":[],"items_purged_floors":[5],"is_endless":false,"potions_floor_spawned":[8,10,14],"killed_by":"Gensokyo:Kokoro","ascension_level":1}}