{"host":"t4bl6qmmsws2mq4o","time":1610613156,"event":{"mods":["AchievementEnabler","Act Like it!","BaseMod","Better Note","Downfall","GifTheSpireLib","Hermit","Minty Spire (QoL Compilation)","Replay The Spire","StSLib","The Alterego","The Jungle","The Marked"],"gold_per_floor":[99,112,287,304,304,321,348,348,363,124,49,60,60,85,102,201,201,126,144,159,159,175,275,301,301,61,61,46,46,61,89,103,200,200,200,216,216,236,134,146,169,183,200,200,200,218,245,256,270,270],"floor_reached":51,"language":"ENG","playtime":2813,"items_purged":["Doubt"],"score":803,"play_id":"949157d0-4d08-49ef-8aeb-59dd1ebf65cc","local_time":"20210114003236","is_ascension_mode":false,"campfire_choices":[{"data":"hexamod:Float","floor":1,"key":"SMITH"},{"floor":8,"key":"RECALL"},{"data":"hexamod:ExtraCrispy","floor":11,"key":"SMITH"},{"data":"hexamod:TimeWarp","floor":18,"key":"SMITH"},{"data":"hexamod:Rewind","floor":27,"key":"SMITH"},{"floor":29,"key":"REST"},{"floor":35,"key":"DIG"},{"floor":45,"key":"REST"}],"circlet_count":0,"master_deck":["hexamod:Strike","hexamod:Strike","hexamod:Strike","hexamod:Strike","hexamod:Defend","hexamod:Defend","hexamod:Defend","hexamod:Defend","hexamod:Sear","hexamod:Float+1","hexamod:Firestarter","hexamod:Firestarter","hexamod:ExtraCrispy+1","hexamod:Incineration","hexamod:Firestarter","hexamod:PhantomCloak","hexamod:FastForward","hexamod:RainOfEmbers","hexamod:SwordOfDarkness","hexamod:AdvancingGuard","hexamod:PhantomFireball","hexamod:ExtraCrispy","hexamod:TimeWarp+1","hexamod:SoulSteal+1","hexamod:AdvancingGuard+1","hexamod:Rewind+1","hexamod:RainOfEmbers+1","hexamod:Incineration+1","hexamod:SpectralSpark","Pot Of Greed","Pot Of Greed","Pot Of Greed","hexamod:SwordOfDarkness+1"],"relics":["hexamod:SpiritBrand","Simple Rune","HandDrill","downfall:HeartBlessingRed","Calipers","ChewingGum","downfall:HeartBlessingGreen","Replay:Mystery Machine","OrangePellets","Bag of Marbles","Busted Crown","Strawberry","ReplayTheSpireMod:Ring of Addiction","White Beast Statue","SacredBark","Medical Kit","ReplayTheSpireMod:TigerMarble","Regal Pillow","PreservedInsect","Grinning Jar"],"acts_visited":["Exordium","TheCity","TheBeyond"],"potions_floor_usage":[14,16,22,26,33,38,39,40,42,46,47,48,50,50,50],"damage_taken":[{"damage":5,"enemies":"Jaw Worm","floor":2,"turns":3},{"damage":2,"enemies":"2 Louse","floor":4,"turns":2},{"damage":0,"enemies":"Cultist","floor":6,"turns":3},{"damage":6,"enemies":"3 Louse","floor":9,"turns":4},{"damage":0,"enemies":"downfall:FleeingMerchant","floor":10,"turns":4},{"damage":16,"enemies":"Lots of Slimes","floor":12,"turns":4},{"damage":12,"enemies":"Gremlin Nob","floor":14,"turns":3},{"damage":0,"enemies":"Blue Slaver","floor":15,"turns":3},{"damage":9,"enemies":"downfall:Ironclad","floor":16,"turns":5},{"damage":4,"enemies":"Chosen","floor":19,"turns":3},{"damage":9,"enemies":"3 Byrds","floor":20,"turns":5},{"damage":3,"enemies":"Snake Plant","floor":22,"turns":3},{"damage":9,"enemies":"downfall:FleeingMerchant","floor":26,"turns":5},{"damage":9,"enemies":"downfall:FleeingMerchant","floor":28,"turns":4},{"damage":9,"enemies":"Sentry and Sphere","floor":30,"turns":4},{"damage":0,"enemies":"Replay:Snechameleon","floor":31,"turns":3},{"damage":5,"enemies":"Centurion and Healer","floor":32,"turns":5},{"damage":2,"enemies":"downfall:Defect","floor":33,"turns":6},{"damage":12,"enemies":"3 Darklings","floor":36,"turns":4},{"damage":4,"enemies":"Orb Walker","floor":38,"turns":3},{"damage":0,"enemies":"downfall:FleeingMerchant","floor":39,"turns":1},{"damage":15,"enemies":"3 Darklings","floor":40,"turns":6},{"damage":0,"enemies":"Spire Growth","floor":42,"turns":4},{"damage":0,"enemies":"Jaw Worm Horde","floor":43,"turns":3},{"damage":6,"enemies":"Writhing Mass","floor":46,"turns":2},{"damage":6,"enemies":"Giant Head","floor":47,"turns":6},{"damage":25,"enemies":"4 Shapes","floor":48,"turns":3},{"damage":3,"enemies":"Sphere and 2 Shapes","floor":49,"turns":2},{"damage":0,"enemies":"downfall:Watcher","floor":50,"turns":4}],"seed_played":"-1881948492519985501","potions_obtained":[{"floor":9,"key":"FearPotion"},{"floor":12,"key":"Strength Potion"},{"floor":14,"key":"hexamod:EctoCoolerPotion"},{"floor":15,"key":"Flashbang"},{"floor":21,"key":"Block Potion"},{"floor":30,"key":"Strength Potion"},{"floor":32,"key":"DistilledChaos"},{"floor":37,"key":"SkillPotion"},{"floor":37,"key":"Elixir"},{"floor":38,"key":"sneckomod:MuddlingPotion"},{"floor":39,"key":"Explosive Potion"},{"floor":40,"key":"Slimebound:ThreeZeroPotion"},{"floor":42,"key":"Doom Potion"},{"floor":43,"key":"Cursed Concoction"},{"floor":46,"key":"BlessingOfTheForge"},{"floor":47,"key":"Swift Potion"},{"floor":48,"key":"Languid Potion"}],"is_trial":false,"path_per_floor":["R","M","?","M","?","M","T","R","M","$","R","M","?","E","M","B",null,"R","M","M","?","M","?","T","?","$","R","$","R","M","E","M","B",null,"R","M","?","M","$","M","T","M","M","?","R","M","E","M","M","B",null],"character_chosen":"THE_SPIRIT","items_purchased":["HandDrill","hexamod:Rewind","OrangePellets","Medical Kit","ReplayTheSpireMod:TigerMarble","Regal Pillow"],"campfire_rested":2,"item_purchase_floors":[10,26,26,39,39,39],"current_hp_per_floor":[70,65,65,63,63,63,63,63,57,57,57,41,41,29,29,20,70,70,66,57,57,54,54,54,54,45,45,36,57,48,48,43,41,70,77,65,65,61,61,46,46,46,46,46,77,69,63,38,35,35],"gold":270,"neow_bonus":"THREE_CARDS","is_daily":false,"chose_seed":false,"campfire_upgraded":4,"win_rate":0.0,"timestamp":1610613156,"path_taken":["R","M","?","M","?","M","T","R","M","?","R","M","?","E","M","BOSS","R","M","M","?","?","?","T","?","$","R","$","R","M","E","M","BOSS","R","M","?","M","$","M","T","M","M","?","R","M","E","M","M","BOSS"],"items_purchased_type":["Relic","Card","Relic","Relic","Relic","Relic"],"build_version":"2020-12-22","purchased_purges":1,"victory":true,"max_hp_per_floor":[70,70,70,70,70,70,70,70,70,70,70,70,70,70,70,70,70,70,70,70,70,70,70,70,70,70,70,70,70,70,70,70,70,70,77,77,77,77,77,77,77,77,77,77,77,75,75,75,75,75],"card_choices":[{"not_picked":["hexamod:FastForward","hexamod:NightmareGuise"],"picked":"hexamod:Firestarter","floor":0},{"not_picked":["hexamod:SwordOfDarkness","hexamod:GhostOfSpireFuture"],"picked":"hexamod:Firestarter","floor":2},{"not_picked":["hexamod:SuperheatedStrike","hexamod:SkipABeat"],"picked":"hexamod:ExtraCrispy","floor":4},{"not_picked":["hexamod:RadiantFlame","hexamod:FlamesFromBeyond"],"picked":"hexamod:RainOfEmbers","floor":6},{"not_picked":["hexamod:GhostOfSpireFuture","hexamod:ShieldOfDarkness"],"picked":"hexamod:SwordOfDarkness","floor":9},{"not_picked":["hexamod:ParanormalForm","hexamod:PhantomCloak"],"picked":"hexamod:AdvancingGuard","floor":10},{"not_picked":["hexamod:InspiringFlames","hexamod:SuperheatedStrike"],"picked":"hexamod:PhantomFireball","floor":12},{"not_picked":["hexamod:HeatMetal","hexamod:ShieldOfDarkness","hexamod:SixthSeal"],"picked":"SKIP","floor":14},{"not_picked":["hexamod:InspiringFlames","hexamod:SuperheatedStrike"],"picked":"hexamod:ExtraCrispy","floor":15},{"not_picked":["hexamod:Toasty","hexamod:UnleashSpirits"],"picked":"hexamod:TimeWarp","floor":16},{"not_picked":["hexamod:GhostLash","hexamod:SpectersWail","hexamod:AdvancingGuard"],"picked":"SKIP","floor":19},{"not_picked":["hexamod:RecurringNightmare","hexamod:SwordOfDarkness"],"picked":"hexamod:SoulSteal","floor":20},{"not_picked":["hexamod:RainOfEmbers","hexamod:AdvancingGuard","hexamod:SuperheatedStrike"],"picked":"SKIP","floor":22},{"not_picked":["hexamod:HeatMetal+1","hexamod:NightmareGuise+1"],"picked":"hexamod:AdvancingGuard+1","floor":26},{"not_picked":["hexamod:EmpoweringStance","hexamod:NightmareGuise","hexamod:StepThrough"],"picked":"SKIP","floor":28},{"not_picked":["hexamod:NightmareStrike","hexamod:GhostOfSpirePresent+1","hexamod:NightmareGuise+1"],"picked":"SKIP","floor":30},{"not_picked":["hexamod:UnleashSpirits","hexamod:InspiringFlames","hexamod:NecessarySacrifice"],"picked":"SKIP","floor":31},{"not_picked":["hexamod:NightmareGuise","hexamod:ThirdSeal","hexamod:SuperheatedStrike"],"picked":"SKIP","floor":32},{"not_picked":[],"picked":"hexamod:RainOfEmbers+1","floor":36},{"not_picked":["hexamod:NightmareGuise"],"picked":"SKIP","floor":38},{"not_picked":["hexamod:HeatShield"],"picked":"SKIP","floor":39},{"not_picked":["hexamod:FastForward"],"picked":"SKIP","floor":40},{"not_picked":["hexamod:InspiringFlames"],"picked":"SKIP","floor":42},{"not_picked":[],"picked":"hexamod:Incineration+1","floor":43},{"not_picked":[],"picked":"hexamod:SpectralSpark","floor":46},{"not_picked":["hexamod:GhostOfSpirePresent+1"],"picked":"SKIP","floor":47},{"not_picked":["hexamod:Firestarter"],"picked":"SKIP","floor":48},{"not_picked":[],"picked":"hexamod:SwordOfDarkness+1","floor":49}],"player_experience":482727,"relics_obtained":[{"floor":7,"key":"Simple Rune"},{"floor":14,"key":"Calipers"},{"floor":24,"key":"Replay:Mystery Machine"},{"floor":31,"key":"Bag of Marbles"},{"floor":35,"key":"Strawberry"},{"floor":37,"key":"ReplayTheSpireMod:Ring of Addiction"},{"floor":37,"key":"White Beast Statue"},{"floor":37,"key":"SacredBark"},{"floor":41,"key":"PreservedInsect"},{"floor":47,"key":"Grinning Jar"}],"event_choices":[{"cards_removed":["hexamod:Haunt"],"damage_healed":0,"gold_gain":0,"player_choice":"Purged","damage_taken":0,"max_hp_gain":0,"max_hp_loss":0,"event_name":"Purifier","floor":13,"gold_loss":0},{"damage_healed":0,"gold_gain":0,"player_choice":"Got Potions","damage_taken":0,"max_hp_gain":0,"max_hp_loss":0,"event_name":"Lab","floor":21,"gold_loss":0},{"damage_healed":0,"gold_gain":0,"player_choice":"Ignored","damage_taken":0,"max_hp_gain":0,"max_hp_loss":0,"event_name":"betterNote:BetterNote","floor":25,"gold_loss":0,"cards_obtained":["champ:ShieldSlam"]},{"damage_healed":0,"gold_gain":0,"player_choice":"Upgraded","damage_taken":0,"max_hp_gain":0,"max_hp_loss":0,"event_name":"Upgrade Shrine","floor":44,"gold_loss":0,"cards_upgraded":["hexamod:SoulSteal"]}],"is_beta":false,"boss_relics":[{"not_picked":["Cursed Key","Calling Bell"],"picked":"ChewingGum"},{"not_picked":["SacredBark","Replay:Fungal Core"],"picked":"Busted Crown"}],"items_purged_floors":[10],"is_endless":false,"potions_floor_spawned":[9,12,14,15,30,32,38,39,40,42,43,46,47,48,49],"ascension_level":0}}