{"host":"bq4pt811tk9yrmjl","time":1610668594,"event":{"mods":["AchievementEnabler","BaseMod","Colored Map","Colored Powertips","Defuse TimeMaze Blight","Hermit","Minty Spire (QoL Compilation)","StSLib","SuperFastMode"],"gold_per_floor":[112,112,112,187,205,238,250,281,340,352,390,418,465,477,489,501,501],"floor_reached":16,"language":"ENG","playtime":245,"items_purged":[],"score":140,"play_id":"c16ee69a-d66a-49f9-ae1c-b19d81104633","local_time":"20210114215634","is_ascension_mode":true,"campfire_choices":[{"floor":7.0,"key":"RECALL"},{"data":"Berserk","floor":15,"key":"SMITH"}],"circlet_count":0,"master_deck":["Strike_R","Strike_R","Strike_R","Strike_R","Strike_R","Defend_R","Defend_R","Defend_R","Defend_R","Bash","Anger+1","Clash","Berserk+1"],"relics":["Burning Blood","NeowsBlessing","MawBank","Happy Flower","CeramicFish"],"acts_visited":["Exordium"],"potions_floor_usage":[13,13,16],"damage_taken":[{"damage":0.0,"enemies":"Jaw Worm","floor":1.0,"turns":1.0},{"damage":0.0,"enemies":"Small Slimes","floor":5.0,"turns":1.0},{"damage":0.0,"enemies":"Lagavulin","floor":6.0,"turns":1.0},{"damage":8.0,"enemies":"2 Louse","floor":8.0,"turns":3.0},{"damage":0.0,"enemies":"2 Fungi Beasts","floor":12.0,"turns":2.0},{"damage":17,"enemies":"3 Sentries","floor":13,"turns":7},{"damage":52,"enemies":"The Guardian","floor":16,"turns":13}],"seed_played":"465752419307223845","potions_obtained":[{"floor":1.0,"key":"SteroidPotion"},{"floor":5.0,"key":"Fire Potion"},{"floor":6.0,"key":"Energy Potion"},{"floor":12.0,"key":"SkillPotion"}],"is_trial":false,"path_per_floor":["M","$","?","?","M","E","R","M","T","?","T","M","E","?","R","B"],"character_chosen":"IRONCLAD","items_purchased":[],"campfire_rested":0,"item_purchase_floors":[],"current_hp_per_floor":[80,80,80,69,75,80,80,78,78,78,78,80,69,69,69,17,17],"gold":501,"neow_bonus":"THREE_ENEMY_KILL","is_daily":false,"chose_seed":false,"campfire_upgraded":1,"win_rate":0.0,"timestamp":1610668594,"path_taken":["M","$","?","?","M","E","R","M","T","?","?","M","E","?","R","BOSS"],"items_purchased_type":[],"build_version":"2020-12-22","purchased_purges":0,"victory":false,"max_hp_per_floor":[80,80,80,80,80,80,80,80,80,80,80,80,80,80,80,80,80],"card_choices":[{"not_picked":["Fire Breathing","Carnage"],"picked":"Anger","floor":1.0},{"not_picked":["Wild Strike","Infernal Blade","Body Slam"],"picked":"SKIP","floor":5.0},{"not_picked":["Cleave","Disarm","Shrug It Off"],"picked":"SKIP","floor":6.0},{"not_picked":["Sword Boomerang","Heavy Blade","Blood for Blood"],"picked":"SKIP","floor":8.0},{"not_picked":["Shrug It Off","Heavy Blade"],"picked":"Clash","floor":12.0},{"not_picked":["Anger","Flame Barrier"],"picked":"Berserk","floor":13}],"player_experience":160559,"relics_obtained":[{"floor":6.0,"key":"MawBank"},{"floor":11.0,"key":"Happy Flower"},{"floor":13,"key":"CeramicFish"}],"event_choices":[{"damage_healed":0.0,"max_hp_gain":0.0,"max_hp_loss":0.0,"gold_gain":0.0,"event_name":"Living Wall","player_choice":"Grow","floor":3.0,"gold_loss":0.0,"damage_taken":0.0,"cards_upgraded":["Anger"]},{"damage_healed":0.0,"max_hp_gain":0.0,"max_hp_loss":0.0,"gold_gain":75.0,"event_name":"World of Goop","player_choice":"Gather Gold","floor":4.0,"gold_loss":0.0,"damage_taken":11.0},{"damage_healed":0.0,"max_hp_gain":0.0,"max_hp_loss":0.0,"gold_gain":0.0,"event_name":"Golden Wing","player_choice":"Ignored","floor":10.0,"gold_loss":0.0,"damage_taken":0.0},{"damage_healed":0,"gold_gain":0,"player_choice":"Leave","damage_taken":0,"max_hp_gain":0,"max_hp_loss":0,"event_name":"The Cleric","floor":14,"gold_loss":0}],"is_beta":false,"boss_relics":[],"items_purged_floors":[],"is_endless":false,"potions_floor_spawned":[1,5,6,12],"killed_by":"The Guardian","ascension_level":1}}