{"host":"5padt50u07xd1iby","time":1610634600,"event":{"mods":["AchievementEnabler","Aspiration","BaseMod","Colored Map","Colored Powertips","Conspire","Dark Map","Downfall","Hubris","Minty Spire (QoL Compilation)","Replay The Spire","Retaliation","Shop Mod","StSLib","SuperFastMode","The Blue Laboratory","everything is the same but u backflip on backflip"],"gold_per_floor":[113,132,132,145,158,158,189,204,204,204,224,11,11,37,37,136,136,146,166,176,176,176],"floor_reached":21,"language":"ENG","playtime":1958,"items_purged":["Pain"],"score":243,"play_id":"67cf3b34-9001-4a23-be59-df024a0b7d94","local_time":"20210114153000","is_ascension_mode":false,"campfire_choices":[{"floor":6,"key":"RECALL"},{"floor":13,"key":"REST"},{"data":"Eruption","floor":15,"key":"SMITH"}],"circlet_count":0,"master_deck":["conspire:GhostlyStrike","conspire:GhostlyStrike","conspire:GhostlyStrike","conspire:GhostlyDefend","conspire:GhostlyDefend","conspire:GhostlyDefend","conspire:GhostlyDefend","Eruption+1","Vigilance","expansioncontent:Corrupt","Crescendo","Study","FearNoEvil","MasterReality","BowlingBash","Escape Plan","CutThroughFate","Replay:Cycle","expansioncontent:DefensiveMode","Devotion","SignatureMove","FlyingSleeves+1","Replay:AtTheReady+1"],"relics":["Tiny Chest","Replay:M_StaffOfTheSnake","ReplayTheSpireMod:CursedCoin","Replay:PocketPolymizer","Ornamental Fan","Painkiller Herb"],"acts_visited":["Exordium","TheCity"],"potions_floor_usage":[7,16,16],"damage_taken":[{"damage":0,"enemies":"2 Louse","floor":1,"turns":2},{"damage":0,"enemies":"Small Slimes","floor":2,"turns":3},{"damage":10,"enemies":"Jaw Worm","floor":4,"turns":3},{"damage":1,"enemies":"3 Louse","floor":5,"turns":2},{"damage":50,"enemies":"3 Sentries","floor":7,"turns":10},{"damage":13,"enemies":"Red Slaver","floor":8,"turns":3},{"damage":6,"enemies":"Looter","floor":11,"turns":3},{"damage":0,"enemies":"Lagavulin","floor":14,"turns":4},{"damage":26,"enemies":"Hexaghost","floor":16,"turns":9},{"damage":11,"enemies":"Spheric Guardian","floor":18,"turns":4},{"damage":0,"enemies":"Shell Parasite","floor":19,"turns":2},{"damage":42,"enemies":"3 Cultists","floor":20,"turns":4}],"seed_played":"-7889925649144956635","potions_obtained":[{"floor":1,"key":"BlessingOfTheForge"},{"floor":5,"key":"StancePotion"},{"floor":8,"key":"blueLaboratory:NullPotion"},{"floor":14,"key":"blueLaboratory:BottleOfVodka"},{"floor":16,"key":"FearPotion"},{"floor":20,"key":"LifebloodPotion"}],"is_trial":false,"path_per_floor":["M","M","?","M","M","R","E","M","T","?","M","$","R","E","R","B",null,"?","?","?","?"],"character_chosen":"WATCHER","items_purchased":["ReplayTheSpireMod:CursedCoin","Replay:PocketPolymizer"],"campfire_rested":1,"item_purchase_floors":[12,12],"current_hp_per_floor":[65,65,65,55,54,54,33,20,20,20,14,14,33,33,33,7,65,65,65,23,0,0],"gold":176,"neow_bonus":"RANDOM_COLORLESS_2","is_daily":false,"chose_seed":false,"campfire_upgraded":1,"win_rate":0.0,"timestamp":1610634600,"path_taken":["M","M","?","M","M","R","E","M","T","?","M","?","R","E","R","BOSS","?","?","?","?"],"items_purchased_type":["Relic","Relic"],"build_version":"2020-12-22","purchased_purges":1,"victory":false,"max_hp_per_floor":[65,65,65,65,65,65,65,65,65,65,65,65,65,65,65,65,65,65,65,65,65,65],"card_choices":[{"not_picked":["Secret Technique","expansioncontent:QuickStudy"],"picked":"expansioncontent:Corrupt","floor":0},{"not_picked":["Halt","EmptyFist"],"picked":"Crescendo","floor":1},{"not_picked":["Evaluate","FlyingSleeves"],"picked":"Study","floor":2},{"not_picked":["JustLucky","Replay:ManipulateFuture"],"picked":"PathToVictory","floor":4},{"not_picked":["JustLucky","SashWhip"],"picked":"FearNoEvil","floor":5},{"not_picked":["SashWhip","ReachHeaven"],"picked":"MasterReality","floor":7},{"not_picked":["CutThroughFate","Replay:ManipulateFuture"],"picked":"BowlingBash","floor":8},{"not_picked":["BowlingBash","EmptyMind"],"picked":"Escape Plan","floor":11},{"not_picked":["Predator","Protect"],"picked":"Replay:Cycle","floor":14},{"not_picked":["Night Terror","Vault"],"picked":"Devotion","floor":16},{"not_picked":["FlyingSleeves","Crescendo"],"picked":"SignatureMove","floor":18},{"not_picked":["ClearTheMind+1","Consecrate"],"picked":"FlyingSleeves+1","floor":19},{"not_picked":["Weave","EmptyBody"],"picked":"Replay:AtTheReady+1","floor":20}],"player_experience":111334,"relics_obtained":[{"floor":7,"key":"Tiny Chest"},{"floor":14,"key":"Ornamental Fan"}],"event_choices":[{"damage_healed":0,"gold_gain":0,"player_choice":"Agree","damage_taken":0,"max_hp_gain":0,"max_hp_loss":0,"event_name":"conspire:LoneGhost","floor":3,"gold_loss":0}],"is_beta":false,"boss_relics":[{"not_picked":["Calling Bell","hubris:RunicObelisk"],"picked":"Painkiller Herb"}],"items_purged_floors":[12],"is_endless":false,"potions_floor_spawned":[1,5,8,14,16,20],"killed_by":"Snecko","ascension_level":0}}