{"host":"krqozg1tp0zpuvz3","time":1610622630,"event":{"mods":["AchievementEnabler","BaseMod","Colored Map","DeckTracker","Keyboard Shortcuts","Minty Spire (QoL Compilation)","Permanent Neow","Relic Stats","Shop Mod","SuperFastMode"],"gold_per_floor":[113,130,130,142,67,67,102,102,102,67,78,78,112,129,129,202,202,213,47,97,114,130,130,146,146,173,173,123,139,155,155,155,155,155],"floor_reached":33,"language":"KOR","playtime":877,"items_purged":["Strike_B"],"score":501,"play_id":"9c0a7b0f-ec20-4dc5-b9fb-7fcf3505597d","local_time":"20210114201030","is_ascension_mode":true,"campfire_choices":[{"data":"Streamline","floor":6.0,"key":"SMITH"},{"floor":8.0,"key":"REST"},{"floor":15.0,"key":"REST"},{"floor":23,"key":"REST"},{"floor":25,"key":"REST"},{"data":"Consume","floor":27,"key":"SMITH"},{"floor":32,"key":"REST"}],"circlet_count":0,"master_deck":["AscendersBane","Strike_B","Strike_B","Strike_B","Defend_B","Defend_B","Defend_B","Zap","Dualcast","Capacitor","Leap","Streamline+1","Ball Lightning","Conserve Battery","BootSequence","Consume+1","Buffer","Chill+1","Defragment+1","Barrage","Ball Lightning","Reboot"],"relics":["Nuclear Battery","FossilizedHelix","Mercury Hourglass","Strawberry","Inserter","Runic Capacitor","Lantern"],"acts_visited":["Exordium","TheCity"],"potions_floor_usage":[21],"damage_taken":[{"damage":7.0,"enemies":"2 Louse","floor":1.0,"turns":3.0},{"damage":6.0,"enemies":"Cultist","floor":2.0,"turns":4.0},{"damage":1.0,"enemies":"Small Slimes","floor":4.0,"turns":4.0},{"damage":25.0,"enemies":"Lagavulin","floor":7.0,"turns":7.0},{"damage":12.0,"enemies":"Exordium Wildlife","floor":11.0,"turns":4.0},{"damage":15.0,"enemies":"3 Sentries","floor":13.0,"turns":6.0},{"damage":0.0,"enemies":"Red Slaver","floor":14.0,"turns":2.0},{"damage":10.0,"enemies":"The Guardian","floor":16.0,"turns":8.0},{"damage":15,"enemies":"Shell Parasite","floor":18,"turns":6},{"damage":22,"enemies":"Chosen","floor":21,"turns":6},{"damage":11,"enemies":"Snecko","floor":22,"turns":7},{"damage":24,"enemies":"Snake Plant","floor":24,"turns":5},{"damage":0,"enemies":"Centurion and Healer","floor":29,"turns":6},{"damage":5,"enemies":"Shelled Parasite and Fungi","floor":30,"turns":6},{"damage":78,"enemies":"Collector","floor":33,"turns":6}],"seed_played":"6681064071886886503","potions_obtained":[{"floor":1.0,"key":"EssenceOfSteel"},{"floor":7.0,"key":"Energy Potion"},{"floor":22,"key":"CultistPotion"},{"floor":30,"key":"Fire Potion"}],"is_trial":false,"path_per_floor":["M","M","?","M","$","R","E","R","T","?","M","$","E","M","R","B",null,"M","$","?","M","M","R","M","R","T","R","?","M","M","$","R","B"],"character_chosen":"DEFECT","items_purchased":["Runic Capacitor"],"campfire_rested":5,"item_purchase_floors":[19],"current_hp_per_floor":[57,51,51,50,50,50,25,46,46,63,51,51,43,43,66,56,73,58,58,58,36,25,48,24,47,47,47,47,47,42,42,65,0,0],"gold":155,"neow_bonus":"BOSS_RELIC","is_daily":false,"chose_seed":false,"campfire_upgraded":2,"win_rate":0.0,"timestamp":1610622630,"path_taken":["M","M","?","M","?","R","E","R","T","?","?","?","E","M","R","BOSS","BOSS","M","$","?","M","?","R","M","R","T","R","?","M","M","$","R","BOSS"],"items_purchased_type":["Relic"],"build_version":"2020-12-22","purchased_purges":1,"victory":false,"max_hp_per_floor":[71,71,71,71,71,71,71,71,71,71,71,71,78,78,78,78,78,78,78,78,78,78,78,78,78,78,78,78,78,78,78,78,78,78],"relic_stats":{"Inserter":[21],"counters":[15,79],"obtain_stats":[{"Lantern":26,"Inserter":17,"Strawberry":13,"Runic Capacitor":19,"Cracked Core":0,"FossilizedHelix":7,"Nuclear Battery":0,"Mercury Hourglass":9},{"Lantern":12,"Inserter":8,"Strawberry":6,"Runic Capacitor":9,"Cracked Core":0,"FossilizedHelix":4,"Nuclear Battery":0,"Mercury Hourglass":4},{"Lantern":62,"Inserter":38,"Strawberry":28,"Runic Capacitor":44,"Cracked Core":0,"FossilizedHelix":18,"Nuclear Battery":0,"Mercury Hourglass":18}],"Mercury Hourglass":[203]},"card_choices":[{"not_picked":["Gash","Doom and Gloom"],"picked":"Capacitor","floor":1.0},{"not_picked":["Steam","Force Field"],"picked":"Leap","floor":2.0},{"not_picked":["Stack","Heatsinks"],"picked":"Streamline","floor":4.0},{"not_picked":["Coolheaded","Sweeping Beam"],"picked":"Ball Lightning","floor":7.0},{"not_picked":["Steam","Skim"],"picked":"Conserve Battery","floor":11.0},{"not_picked":["Beam Cell","Double Energy"],"picked":"BootSequence","floor":13.0},{"not_picked":["Steam","Tempest"],"picked":"Consume","floor":14.0},{"not_picked":["Hyperbeam","Machine Learning"],"picked":"Buffer","floor":16},{"not_picked":["Go for the Eyes","Tempest"],"picked":"Chill+1","floor":18},{"not_picked":["Steam","Chaos"],"picked":"Defragment","floor":21},{"not_picked":["Streamline+1","Rebound"],"picked":"Barrage","floor":22},{"not_picked":["Aggregate","Compile Driver"],"picked":"Ball Lightning","floor":24},{"not_picked":["Hologram","Sweeping Beam","Stack"],"picked":"SKIP","floor":29},{"not_picked":["Beam Cell","Go for the Eyes"],"picked":"Reboot","floor":30}],"player_experience":285616,"relics_obtained":[{"floor":7.0,"key":"FossilizedHelix"},{"floor":9.0,"key":"Mercury Hourglass"},{"floor":13.0,"key":"Strawberry"},{"floor":26,"key":"Lantern"}],"event_choices":[{"cards_removed":["Defend_B"],"damage_healed":0.0,"max_hp_gain":0.0,"max_hp_loss":0.0,"gold_gain":0.0,"event_name":"Bonfire Elementals","player_choice":"Offered Basic","floor":3.0,"gold_loss":0.0,"damage_taken":0.0},{"damage_healed":17.0,"max_hp_gain":0.0,"max_hp_loss":0.0,"gold_gain":0.0,"event_name":"The Cleric","player_choice":"Healed","floor":10.0,"gold_loss":35.0,"damage_taken":0.0},{"damage_healed":0,"gold_gain":50,"player_choice":"Pray","damage_taken":0,"max_hp_gain":0,"max_hp_loss":0,"event_name":"Golden Shrine","floor":20,"gold_loss":0},{"damage_healed":0,"gold_gain":0,"player_choice":"Upgrade","damage_taken":0,"max_hp_gain":0,"max_hp_loss":0,"event_name":"Designer","floor":28,"gold_loss":50,"cards_upgraded":["Defragment"]}],"is_beta":false,"boss_relics":[{"not_picked":["Cursed Key","Sozu"],"picked":"Inserter"}],"items_purged_floors":[5],"is_endless":false,"potions_floor_spawned":[1,7,14,22,24,30],"killed_by":"Collector","ascension_level":19}}