{"host":"ibonnlq6s1c814xj","time":1610604551,"event":{"mods":["BaseMod","BetterRewards","Good Game Mod","Minty Spire (QoL Compilation)","Shop Mod","【功能Mod】聪明的最终Boss"],"gold_per_floor":[111,111,111,71,90,90,129,148,148,98,116,116,116,190,190,321,321,334,349,113,113,137,137,236,236,263,263,188,213,213,213,213,339,339,360,43,56,56,71,71,71,84,84,124,138,181,181,181,181],"floor_reached":48,"language":"ZHS","playtime":2396,"items_purged":["Strike_G","Heel Hook+1","Writhe"],"score":562,"play_id":"ec5722c8-84a5-411d-b853-3b8eb1d03846","local_time":"20210114140911","is_ascension_mode":true,"campfire_choices":[{"data":"Infinite Blades","floor":6,"key":"SMITH"},{"data":"Accuracy","floor":12,"key":"SMITH"},{"floor":15,"key":"REST"},{"data":"After Image","floor":23,"key":"SMITH"},{"data":"Terror","floor":25,"key":"SMITH"},{"data":"Storm of Steel","floor":27,"key":"SMITH"},{"data":"Blade Dance","floor":32,"key":"SMITH"},{"data":"Cloak And Dagger","floor":40,"key":"SMITH"},{"data":"Blade Dance","floor":47,"key":"SMITH"}],"circlet_count":0,"master_deck":["Defend_G","Defend_G","Defend_G","Defend_G","Defend_G","Survivor","Neutralize","Infinite Blades+1","Accuracy+1","Blade Dance+1","Terror+1","Cloak And Dagger+1","After Image+1","Malaise+1","Accuracy+1","Accuracy","Blade Dance+1","Storm of Steel+1","Infinite Blades+1","Corpse Explosion"],"relics":["Ring of the Snake","REME:ComplimentaryCards","Golden Idol","Dead Branch","Oddly Smooth Stone","Meat on the Bone","MerchantsRug","SlaversCollar","Tough Bandages","Darkstone Periapt","Potion Belt","Toxic Egg 2"],"acts_visited":["Exordium","TheCity","TheBeyond"],"potions_floor_usage":[18],"damage_taken":[{"damage":0,"enemies":"2 Louse","floor":1,"turns":3},{"damage":5,"enemies":"Jaw Worm","floor":5,"turns":5},{"damage":28,"enemies":"Gremlin Nob","floor":7,"turns":4},{"damage":0,"enemies":"Cultist","floor":8,"turns":3},{"damage":6,"enemies":"2 Fungi Beasts","floor":11,"turns":3},{"damage":20,"enemies":"Lagavulin Event","floor":14,"turns":5},{"damage":30,"enemies":"The Guardian","floor":16,"turns":5},{"damage":7,"enemies":"Spheric Guardian","floor":18,"turns":4},{"damage":0,"enemies":"3 Byrds","floor":19,"turns":2},{"damage":13,"enemies":"Sentry and Sphere","floor":22,"turns":4},{"damage":11,"enemies":"Centurion and Healer","floor":29,"turns":3},{"damage":14,"enemies":"Automaton","floor":33,"turns":6},{"damage":3,"enemies":"Orb Walker","floor":35,"turns":3},{"damage":14,"enemies":"3 Darklings","floor":37,"turns":3},{"damage":17,"enemies":"Writhing Mass","floor":39,"turns":5},{"damage":16,"enemies":"Sphere and 2 Shapes","floor":42,"turns":3},{"damage":9,"enemies":"Nemesis","floor":44,"turns":3},{"damage":10,"enemies":"Transient","floor":45,"turns":5},{"damage":10,"enemies":"Giant Head","floor":46,"turns":4}],"seed_played":"2666797333065763591","potions_obtained":[{"floor":8,"key":"Swift Potion"},{"floor":14,"key":"Block Potion"},{"floor":19,"key":"GamblersBrew"},{"floor":29,"key":"EssenceOfSteel"},{"floor":33,"key":"Weak Potion"},{"floor":35,"key":"GhostInAJar"},{"floor":39,"key":"BlessingOfTheForge"}],"is_trial":false,"path_per_floor":["M","?","T","$","M","R","E","M","T","?","M","R","?","?","R","B",null,"M","M","$","?","M","R","?","R","T","R","?","M","?","?","R","B",null,"M","$","M","$","M","R","?","M","T","E","M","E","R","M"],"character_chosen":"THE_SILENT","items_purchased":["Accuracy","MerchantsRug","Blade Dance","Tough Bandages"],"campfire_rested":1,"item_purchase_floors":[4,20,20,36],"current_hp_per_floor":[70,70,70,70,65,65,37,37,37,37,43,43,36,28,49,31,70,63,63,63,63,50,50,50,50,50,50,50,39,39,39,39,37,70,67,67,53,53,36,36,36,32,32,35,37,39,39,0,0],"gold":181,"neow_bonus":"","is_daily":false,"chose_seed":false,"campfire_upgraded":8,"win_rate":0.0,"timestamp":1610604551,"path_taken":["M","?","?","?","?","R","E","M","T","?","M","R","?","?","R","BOSS","M","M","$","?","?","R","?","R","T","R","?","M","?","?","R","BOSS","M","?","M","$","M","R","?","M","T","E","M","E","R","M"],"items_purchased_type":["Card","Relic","Card","Relic"],"build_version":"2020-12-22","purchased_purges":3,"victory":false,"max_hp_per_floor":[70,70,70,70,70,70,70,70,70,70,70,70,70,70,70,70,70,70,70,70,70,70,70,70,70,70,70,70,70,70,70,70,70,70,70,70,70,70,70,70,70,70,70,70,70,70,70,70,70],"card_choices":[{"not_picked":["Acrobatics","PiercingWail","Tactician"],"picked":"SKIP","floor":1},{"not_picked":["Cloak And Dagger","Sucker Punch"],"picked":"Blade Dance","floor":5},{"not_picked":["Heel Hook","Backstab"],"picked":"Terror","floor":7},{"not_picked":["Dodge and Roll","Prepared"],"picked":"Cloak And Dagger","floor":8},{"not_picked":["Bane","Bouncing Flask","Crippling Poison"],"picked":"SKIP","floor":11},{"not_picked":["Wraith Form v2","Night Terror"],"picked":"After Image","floor":16},{"not_picked":["Endless Agony","Choke","Sucker Punch"],"picked":"SKIP","floor":18},{"not_picked":["Expertise","Cloak And Dagger"],"picked":"Accuracy","floor":19},{"not_picked":["Sucker Punch","Leg Sweep","Deflect+1"],"picked":"SKIP","floor":22},{"not_picked":["Cloak And Dagger","Choke","Underhanded Strike+1"],"picked":"SKIP","floor":29},{"not_picked":["Phantasmal Killer","Doppelganger"],"picked":"Corpse Explosion","floor":33},{"not_picked":["Masterful Stab","Dagger Throw","Prepared"],"picked":"SKIP","floor":35},{"not_picked":["Dagger Spray","Outmaneuver","Choke+1"],"picked":"SKIP","floor":37},{"not_picked":["Masterful Stab+1","Underhanded Strike","PiercingWail+1"],"picked":"SKIP","floor":39},{"not_picked":["Reflex+1","Underhanded Strike","Dodge and Roll+1"],"picked":"SKIP","floor":42},{"not_picked":["Deflect","All Out Attack+1","Blade Dance"],"picked":"SKIP","floor":44},{"not_picked":["Riddle With Holes","Prepared","Masterful Stab+1"],"picked":"SKIP","floor":45},{"not_picked":["Eviscerate","PiercingWail+1","Quick Slash+1"],"picked":"SKIP","floor":46}],"player_experience":193394,"relics_obtained":[{"floor":3,"key":"Dead Branch"},{"floor":7,"key":"Oddly Smooth Stone"},{"floor":9,"key":"Meat on the Bone"},{"floor":26,"key":"Boot"},{"floor":43,"key":"Darkstone Periapt"},{"floor":44,"key":"Potion Belt"},{"floor":46,"key":"Toxic Egg 2"}],"event_choices":[{"damage_healed":0,"gold_gain":0,"player_choice":"Take Wound","damage_taken":0,"relics_obtained":["Golden Idol"],"max_hp_gain":0,"max_hp_loss":0,"event_name":"Golden Idol","floor":2,"gold_loss":0,"cards_obtained":["Injury"]},{"cards_removed":["Strike_G"],"damage_healed":0,"gold_gain":0,"player_choice":"Card Removal","damage_taken":0,"max_hp_gain":0,"max_hp_loss":0,"event_name":"The Cleric","floor":10,"gold_loss":50},{"cards_removed":["Injury"],"damage_healed":0,"gold_gain":0,"player_choice":"Card Removal","damage_taken":7,"max_hp_gain":0,"max_hp_loss":0,"event_name":"Golden Wing","floor":13,"gold_loss":0},{"damage_healed":0,"gold_gain":30,"player_choice":"Searched \u00273\u0027 times","damage_taken":0,"relics_obtained":["Art of War"],"max_hp_gain":0,"max_hp_loss":0,"event_name":"Dead Adventurer","floor":14,"gold_loss":0},{"damage_healed":0,"gold_gain":0,"player_choice":"2 cards matched","damage_taken":0,"max_hp_gain":0,"max_hp_loss":0,"event_name":"Match and Keep!","floor":21,"gold_loss":0,"cards_obtained":["Acrobatics","Storm of Steel"]},{"damage_healed":0,"gold_gain":99,"player_choice":"Stole From Cult","damage_taken":0,"max_hp_gain":0,"max_hp_loss":0,"event_name":"Nest","floor":24,"gold_loss":0},{"cards_removed":["Acrobatics"],"damage_healed":0,"gold_gain":0,"player_choice":"Gave Gold","damage_taken":0,"max_hp_gain":0,"max_hp_loss":0,"event_name":"Beggar","floor":28,"gold_loss":75},{"damage_healed":0,"gold_gain":0,"player_choice":"Opened","damage_taken":0,"relics_obtained":["White Beast Statue"],"max_hp_gain":0,"max_hp_loss":0,"event_name":"The Mausoleum","floor":30,"gold_loss":0,"cards_obtained":["Writhe"]},{"damage_healed":0,"gold_gain":0,"player_choice":"Copied","damage_taken":0,"max_hp_gain":0,"max_hp_loss":0,"event_name":"Duplicator","floor":31,"gold_loss":0,"cards_obtained":["Infinite Blades"]},{"damage_healed":0,"gold_gain":0,"player_choice":"Ignored","damage_taken":0,"max_hp_gain":0,"max_hp_loss":0,"event_name":"Tomb of Lord Red Mask","floor":41,"gold_loss":0}],"is_beta":false,"boss_relics":[{"not_picked":["Sozu","Cursed Key"],"picked":"Astrolabe"},{"not_picked":["Philosopher\u0027s Stone","Fusion Hammer"],"picked":"SlaversCollar"}],"items_purged_floors":[0,20,36],"is_endless":false,"potions_floor_spawned":[8,14,19,29,33,35,39],"killed_by":"4 Shapes","ascension_level":1}}