{"host":"7k7fhzlbqzyu5ijh","time":1610603927,"event":{"mods":["AchievementEnabler","BaseMod","Bestiary","Colored Powertips","Filter the Spire","Highlight Path","Minty Spire (QoL Compilation)","Potion Indicator Mod","RNG Fix","Relic Stats"],"gold_per_floor":[117,117,130,148,148,179,198,198,198,198,232,232,266,291,291,390,390,406,426,4,18,18,46,46,72,72,106,6,39,53,53,53,153,153,164,15,60,60,79,79,107,120,170,200,210,543,560,587,587,587,587,587,13,40,40],"floor_reached":56,"language":"ENG","playtime":3254,"items_purged":["Strike_R","Normality","Regret"],"score":2024,"play_id":"9c7c6a49-6a54-4bd3-bcaa-d83b15618c42","local_time":"20210114005847","is_ascension_mode":true,"campfire_choices":[{"data":"Uppercut","floor":8,"key":"SMITH"},{"data":"Seeing Red","floor":12,"key":"SMITH"},{"data":"Rupture","floor":15,"key":"SMITH"},{"data":"Whirlwind","floor":24,"key":"SMITH"},{"data":"Inflame","floor":32,"key":"SMITH"},{"floor":40,"key":"RECALL"},{"data":"Combust","floor":49,"key":"SMITH"},{"data":"Shrug It Off","floor":52,"key":"SMITH"}],"circlet_count":0,"master_deck":["Strike_R+1","Strike_R+1","Strike_R+1","Strike_R+1","Defend_R+1","Defend_R+1","Defend_R+1","Defend_R+1","Bash+1","Rupture+1","Uppercut+1","Offering","Shrug It Off+1","Seeing Red+1","Twin Strike","Bloodletting","Reaper+1","Pommel Strike+1","Inflame+1","Cleave","Whirlwind+1","Pummel","Fiend Fire","Disarm+1","Sword Boomerang+1","Combust+1","Battle Trance","Dark Embrace","Impervious"],"relics":["Burning Blood","Pen Nib","Bird Faced Urn","Pear","Orichalcum","Vajra","Dream Catcher","Odd Mushroom","Cursed Key","Akabeko","Chemical X","Toy Ornithopter","Mercury Hourglass","Thread and Needle","Eternal Feather","Red Mask","Black Star","PreservedInsect","Dead Branch","Smiling Mask","Ancient Tea Set","Champion Belt","Nunchaku","The Courier","Old Coin","Red Skull","Omamori","Pantograph","Whetstone","Torii","Bag of Preparation"],"acts_visited":["Exordium","TheCity","TheBeyond","TheEnding"],"potions_floor_usage":[6,16,19,19,23,25,33,46,47,50,50,55,55,55],"damage_taken":[{"damage":6,"enemies":"Cultist","floor":1,"turns":4},{"damage":4,"enemies":"Small Slimes","floor":3,"turns":4},{"damage":6,"enemies":"Jaw Worm","floor":4,"turns":4},{"damage":45,"enemies":"3 Sentries","floor":6,"turns":9},{"damage":15,"enemies":"Gremlin Gang","floor":7,"turns":6},{"damage":24,"enemies":"Lagavulin","floor":11,"turns":7},{"damage":6,"enemies":"Gremlin Nob","floor":13,"turns":3},{"damage":8,"enemies":"The Mushroom Lair","floor":14,"turns":3},{"damage":18,"enemies":"Hexaghost","floor":16,"turns":8},{"damage":0,"enemies":"Chosen","floor":18,"turns":4},{"damage":6,"enemies":"Shell Parasite","floor":19,"turns":2},{"damage":9,"enemies":"Snake Plant","floor":21,"turns":4},{"damage":6,"enemies":"Slavers","floor":23,"turns":5},{"damage":19,"enemies":"Book of Stabbing","floor":25,"turns":5},{"damage":0,"enemies":"Gremlin Leader","floor":27,"turns":3},{"damage":6,"enemies":"Masked Bandits","floor":29,"turns":1},{"damage":0,"enemies":"Snecko","floor":30,"turns":2},{"damage":25,"enemies":"Automaton","floor":33,"turns":5},{"damage":19,"enemies":"3 Darklings","floor":35,"turns":4},{"damage":6,"enemies":"2 Orb Walkers","floor":37,"turns":2},{"damage":0,"enemies":"Orb Walker","floor":39,"turns":1},{"damage":6,"enemies":"Nemesis","floor":41,"turns":1},{"damage":9,"enemies":"3 Darklings","floor":42,"turns":2},{"damage":5,"enemies":"Giant Head","floor":44,"turns":5},{"damage":15,"enemies":"Transient","floor":45,"turns":5},{"damage":22,"enemies":"Nemesis","floor":46,"turns":3},{"damage":24,"enemies":"Maw","floor":47,"turns":5},{"damage":1,"enemies":"Giant Head","floor":48,"turns":4},{"damage":63,"enemies":"Donu and Deca","floor":50,"turns":6},{"damage":6,"enemies":"Shield and Spear","floor":54,"turns":1},{"damage":100,"enemies":"The Heart","floor":55,"turns":7}],"seed_played":"-4070372770169490833","potions_obtained":[{"floor":1,"key":"FearPotion"},{"floor":11,"key":"Dexterity Potion"},{"floor":14,"key":"Explosive Potion"},{"floor":18,"key":"AttackPotion"},{"floor":23,"key":"SneckoOil"},{"floor":27,"key":"ElixirPotion"},{"floor":30,"key":"FearPotion"},{"floor":44,"key":"EssenceOfSteel"},{"floor":47,"key":"Fire Potion"},{"floor":48,"key":"AttackPotion"}],"is_trial":false,"path_per_floor":["M","?","M","M","?","E","M","R","T","?","E","R","E","?","R","B",null,"M","M","$","M","?","E","R","E","T","E","$","?","M","?","R","B",null,"M","$","?","?","M","R","E","M","T","E","M","E","M","E","R","B",null,"R","$","E","B",null],"character_chosen":"IRONCLAD","items_purchased":["Akabeko","Chemical X","Swift Potion","PreservedInsect","Battle Trance","Pantograph","Swift Potion","SkillPotion","BlessingOfTheForge","Whetstone","Dark Embrace"],"campfire_rested":0,"item_purchase_floors":[20,20,20,36,53,53,53,53,53,53,53],"current_hp_per_floor":[72,72,74,74,79,40,31,31,41,41,25,25,25,23,23,13,75,88,95,95,95,95,95,95,95,95,95,95,95,95,95,95,83,92,89,89,95,90,90,90,90,89,89,90,90,74,69,76,90,63,83,90,90,90,41],"gold":40,"neow_bonus":"RANDOM_COMMON_RELIC","is_daily":false,"chose_seed":false,"campfire_upgraded":7,"win_rate":0.0,"timestamp":1610603927,"path_taken":["M","?","M","M","?","E","M","R","T","?","E","R","E","?","R","BOSS","M","M","$","M","?","E","R","E","T","E","$","?","?","?","R","BOSS","M","$","?","?","?","R","E","M","T","E","M","E","M","E","R","BOSS","R","$","E","BOSS"],"items_purchased_type":["Relic","Relic","Potion","Relic","Card","Relic","Potion","Potion","Potion","Relic","Card"],"build_version":"2020-12-22","purchased_purges":3,"victory":true,"max_hp_per_floor":[80,80,80,80,85,85,85,85,95,95,95,95,95,95,95,95,95,95,95,95,95,95,95,95,95,95,95,95,95,95,95,95,95,95,95,95,95,90,90,90,90,90,90,90,90,90,90,90,90,90,90,90,90,90,90],"relic_stats":{"Torii":21,"counters":[31,125],"Dead Branch":[53],"Eternal Feather":21,"Pen Nib":[23],"PreservedInsect":412,"Bag of Preparation":[2],"Whetstone":["Reaper","Bash"],"Orichalcum":[216],"Cursed Key":2,"Smiling Mask":50,"Burning Blood":154,"Mercury Hourglass":[227],"Dream Catcher":0,"Nunchaku":[6],"Bird Faced Urn":[49],"Pantograph":0,"Black Star":5,"Chemical X":[19],"Champion Belt":[5],"obtain_stats":[{"Torii":54,"Vajra":11,"Bag of Preparation":54,"Whetstone":53,"Cursed Key":17,"Smiling Mask":41,"Ancient Tea Set":41,"Burning Blood":0,"Old Coin":46,"Dream Catcher":13,"Nunchaku":44,"Pantograph":53,"Red Mask":29,"Chemical X":20,"Red Skull":48,"Pear":9,"Dead Branch":37,"Thread and Needle":26,"Eternal Feather":27,"Pen Nib":0,"PreservedInsect":36,"The Courier":46,"Omamori":48,"Orichalcum":10,"Odd Mushroom":14,"Akabeko":20,"Mercury Hourglass":25,"Bird Faced Urn":6,"Black Star":34,"Champion Belt":44,"Toy Ornithopter":23},{"Torii":30,"Vajra":6,"Bag of Preparation":30,"Whetstone":29,"Cursed Key":9,"Smiling Mask":22,"Ancient Tea Set":22,"Burning Blood":0,"Old Coin":26,"Dream Catcher":7,"Nunchaku":24,"Pantograph":29,"Red Mask":16,"Chemical X":11,"Red Skull":28,"Pear":5,"Dead Branch":20,"Thread and Needle":14,"Eternal Feather":15,"Pen Nib":0,"PreservedInsect":19,"The Courier":26,"Omamori":28,"Orichalcum":5,"Odd Mushroom":8,"Akabeko":11,"Mercury Hourglass":14,"Bird Faced Urn":4,"Black Star":18,"Champion Belt":24,"Toy Ornithopter":13},{"Torii":118,"Vajra":34,"Bag of Preparation":118,"Whetstone":117,"Cursed Key":48,"Smiling Mask":87,"Ancient Tea Set":87,"Burning Blood":0,"Old Coin":102,"Dream Catcher":37,"Nunchaku":94,"Pantograph":117,"Red Mask":72,"Chemical X":54,"Red Skull":111,"Pear":27,"Dead Branch":85,"Thread and Needle":68,"Eternal Feather":71,"Pen Nib":0,"PreservedInsect":83,"The Courier":102,"Omamori":111,"Orichalcum":27,"Odd Mushroom":40,"Akabeko":54,"Mercury Hourglass":68,"Bird Faced Urn":21,"Black Star":79,"Champion Belt":94,"Toy Ornithopter":63}],"Toy Ornithopter":29},"card_choices":[{"not_picked":["Anger","Clothesline"],"picked":"Rupture","floor":1},{"not_picked":["Intimidate","Body Slam"],"picked":"Uppercut","floor":3},{"not_picked":["Armaments","Fire Breathing","Dual Wield"],"picked":"SKIP","floor":4},{"not_picked":["Shockwave","Whirlwind"],"picked":"Offering","floor":6},{"not_picked":["Body Slam","Warcry"],"picked":"Shrug It Off","floor":7},{"not_picked":["Armaments","Clothesline"],"picked":"Seeing Red","floor":11},{"not_picked":["Rupture","Anger"],"picked":"Twin Strike","floor":13},{"not_picked":["Intimidate","Armaments"],"picked":"Bloodletting","floor":14},{"not_picked":["Bludgeon","Offering"],"picked":"Reaper","floor":16},{"not_picked":["Metallicize","Iron Wave"],"picked":"Pommel Strike+1","floor":18},{"not_picked":["Thunderclap","Seeing Red"],"picked":"Inflame","floor":19},{"not_picked":["Uppercut+1","Twin Strike"],"picked":"Cleave","floor":21},{"not_picked":["Combust","Berserk"],"picked":"Whirlwind","floor":23},{"not_picked":["Berserk","Perfected Strike+1","Evolve"],"picked":"SKIP","floor":25},{"not_picked":["Sentinel+1","Feel No Pain+1","Anger"],"picked":"SKIP","floor":27},{"not_picked":["Iron Wave+1","Twin Strike"],"picked":"Pummel","floor":30},{"not_picked":["Corruption","Reaper"],"picked":"Fiend Fire","floor":33},{"not_picked":["Pommel Strike+1","Armaments","Wild Strike"],"picked":"SKIP","floor":35},{"not_picked":["Twin Strike+1","Shockwave","Havoc+1"],"picked":"SKIP","floor":39},{"not_picked":["Metallicize","Flame Barrier+1"],"picked":"Disarm+1","floor":41},{"not_picked":["Clash","Metallicize","Pommel Strike"],"picked":"SKIP","floor":42},{"not_picked":["Exhume","Clothesline+1"],"picked":"Sword Boomerang+1","floor":44},{"not_picked":["Havoc+1","Sword Boomerang"],"picked":"Combust","floor":45},{"not_picked":["Seeing Red+1","Headbutt","Fire Breathing+1"],"picked":"SKIP","floor":46},{"not_picked":["Feel No Pain","Pommel Strike","Intimidate+1"],"picked":"SKIP","floor":47},{"not_picked":["Pummel","Sword Boomerang+1","Dropkick+1"],"picked":"SKIP","floor":48},{"not_picked":["Rage+1","Rupture"],"picked":"Impervious","floor":54}],"player_experience":434243,"relics_obtained":[{"floor":6,"key":"Bird Faced Urn"},{"floor":9,"key":"Pear"},{"floor":11,"key":"Vajra"},{"floor":13,"key":"Dream Catcher"},{"floor":14,"key":"Odd Mushroom"},{"floor":23,"key":"Toy Ornithopter"},{"floor":25,"key":"Mercury Hourglass"},{"floor":26,"key":"Thread and Needle"},{"floor":27,"key":"Eternal Feather"},{"floor":29,"key":"Red Mask"},{"floor":37,"key":"Dead Branch"},{"floor":41,"key":"Smiling Mask"},{"floor":41,"key":"Ancient Tea Set"},{"floor":44,"key":"Champion Belt"},{"floor":44,"key":"Nunchaku"},{"floor":46,"key":"The Courier"},{"floor":46,"key":"Old Coin"},{"floor":48,"key":"Red Skull"},{"floor":48,"key":"Omamori"},{"floor":54,"key":"Torii"},{"floor":54,"key":"Bag of Preparation"}],"event_choices":[{"damage_healed":0,"gold_gain":0,"player_choice":"Ignored","damage_taken":0,"max_hp_gain":0,"max_hp_loss":0,"event_name":"Liars Game","floor":2,"gold_loss":0},{"damage_healed":0,"gold_gain":0,"player_choice":"Donut","damage_taken":0,"max_hp_gain":5,"max_hp_loss":0,"event_name":"Big Fish","floor":5,"gold_loss":0},{"damage_healed":0,"gold_gain":0,"player_choice":"Searched \u00271\u0027 times","damage_taken":0,"relics_obtained":["Orichalcum"],"max_hp_gain":0,"max_hp_loss":0,"event_name":"Dead Adventurer","floor":10,"gold_loss":0},{"damage_healed":0,"gold_gain":0,"player_choice":"Fought Mushrooms","damage_taken":0,"max_hp_gain":0,"max_hp_loss":0,"event_name":"Mushrooms","floor":14,"gold_loss":0},{"damage_healed":0,"gold_gain":0,"player_choice":"Simplicity","damage_taken":0,"max_hp_gain":0,"max_hp_loss":0,"event_name":"Back to Basics","floor":22,"gold_loss":0,"cards_upgraded":["Strike_R","Strike_R","Strike_R","Strike_R","Defend_R","Defend_R","Defend_R","Defend_R"]},{"damage_healed":0,"gold_gain":0,"player_choice":"Fought Bandits","damage_taken":0,"max_hp_gain":0,"max_hp_loss":0,"event_name":"Masked Bandits","floor":29,"gold_loss":0},{"damage_healed":0,"gold_gain":0,"player_choice":"Fight","damage_taken":0,"max_hp_gain":0,"max_hp_loss":0,"event_name":"Mysterious Sphere","floor":37,"gold_loss":0},{"damage_healed":0,"gold_gain":0,"player_choice":"Max HP","damage_taken":0,"max_hp_gain":0,"max_hp_loss":5,"event_name":"Winding Halls","floor":38,"gold_loss":0}],"is_beta":false,"boss_relics":[{"not_picked":["Sozu","Pandora\u0027s Box"],"picked":"Cursed Key"},{"not_picked":["Velvet Choker","Fusion Hammer"],"picked":"Black Star"}],"items_purged_floors":[20,28,53],"is_endless":false,"potions_floor_spawned":[1,11,14,18,23,27,30,44,47,48],"ascension_level":7}}