{"host":"jfbo3eu2ui08ej1u","time":1610606016,"event":{"mods":["2.2 Compatiblity","AchievementEnabler","Act Like it!","Aspiration","BaseMod","Better Altar","Better Match","Better Note","Better Sensory Stone","Better Skull","Better Third Choice","Block Reminder","Colored Map","Colored Powertips","Conspire","DeckTracker","Displayed Cursed Tome","Downfall","Energized Spire","Fox Events","GifTheSpireLib","Hubris","Infinite Spire","Marked Mod","Minty Spire (QoL Compilation)","Pale of the Ancients","Quick Restart","RRrroohrrRGHHhhh!!","Relic Filter","Reorder Act Four","Replay The Spire","Shop Mod","Spicy Shops","StSLib","Stuff the Spire","The Blue Laboratory","The Disciple","The Forsaken","The Hierophant","The Marked","Uncapped","Unceasing Turn Reminder","Wandering Minibosses"],"gold_per_floor":[99,113,130,144,161,176,231,247,247,31,45,61,90,21,25,25,25],"floor_reached":16,"language":"ENG","playtime":1017,"items_purged":["sneckomod:Strike"],"score":133,"play_id":"8501c22a-570a-478e-a224-a9d98505734e","local_time":"20210114013336","is_ascension_mode":false,"campfire_choices":[{"data":"sneckomod:TailWhip","floor":1,"key":"SMITH"}],"circlet_count":0,"master_deck":["sneckomod:Strike","sneckomod:Strike+1","sneckomod:Defend","sneckomod:Defend","sneckomod:Defend","sneckomod:TailWhip+1","sneckomod:SnekBite","sneckomod:Unknown","sneckomod:Unknown","sneckomod:Unknown0Cost","sneckomod:UnknownRareSkill","sneckomod:SlitherStrike+1","sneckomod:IronFang","sneckomod:UnknownBlock","sneckomod:DiceBlock","sneckomod:WideSting","sneckomod:UnlimitedRolls","sneckomod:Unknown2Cost","sneckomod:UnknownClassINFINITE_BLACK","sneckomod:DiceBlock","sneckomod:UnknownClassHEXA_GHOST_PURPLE","sneckomod:UnknownClassHEXA_GHOST_PURPLE","sneckomod:UnknownCommonSkill"],"relics":["sneckomod:SneckoSoul","Bag of Preparation","FaceOfCleric","Whetstone","aspiration:ChemicalBlood"],"acts_visited":["Exordium"],"potions_floor_usage":[12,16],"damage_taken":[{"damage":8,"enemies":"Jaw Worm","floor":2,"turns":2},{"damage":2,"enemies":"Cultist","floor":3,"turns":6},{"damage":6,"enemies":"Small Slimes","floor":4,"turns":5},{"damage":10,"enemies":"3 Louse","floor":5,"turns":3},{"damage":9,"enemies":"Red Slaver","floor":6,"turns":3},{"damage":4,"enemies":"2 Fungi Beasts","floor":8,"turns":3},{"damage":0,"enemies":"downfall:FleeingMerchant","floor":10,"turns":4},{"damage":0,"enemies":"Blue Slaver","floor":11,"turns":3},{"damage":24,"enemies":"Gremlin Gang","floor":12,"turns":6},{"damage":17,"enemies":"Lagavulin","floor":13,"turns":4},{"damage":12,"enemies":"downfall:FleeingMerchant","floor":14,"turns":6},{"damage":2,"enemies":"3 Louse","floor":15,"turns":4},{"damage":30,"enemies":"downfall:Ironclad","floor":16,"turns":8}],"seed_played":"6658613296045039676","potions_obtained":[{"floor":2,"key":"blueLaboratory:PhilterOfMotion"},{"floor":4,"key":"Ancient Potion"},{"floor":15,"key":"blueLaboratory:PyrophylliteBrew"},{"floor":16,"key":"blueLaboratory:EmptyBottle"}],"is_trial":false,"path_per_floor":["R","M","M","M","M","M","T","M","?","$","M","M","E","$","M","B"],"character_chosen":"THE_SNECKO","items_purchased":["Whetstone","blueLaboratory:FruitPunch","sneckomod:UnknownClassHEXA_GHOST_PURPLE"],"campfire_rested":0,"item_purchase_floors":[10,10,14],"current_hp_per_floor":[99,92,91,85,75,67,67,67,67,68,69,49,34,27,27,0,0],"gold":25,"neow_bonus":"TEN_PERCENT_HP_BONUS","is_daily":false,"chose_seed":false,"campfire_upgraded":1,"win_rate":0.0,"timestamp":1610606016,"path_taken":["R","M","M","M","M","M","T","M","?","$","?","M","E","$","M","BOSS"],"items_purchased_type":["Relic","Potion","Card"],"build_version":"2020-12-22","purchased_purges":1,"victory":false,"max_hp_per_floor":[99,100,101,101,101,102,102,102,102,103,104,108,110,113,115,115,115],"card_choices":[{"not_picked":["sneckomod:UnknownWeak","sneckomod:UnknownStrike"],"picked":"sneckomod:Unknown0Cost","floor":2},{"not_picked":["sneckomod:RainOfDice","sneckomod:UnknownVulnerable"],"picked":"sneckomod:UnknownRareSkill","floor":3},{"not_picked":["sneckomod:UnknownClassSLIMEBOUND","sneckomod:UnknownCommonSkill"],"picked":"sneckomod:SlitherStrike","floor":4},{"not_picked":["sneckomod:UnknownX","sneckomod:SoulRoll"],"picked":"sneckomod:IronFang","floor":5},{"not_picked":["sneckomod:UnknownClassMARKED_PURPLE_COLOR","sneckomod:UnknownCommonAttack"],"picked":"sneckomod:UnknownBlock","floor":6},{"not_picked":["sneckomod:IronFang","sneckomod:UnknownClassFORSAKEN_GOLD_COLOR"],"picked":"sneckomod:DiceBlock","floor":8},{"not_picked":["sneckomod:UnknownBlock","sneckomod:IronFang"],"picked":"sneckomod:WideSting","floor":10},{"not_picked":["sneckomod:UnknownCommonAttack","sneckomod:QuickMove"],"picked":"sneckomod:UnlimitedRolls","floor":11},{"not_picked":["sneckomod:SlitherStrike","sneckomod:Unknown1Cost"],"picked":"sneckomod:Unknown2Cost","floor":12},{"not_picked":["sneckomod:SoulRoll","sneckomod:Unknown1Cost"],"picked":"sneckomod:UnknownClassINFINITE_BLACK","floor":13},{"not_picked":["sneckomod:UnknownCommonSkill","sneckomod:UnknownClassBLESSING"],"picked":"sneckomod:DiceBlock","floor":14},{"not_picked":["sneckomod:UnknownWeak","sneckomod:RainOfDice"],"picked":"sneckomod:UnknownCommonSkill","floor":15}],"player_experience":1216678,"relics_obtained":[{"floor":7,"key":"Bag of Preparation"},{"floor":13,"key":"aspiration:ChemicalBlood"}],"event_choices":[{"damage_healed":0,"gold_gain":0,"player_choice":"Trade","damage_taken":0,"relics_obtained":["FaceOfCleric"],"max_hp_gain":0,"max_hp_loss":0,"event_name":"FaceTrader","floor":9,"gold_loss":0}],"is_beta":false,"boss_relics":[],"items_purged_floors":[10],"is_endless":false,"potions_floor_spawned":[2,4,11,15],"killed_by":"downfall:Ironclad","ascension_level":0}}