{"host":"m6ptjq1h7q0nif66","time":1610650574,"event":{"mods":["2.2 Compatiblity","Aspiration","BaseMod","Beaked The Cultist","Better Third Choice","BetterRewards","Colored Map","Colored Powertips","Googly Eyes","Halation","Hermit","Hubris","Infinite Spire","Minty Spire (QoL Compilation)","Permanent Neow","Quick Restart","Relic Stats","Remove Card Discount Mod","Replay The Spire","Shop Mod","StSLib","SuperFastMode","The Construct","The Cursed","The Disciple","The Forsaken"],"gold_per_floor":[112,126,138,151,165,165,196,196,196,222,232,232,246,256,256,356,356,373,383,383,456,468,468,494,494,719,734,734,751,751,769,769,873,873,884,65,65,65,65,65,83,83,83,98,98,112,146,146,146,151,151,151,4,44,44],"floor_reached":56,"language":"ENG","playtime":3795,"items_purged":["hermit:Strike_Hermit","hermit:Strike_Hermit","hermit:Defend_Hermit","hermit:Defend_Hermit","hermit:Strike_Hermit","hermit:Strike_Hermit+1","hermit:Defend_Hermit+1","hermit:Defend_Hermit+1","hermit:Snipe","Apotheosis+1"],"score":1286,"play_id":"662b6c2b-8a07-40c7-bbb9-b5da0ed606b5","local_time":"20210114185614","is_ascension_mode":false,"campfire_choices":[{"data":"hermit:HeroicBravado","floor":12,"key":"SMITH"},{"data":"hermit:Gestalt","floor":15,"key":"SMITH"},{"data":"hermit:Glare","floor":23,"key":"SMITH"},{"data":"hermit:Vantage","floor":25,"key":"SMITH"},{"data":"hermit:Gambit","floor":28,"key":"SMITH"},{"data":"hermit:TakeAim","floor":32,"key":"SMITH"},{"floor":40,"key":"RECALL"},{"data":"Apotheosis","floor":42,"key":"SMITH"},{"data":"infinitespire:Menacing","floor":45,"key":"SMITH"},{"floor":49,"key":"REST"},{"data":"hermit:Roughhouse","floor":52,"key":"SMITH"}],"circlet_count":0,"master_deck":["hermit:Snapshot+1","hermit:Covet+1","hermit:TakeAim+1","hermit:HeroicBravado+1","hermit:WideOpen+1","hermit:ShadowCloak+1","hermit:Vantage+1","hermit:Ricochet+1","hermit:Glare+1","hermit:Gestalt+1","hermit:Enervate+1","hermit:HoleUp+1","hermit:CursedWeapon","hermit:Feint+1","hermit:Quickdraw+1","hermit:GoldenBullet+1","hermit:Ricochet+1","hermit:Enervate+1","hermit:FlashPowder+1","hermit:FlashPowder+1","hermit:Gambit+1","hermit:GhostlyPresence+1","hermit:Dive+1","hermit:LowProfile+1","hermit:Virtue+1","hermit:ShadowCloak+1","hermit:Vantage+1","hermit:Roughhouse+1","Sickly","Survivor+1","hermit:Gambit+1","ReplayTheSpireMod:Private Reserves","infinitespire:Menacing+1","hermit:Snipe+1","hermit:Determination","hermit:Deadeye","hubris:InfiniteBlow+22","hermit:CalledShot+1","hermit:Scavenge+1","hermit:Dive+1","hermit:Determination+1"],"relics":["hermit:Momento","infinitespire:Joker Card","theForsaken:Gavel","aspiration:ArtOfWarUpgrade","Strange Spoon","aspiration:HummingbirdHeart","Blue Candle","theForsaken:HumbleEgg","halation:TwoAmDonut","halation:HeavySnake","Ring of Misfortune","Ring of Peace","Gremlin Food","aspiration:SeaSaltIceCream","ReplayTheSpireMod:CursedCoin","ReplayTheSpireMod:SealedPack","TheAbacus","infinitespire:BottledMercury","halation:PapillonHeart","construct:ClawGrip","StoneCalendar","PreservedInsect","Du-Vu Doll","hermit:PetGhost","aspiration:Lifesprig"],"acts_visited":["Exordium","TheCity","TheBeyond","TheEnding"],"potions_floor_usage":[7,14,55,55],"damage_taken":[{"damage":0,"enemies":"Cultist","floor":1,"turns":3},{"damage":0,"enemies":"2 Louse","floor":2,"turns":3},{"damage":6,"enemies":"infinitespire:Voidling","floor":3,"turns":4},{"damage":2,"enemies":"Lots of Slimes","floor":4,"turns":6},{"damage":4,"enemies":"Gremlin Gang","floor":5,"turns":5},{"damage":3,"enemies":"Gremlin Nob","floor":7,"turns":3},{"damage":7,"enemies":"Lagavulin","floor":10,"turns":4},{"damage":0,"enemies":"Looter","floor":11,"turns":1},{"damage":7,"enemies":"Exordium Thugs","floor":13,"turns":6},{"damage":0,"enemies":"Large Slime","floor":14,"turns":1},{"damage":10,"enemies":"Fading Forest","floor":16,"turns":11},{"damage":2,"enemies":"3 Byrds","floor":18,"turns":5},{"damage":8,"enemies":"2 Thieves","floor":19,"turns":3},{"damage":0,"enemies":"Shelled Parasite and Fungi","floor":22,"turns":4},{"damage":0,"enemies":"Book of Stabbing","floor":24,"turns":4},{"damage":2,"enemies":"Snake Plant","floor":27,"turns":3},{"damage":1,"enemies":"Sentry and Sphere","floor":29,"turns":4},{"damage":0,"enemies":"Cultist and Chosen","floor":31,"turns":4},{"damage":1,"enemies":"Automaton","floor":33,"turns":12},{"damage":16,"enemies":"3 Shapes","floor":35,"turns":4},{"damage":0,"enemies":"Orb Walker","floor":41,"turns":4},{"damage":3,"enemies":"Jaw Worm Horde","floor":44,"turns":4},{"damage":5,"enemies":"Spire Growth","floor":46,"turns":3},{"damage":0,"enemies":"Nemesis","floor":47,"turns":1},{"damage":5,"enemies":"Donu and Deca","floor":50,"turns":6},{"damage":27,"enemies":"Shield and Spear","floor":54,"turns":6},{"damage":0,"enemies":"The Heart","floor":55,"turns":1}],"seed_played":"-5071151960305817846","potions_obtained":[{"floor":1,"key":"Strength Potion"},{"floor":2,"key":"PowerPotion"},{"floor":5,"key":"Fire Potion"},{"floor":10,"key":"Fire Potion"},{"floor":18,"key":"ColorlessPotion"},{"floor":39,"key":"DuplicationPotion"},{"floor":47,"key":"infinitespire:BlackPotion"}],"is_trial":false,"path_per_floor":["M","M","M","M","M","R","E","R","T","E","M","R","M","M","R","B",null,"M","M","?","T","M","R","E","R","T","M","R","M","?","M","R","B",null,"M","$","?","AVR","?","R","M","R","T","M","R","M","E","$","R","B",null,"R","$","E","B",null],"character_chosen":"HERMIT","items_purchased":["infinitespire:Joker Card","hermit:TakeAim","hermit:HeroicBravado","theForsaken:Gavel","Art of War","hermit:WideOpen","hermit:ShadowCloak","hermit:Vantage","hermit:Ricochet","Strange Spoon","aspiration:HummingbirdHeart","hermit:Glare","hermit:Gestalt","hermit:Enervate","TheAbacus","infinitespire:BottledMercury","hermit:Snipe+1","hermit:Determination","hermit:Deadeye","Apotheosis","hermit:PetGhost"],"campfire_rested":1,"item_purchase_floors":[0,0,0,0,0,0,0,0,0,0,0,0,0,0,36,36,36,36,36,36,53],"current_hp_per_floor":[75,75,73,71,67,67,64,64,64,57,57,57,50,50,50,50,75,73,65,65,65,65,65,65,65,65,63,63,62,62,62,62,61,75,59,59,59,59,59,59,59,59,59,56,56,51,51,46,67,62,71,71,71,44,44],"gold":44,"neow_bonus":"","is_daily":false,"chose_seed":false,"campfire_upgraded":9,"win_rate":0.0,"timestamp":1610650574,"path_taken":["M","M","M","M","M","R","E","R","T","E","M","R","M","M","R","BOSS","M","M","?","?","?","R","E","R","T","M","R","M","?","M","R","BOSS","M","$","?","AVR","?","R","?","R","T","M","R","M","E","?","R","BOSS","R","$","E","BOSS"],"items_purchased_type":["Relic","Card","Card","Relic","Relic","Card","Card","Card","Card","Relic","Relic","Card","Card","Card","Relic","Relic","Card","Card","Card","Card","Relic"],"build_version":"2020-12-22","purchased_purges":10,"victory":true,"max_hp_per_floor":[75,75,75,75,75,75,75,75,75,75,75,75,75,75,75,75,75,75,75,75,75,75,75,75,75,75,75,75,75,75,75,75,75,75,75,75,71,71,71,71,71,71,71,71,71,71,71,71,71,71,71,71,71,71,71],"relic_stats":{"Strange Spoon":[69],"TheAbacus":[0],"counters":[84,415],"Blue Candle":[8],"StoneCalendar":[0],"PreservedInsect":115,"obtain_stats":[{"Golden Egg":54,"Replay:Accelerometer":53,"infinitespire:BottledMercury":36,"Vajra":44,"Bottled Tornado":54,"hubris:MysteriousPyramids":53,"halation:HeavySnake":17,"Blood Vial":20,"theForsaken:HumbleEgg":9,"Centennial Puzzle":47,"DollysMirror":0,"MealTicket":36,"aspiration:ArtOfWarUpgrade":8,"HandDrill":36,"hubris:TinFlute":42,"Replay:Bottled Steam":48,"MerchantsRug":20,"halation:OrihimeAndHikoboshiSamaAndTears":5,"Ring of Hypnosis":22,"ReplayTheSpireMod:CursedCoin":26,"Blue Candle":7,"Oddly Smooth Stone":26,"infinitespire:Beetle Shell":20,"ReplayTheSpireMod:SealedPack":34,"aspiration:SeaSaltIceCream":26,"Du-Vu Doll":0,"hubris:Zylophone":28,"infinitespire:EvilPickle":33,"hermit:PetGhost":53,"Shuriken":43,"Bronze Scales":11,"Onion Ring":14,"ReplayTheSpireMod:TigerMarble":12,"Black Star":17,"Grinning Jar":43,"hermit:Momento":0,"Regal Pillow":36,"halation:PapillonHeart":37,"aspiration:Lifesprig":54,"Singing Bowl":24,"Painkiller Herb":34,"StoneCalendar":38,"Juzu Bracelet":30,"hubris:SlimyHat":23,"Replay:Mystery Machine":47,"theForsaken:Gavel":0,"ClockworkSouvenir":29,"Nunchaku":6,"hubris:Icosahedron":22,"Matryoshka":26,"TheAbacus":36,"Ring of Peace":20,"hubris:CuriousFeather":44,"Red Mask":37,"halation:LettersToHer":0,"InkBottle":43,"Gremlin Food":24,"construct:ClawGrip":17,"aspiration:FetidBarrel":54,"betterThird:NestCultRelic":31,"infinitespire:Joker Card":0,"PreservedInsect":43,"aspiration:HummingbirdHeart":0,"Orichalcum":2,"Strange Spoon":0,"CaptainsWheel":24,"Anchor":42,"Ring of Misfortune":22,"infinitespire:Satchel":7,"ChewingGum":34,"Ectoplasm":21,"Art of War":0,"Bottled Lightning":11,"Membership Card":0,"halation:AfternoonTea":41,"halation:TwoAmDonut":10,"halation:PinkSoulGem":37},{"Golden Egg":26,"Replay:Accelerometer":55,"infinitespire:BottledMercury":77,"Vajra":21,"Bottled Tornado":26,"hubris:MysteriousPyramids":55,"halation:HeavySnake":68,"Blood Vial":10,"theForsaken:HumbleEgg":63,"Centennial Puzzle":53,"DollysMirror":27,"MealTicket":47,"aspiration:ArtOfWarUpgrade":63,"HandDrill":47,"hubris:TinFlute":20,"Replay:Bottled Steam":54,"MerchantsRug":10,"halation:OrihimeAndHikoboshiSamaAndTears":3,"Ring of Hypnosis":42,"ReplayTheSpireMod:CursedCoin":72,"Blue Candle":63,"Oddly Smooth Stone":12,"infinitespire:Beetle Shell":10,"ReplayTheSpireMod:SealedPack":76,"aspiration:SeaSaltIceCream":72,"Du-Vu Doll":0,"hubris:Zylophone":44,"infinitespire:EvilPickle":46,"hermit:PetGhost":55,"Shuriken":51,"Bronze Scales":36,"Onion Ring":38,"ReplayTheSpireMod:TigerMarble":6,"Black Star":8,"Grinning Jar":20,"hermit:Momento":0,"Regal Pillow":47,"halation:PapillonHeart":77,"aspiration:Lifesprig":83,"Singing Bowl":11,"Painkiller Herb":16,"StoneCalendar":77,"Juzu Bracelet":15,"hubris:SlimyHat":43,"Replay:Mystery Machine":53,"theForsaken:Gavel":57,"ClockworkSouvenir":44,"Nunchaku":32,"hubris:Icosahedron":10,"Matryoshka":43,"TheAbacus":77,"Ring of Peace":70,"hubris:CuriousFeather":21,"Red Mask":47,"halation:LettersToHer":27,"InkBottle":51,"Gremlin Food":72,"construct:ClawGrip":39,"aspiration:FetidBarrel":56,"betterThird:NestCultRelic":45,"infinitespire:Joker Card":57,"PreservedInsect":78,"aspiration:HummingbirdHeart":57,"Orichalcum":28,"Strange Spoon":57,"CaptainsWheel":11,"Anchor":20,"Ring of Misfortune":42,"infinitespire:Satchel":4,"ChewingGum":46,"Ectoplasm":10,"Art of War":57,"Bottled Lightning":5,"Membership Card":27,"halation:AfternoonTea":50,"halation:TwoAmDonut":64,"halation:PinkSoulGem":18},{"Golden Egg":126,"Replay:Accelerometer":287,"infinitespire:BottledMercury":390,"Vajra":95,"Bottled Tornado":126,"hubris:MysteriousPyramids":287,"halation:HeavySnake":347,"Blood Vial":44,"theForsaken:HumbleEgg":324,"Centennial Puzzle":270,"DollysMirror":135,"MealTicket":238,"aspiration:ArtOfWarUpgrade":324,"HandDrill":238,"hubris:TinFlute":89,"Replay:Bottled Steam":278,"MerchantsRug":44,"halation:OrihimeAndHikoboshiSamaAndTears":12,"Ring of Hypnosis":209,"ReplayTheSpireMod:CursedCoin":363,"Blue Candle":324,"Oddly Smooth Stone":53,"infinitespire:Beetle Shell":44,"ReplayTheSpireMod:SealedPack":386,"aspiration:SeaSaltIceCream":363,"Du-Vu Doll":0,"hubris:Zylophone":218,"infinitespire:EvilPickle":233,"hermit:PetGhost":287,"Shuriken":261,"Bronze Scales":183,"Onion Ring":193,"ReplayTheSpireMod:TigerMarble":27,"Black Star":37,"Grinning Jar":89,"hermit:Momento":0,"Regal Pillow":238,"halation:PapillonHeart":390,"aspiration:Lifesprig":414,"Singing Bowl":48,"Painkiller Herb":69,"StoneCalendar":390,"Juzu Bracelet":63,"hubris:SlimyHat":214,"Replay:Mystery Machine":270,"theForsaken:Gavel":300,"ClockworkSouvenir":218,"Nunchaku":169,"hubris:Icosahedron":44,"Matryoshka":214,"TheAbacus":390,"Ring of Peace":355,"hubris:CuriousFeather":95,"Red Mask":238,"halation:LettersToHer":135,"InkBottle":261,"Gremlin Food":363,"construct:ClawGrip":201,"aspiration:FetidBarrel":292,"betterThird:NestCultRelic":223,"infinitespire:Joker Card":300,"PreservedInsect":394,"aspiration:HummingbirdHeart":300,"Orichalcum":138,"Strange Spoon":300,"CaptainsWheel":48,"Anchor":89,"Ring of Misfortune":209,"infinitespire:Satchel":18,"ChewingGum":233,"Ectoplasm":44,"Art of War":300,"Bottled Lightning":22,"Membership Card":135,"halation:AfternoonTea":255,"halation:TwoAmDonut":328,"halation:PinkSoulGem":76}]},"card_choices":[{"not_picked":["hermit:Showdown","hermit:ItchyTrigger"],"picked":"hermit:HoleUp","floor":1},{"not_picked":["hermit:HoleUp","hermit:Enervate"],"picked":"hermit:CursedWeapon","floor":2},{"not_picked":["hermit:Shortfuse","hermit:Roulette"],"picked":"hermit:Feint","floor":3},{"not_picked":["hermit:Misfire","hermit:Brawl"],"picked":"hermit:Quickdraw","floor":4},{"not_picked":["hermit:Maintenance","hermit:SprayPray"],"picked":"hermit:Snipe","floor":5},{"not_picked":["hermit:Magnum","hermit:Desperado"],"picked":"hermit:GoldenBullet","floor":7},{"not_picked":["hermit:Coalescence+1","hermit:Feint+1"],"picked":"hermit:Ricochet+1","floor":10},{"not_picked":["hermit:Brawl","hermit:EyeOfTheStorm"],"picked":"hermit:Enervate","floor":11},{"not_picked":["hermit:NoHoldsBarred","hermit:Horror"],"picked":"hermit:FlashPowder","floor":13},{"not_picked":["hermit:WideOpen+1","hermit:LoneWolf"],"picked":"hermit:FlashPowder","floor":14},{"not_picked":["hermit:OverwhelmingPower","hermit:RoundhouseKick"],"picked":"hermit:Gambit","floor":16},{"not_picked":["hermit:Misfire+1","hermit:Brawl"],"picked":"hermit:GhostlyPresence+1","floor":18},{"not_picked":["hermit:Coalescence+1","hermit:DeadMansHand+1"],"picked":"hermit:Dive+1","floor":19},{"not_picked":["hermit:Ricochet+1","hermit:ItchyTrigger+1"],"picked":"hermit:LowProfile+1","floor":22},{"not_picked":["hermit:Showdown","hermit:ItchyTrigger+1"],"picked":"hermit:Virtue+1","floor":24},{"not_picked":["hermit:LoneWolf","hermit:Showdown"],"picked":"hermit:ShadowCloak","floor":27},{"not_picked":["hermit:Snipe+1","hermit:Roulette+1","hermit:ItchyTrigger+1"],"picked":"SKIP","floor":29},{"not_picked":["hermit:TakeCover","hermit:EyeOfTheStorm"],"picked":"hermit:Vantage+1","floor":31},{"not_picked":["hermit:Magnum","hermit:EternalForm"],"picked":"hermit:Roughhouse","floor":33},{"not_picked":["m_Survivalism","theForsaken:Penitence"],"picked":"Survivor","floor":34},{"not_picked":["hermit:DeadOrAlive","hermit:FatalDesire"],"picked":"hermit:Gambit","floor":34},{"not_picked":["PanicButton","Dark Shackles"],"picked":"ReplayTheSpireMod:Private Reserves","floor":34},{"not_picked":["ReplayTheSpireMod:Chaos Vortex","ReplayTheSpireMod:Echoes of Time"],"picked":"infinitespire:Menacing","floor":34},{"not_picked":["hermit:TrackingShot+1","hermit:Horror+1","hermit:Grudge"],"picked":"SKIP","floor":35},{"not_picked":["hermit:HoleUp+1","hermit:Misfire+1","hermit:TakeCover"],"picked":"SKIP","floor":41},{"not_picked":["hermit:Maintenance+1","hermit:WideOpen+1"],"picked":"hermit:CalledShot+1","floor":44},{"not_picked":["hermit:Determination","hermit:Showdown+1"],"picked":"hermit:Scavenge","floor":46},{"not_picked":["hermit:WideOpen+1","hermit:LowProfile+1"],"picked":"hermit:Dive+1","floor":47},{"not_picked":["hermit:NoHoldsBarred","hermit:Cheat+1"],"picked":"hermit:Determination+1","floor":54}],"player_experience":235521,"relics_obtained":[{"floor":7,"key":"Blue Candle"},{"floor":9,"key":"theForsaken:HumbleEgg"},{"floor":10,"key":"halation:TwoAmDonut"},{"floor":20,"key":"Ring of Misfortune"},{"floor":20,"key":"Ring of Peace"},{"floor":24,"key":"Gremlin Food"},{"floor":26,"key":"aspiration:SeaSaltIceCream"},{"floor":43,"key":"PreservedInsect"},{"floor":47,"key":"Du-Vu Doll"},{"floor":54,"key":"aspiration:Lifesprig"}],"event_choices":[{"cards_removed":["Pain","Voices"],"damage_healed":0,"gold_gain":0,"player_choice":"Removed Curses","damage_taken":0,"max_hp_gain":0,"max_hp_loss":0,"event_name":"Fountain of Cleansing","floor":30,"gold_loss":0},{"damage_healed":0,"gold_gain":0,"player_choice":"Got Potions","damage_taken":0,"max_hp_gain":0,"max_hp_loss":0,"event_name":"Lab","floor":39,"gold_loss":0}],"is_beta":false,"boss_relics":[{"not_picked":["Ectoplasm","construct:WeddingRing"],"picked":"halation:HeavySnake"},{"not_picked":["hubris:HollowSoul","aspiration:DefectSkillbook"],"picked":"ReplayTheSpireMod:SealedPack"}],"items_purged_floors":[0,0,0,36,36,36,36,36,36,48],"is_endless":false,"potions_floor_spawned":[1,2,5,10,11,13,18,22,24,41,47],"ascension_level":0}}