{"host":"omsykib0woddca32","time":1610602151,"event":{"mods":["BaseMod","Colored Powertips","Lobotomy","Minty Spire (QoL Compilation)","Random Character Button","Shop Mod","StSLib"],"gold_per_floor":[118,136,136,155,171,246,262,227,227,237,14,41,41,41,41,41,41],"floor_reached":16,"language":"ZHS","playtime":501,"items_purged":[],"score":92,"play_id":"357191e3-3de2-4c5a-bd87-d39aca08d847","local_time":"20210114132911","is_ascension_mode":false,"campfire_choices":[{"data":"Loop","floor":15,"key":"SMITH"}],"circlet_count":0,"master_deck":["Strike_B","Strike_B","Strike_B+1","Defend_B","Defend_B","Defend_B","Defend_B","Zap+1","Dualcast","Heatsinks","MeatLantern","Darkness","VoidDream","Glacier","Mercenary","MHz","Redo","Loop+1","Tempest"],"relics":["Cracked Core","CogitoBucket","Omamori","Bag of Preparation","Juzu Bracelet"],"acts_visited":["Exordium"],"potions_floor_usage":[],"damage_taken":[{"damage":2.0,"enemies":"Small Slimes","floor":1.0,"turns":3.0},{"damage":0.0,"enemies":"2 Louse","floor":2.0,"turns":2.0},{"damage":1.0,"enemies":"Jaw Worm","floor":4.0,"turns":3.0},{"damage":6.0,"enemies":"2 Fungi Beasts","floor":5.0,"turns":3.0},{"damage":4.0,"enemies":"Exordium Wildlife","floor":7.0,"turns":4.0},{"damage":0,"enemies":"Blue Slaver","floor":10,"turns":4},{"damage":75,"enemies":"Hexaghost","floor":16,"turns":3}],"seed_played":"703713974825423681","potions_obtained":[{"floor":1.0,"key":"SpeedPotion"},{"floor":4.0,"key":"FearPotion"},{"floor":7.0,"key":"Weak Potion"}],"is_trial":false,"path_per_floor":["M","M","?","M","M","?","M","?","T","M","$","T","?","?","R","B"],"character_chosen":"DEFECT","items_purchased":["Loop","Bag of Preparation"],"campfire_rested":0,"item_purchase_floors":[11,11],"current_hp_per_floor":[73,73,58,57,51,40,36,54,54,54,54,54,59,59,59,0,0],"gold":41,"neow_bonus":"","is_daily":false,"chose_seed":false,"campfire_upgraded":1,"win_rate":0.0,"timestamp":1610602151,"path_taken":["M","M","?","M","M","?","M","?","T","M","$","?","?","?","R","BOSS"],"items_purchased_type":["Card","Relic"],"build_version":"2020-12-22","purchased_purges":0,"victory":false,"max_hp_per_floor":[75,75,75,75,75,75,75,75,75,75,75,75,80,80,80,80,80],"card_choices":[{"not_picked":["Glacier","Reinforced Body"],"picked":"Heatsinks","floor":1.0},{"not_picked":["Hello World","Ball Lightning","Aggregate"],"picked":"SKIP","floor":2.0},{"not_picked":["LaLuna","OSAHOGD"],"picked":"MeatLantern","floor":4.0},{"not_picked":["Cold Snap","Lockon"],"picked":"Darkness","floor":4.0},{"not_picked":["Wellcheers","UniverseFragment"],"picked":"VoidDream","floor":5.0},{"not_picked":["Go for the Eyes","Coolheaded"],"picked":"Glacier","floor":5.0},{"not_picked":["PunishingBird","Murderer"],"picked":"Mercenary","floor":7.0},{"not_picked":["Machine Learning","Stack","Ball Lightning"],"picked":"SKIP","floor":7.0},{"not_picked":["Bloodbath","OldLady"],"picked":"MHz","floor":10},{"not_picked":["Aggregate","Glacier"],"picked":"Redo","floor":10}],"player_experience":82018,"relics_obtained":[{"floor":9.0,"key":"Omamori"},{"floor":12,"key":"Juzu Bracelet"}],"event_choices":[{"damage_healed":0.0,"max_hp_gain":0.0,"max_hp_loss":0.0,"gold_gain":0.0,"event_name":"Shining Light","player_choice":"Entered Light","floor":3.0,"gold_loss":0.0,"damage_taken":15.0,"cards_upgraded":["Zap","Strike_B"]},{"damage_healed":0.0,"max_hp_gain":0.0,"max_hp_loss":0.0,"gold_gain":75.0,"event_name":"World of Goop","player_choice":"Gather Gold","floor":6.0,"gold_loss":0.0,"damage_taken":11.0},{"damage_healed":18.0,"max_hp_gain":0.0,"max_hp_loss":0.0,"gold_gain":0.0,"event_name":"The Cleric","player_choice":"Healed","floor":8.0,"gold_loss":35.0,"damage_taken":0.0},{"damage_healed":0,"gold_gain":0,"player_choice":"Donut","damage_taken":0,"max_hp_gain":5,"max_hp_loss":0,"event_name":"Big Fish","floor":13,"gold_loss":0},{"damage_healed":0,"gold_gain":0,"cards_transformed":["Strike_B"],"player_choice":"Change","damage_taken":0,"max_hp_gain":0,"max_hp_loss":0,"event_name":"Living Wall","floor":14,"gold_loss":0,"cards_obtained":["Tempest"]}],"is_beta":false,"boss_relics":[],"items_purged_floors":[],"is_endless":false,"potions_floor_spawned":[1,4,7],"killed_by":"Hexaghost","ascension_level":0}}