{"host":"n7mxhpjy89lltbhc","time":1610612436,"event":{"mods":["2.2 Compatiblity","Act Like it!","Bard","BaseMod","Better Match","Better Sensory Stone","Better Synergies","Better Vampires","BetterRewards","Colored Map","Colored Powertips","Downfall","Exacting","Gensokyo","Hubris","Infinite Spire","Jedi Mod","Marisa????????","Minty Spire (QoL Compilation)","Permanent Neow","Rare Cards Sparkle","Relic Sorter","Relic Stats","Replay The Spire","Shop Mod","Small Relic Pack","Spicy Shops","StSLib","Strawberry Spire","Td1madao Mod","The Blue Laboratory","The Marked","The Servant 0.9.4","Waifu the Spire","Wandering Minibosses"],"gold_per_floor":[116,116,216,248,263,263,22,57,57,57,90,100,100,147,147,269,269,289,289,135,152,152,178,206,225,278,294,322,322,366,427,427,567,567,616,616,526,570,603,678,678,757,781,781,845,845,904,943,943,985],"floor_reached":51,"language":"ENG","playtime":1962,"items_purged":["Strike_S","Voices","Spreading Infection"],"score":1790,"play_id":"126e65b7-2338-4587-8193-0802f5d1ea24","local_time":"25640114152036","is_ascension_mode":true,"campfire_choices":[{"floor":6.0,"key":"REST"},{"floor":10.0,"key":"REST"},{"floor":13.0,"key":"REST"},{"data":"Comet","floor":15.0,"key":"SMITH"},{"data":"Sunlight","floor":29.0,"key":"SMITH"},{"data":"SoulSculpture","floor":32,"key":"SMITH"},{"data":"Defy","floor":41,"key":"SMITH"},{"data":"Moondial","floor":44,"key":"SMITH"},{"data":"InstantArmor","floor":46,"key":"SMITH"},{"data":"infinitespire:Fortify","floor":49,"key":"SMITH"}],"circlet_count":0,"master_deck":["AscendersBane","Strike_S","Strike_S","Defend_S","Defend_S","Defend_S","Defend_S","KidneyShot","Exchange","Comet+1","Defy+1","Ricochet","Sunlight+1","SilverBlades","BottledTime","SoulSculpture+1","InstantArmor+1","infinitespire:Fortify+1","FastForward","Rewind","ShiftingGears","SilverBlades","Deadline+1","MurderousAura+1","Gensokyo:CustomPotion","Moonlight+1","Initiator","Moondial+1","Contraction+1"],"relics":["Uniform","strawberrySpire:KineticCharger","relicPack:DSword","Quantum Egg","Art of War","WingedGreaves","Coffee Dripper","jedi:cryingmask","SplendidAttire","hubris:SphereOfDissonance","Ancient Tea Set","infinitespire:Lucky Rock","Replay:Bandana","Frozen Egg 2","hubris:Backtick","RomanBracelet","Eternal Feather","jedi:cryingmask","PreservedInsect","ReplayTheSpireMod:Lightbulb","Mirror"],"acts_visited":["Gensokyo:Gensokyo","Gensokyo:Gensokyoer","Gensokyo:Gensokyoest"],"potions_floor_usage":[],"damage_taken":[{"damage":8.0,"enemies":"Gensokyo:Gryphon","floor":1.0,"turns":4.0},{"damage":1.0,"enemies":"Gensokyo:2_Kodama","floor":4.0,"turns":3.0},{"damage":0.0,"enemies":"Gensokyo:Python","floor":5.0,"turns":4.0},{"damage":14.0,"enemies":"Gensokyo:Cirno","floor":8.0,"turns":5.0},{"damage":13.0,"enemies":"Gensokyo:Aya","floor":11.0,"turns":5.0},{"damage":3.0,"enemies":"Gensokyo:2_Rabbits","floor":12.0,"turns":2.0},{"damage":2.0,"enemies":"Gensokyo:5_Fairies","floor":14.0,"turns":3.0},{"damage":9.0,"enemies":"Gensokyo:Reimu","floor":16.0,"turns":5.0},{"damage":11.0,"enemies":"Gensokyo:AngelMirror","floor":18.0,"turns":3.0},{"damage":0.0,"enemies":"Gensokyo:CosmicMonolith","floor":21.0,"turns":4.0},{"damage":0.0,"enemies":"Gensokyo:Koishi","floor":23.0,"turns":5.0},{"damage":0.0,"enemies":"Gensokyo:Tenshi","floor":24.0,"turns":3.0},{"damage":2.0,"enemies":"Gensokyo:Slime_Group","floor":25.0,"turns":5.0},{"damage":0.0,"enemies":"Gensokyo:Swordslinger","floor":27.0,"turns":3.0},{"damage":0.0,"enemies":"Nightmare","floor":28.0,"turns":4.0},{"damage":8.0,"enemies":"Gensokyo:Mirror_and_Dog","floor":30.0,"turns":2.0},{"damage":13,"enemies":"Gensokyo:Tenshi","floor":31,"turns":3},{"damage":5,"enemies":"Gensokyo:Kaguya","floor":33,"turns":10},{"damage":9,"enemies":"Gensokyo:3_Bats","floor":35,"turns":5},{"damage":0,"enemies":"Gensokyo:AncientGuardian","floor":38,"turns":2},{"damage":0,"enemies":"Gensokyo:Dusk_and_Dawn","floor":39,"turns":3},{"damage":0,"enemies":"Gensokyo:Marisa","floor":40,"turns":4},{"damage":0,"enemies":"Nightmare","floor":42,"turns":4},{"damage":0,"enemies":"Gensokyo:Marisa","floor":45,"turns":3},{"damage":0,"enemies":"Gensokyo:Doremy","floor":47,"turns":4},{"damage":11,"enemies":"Gensokyo:4_Bats","floor":48,"turns":2},{"damage":0,"enemies":"Gensokyo:Scarlet_Devils","floor":50,"turns":4}],"seed_played":"-3503796404834073094","potions_obtained":[{"floor":5.0,"key":"blueLaboratory:FruitPunch"},{"floor":11.0,"key":"blueLaboratory:BottledHope"},{"floor":12.0,"key":"SpeedPotion"},{"floor":25.0,"key":"blueLaboratory:AbyssPotion"}],"is_trial":false,"path_per_floor":["M","?","?","M","M","R","$","E","T","R","E","M","R","M","R","B",null,"M","?","$","M","AVR","E","E","M","T","M","NM","R","M","E","R","B",null,"M","?","?","M","M","E","R","NM","T","R","E","R","E","M","R","B",null],"character_chosen":"THE_SERVANT","items_purchased":["Sunlight","FastForward"],"campfire_rested":3,"item_purchase_floors":[7,20],"current_hp_per_floor":[46,11,11,10,10,28,28,14,14,32,21,18,36,34,34,25,53,42,42,42,42,42,42,42,49,49,49,49,49,41,28,28,25,54,45,33,33,33,33,33,48,48,48,63,63,64,64,53,64,64],"gold":985,"neow_bonus":"RANDOM_COMMON_RELIC","is_daily":false,"chose_seed":false,"campfire_upgraded":7,"win_rate":0.0,"timestamp":1610612436,"path_taken":["M","?","?","M","M","R","?","E","T","R","E","M","R","M","R","BOSS","M","?","?","M","AVR","E","E","M","T","?","NM","R","M","E","R","BOSS","M","?","?","M","M","E","R","NM","T","R","E","R","E","M","R","BOSS"],"items_purchased_type":["Card","Card"],"build_version":"2020-12-22","purchased_purges":3,"victory":true,"max_hp_per_floor":[60,60,60,60,60,60,60,60,60,60,62,62,62,62,62,62,62,62,62,62,62,62,62,62,62,62,62,62,62,62,62,62,64,64,64,64,64,64,64,64,64,64,64,64,64,64,64,64,64,64],"relic_stats":{"counters":[27,104],"Eternal Feather":42,"PreservedInsect":134,"Art of War":[8],"obtain_stats":[{"SplendidAttire":22,"relicPack:DSword":2,"Quantum Egg":8,"hubris:SphereOfDissonance":23,"Eternal Feather":40,"PreservedInsect":43,"Uniform":0,"infinitespire:Lucky Rock":26,"Frozen Egg 2":31,"Ancient Tea Set":24,"Frozen Eye":23,"Replay:Bandana":28,"RomanBracelet":34,"hubris:Backtick":34,"strawberrySpire:KineticCharger":0,"jedi:cryingmask":22,"WingedGreaves":11,"Art of War":9,"Coffee Dripper":17,"ReplayTheSpireMod:Lightbulb":45,"Mirror":47},{"SplendidAttire":10,"relicPack:DSword":1,"Quantum Egg":4,"hubris:SphereOfDissonance":11,"Eternal Feather":22,"PreservedInsect":23,"Uniform":0,"infinitespire:Lucky Rock":13,"Frozen Egg 2":17,"Ancient Tea Set":12,"Frozen Eye":10,"Replay:Bandana":15,"RomanBracelet":18,"hubris:Backtick":18,"strawberrySpire:KineticCharger":0,"jedi:cryingmask":10,"WingedGreaves":5,"Art of War":4,"Coffee Dripper":8,"ReplayTheSpireMod:Lightbulb":24,"Mirror":25},{"SplendidAttire":38,"relicPack:DSword":4,"Quantum Egg":16,"hubris:SphereOfDissonance":43,"Eternal Feather":87,"PreservedInsect":91,"Uniform":0,"infinitespire:Lucky Rock":51,"Frozen Egg 2":63,"Ancient Tea Set":46,"Frozen Eye":38,"Replay:Bandana":58,"RomanBracelet":73,"hubris:Backtick":73,"strawberrySpire:KineticCharger":0,"jedi:cryingmask":38,"WingedGreaves":21,"Art of War":16,"Coffee Dripper":31,"ReplayTheSpireMod:Lightbulb":94,"Mirror":98}]},"card_choices":[{"not_picked":["Luminosity","MoonPhase"],"picked":"Comet","floor":1.0},{"not_picked":["Revamp","TimeWarp"],"picked":"Defy","floor":4.0},{"not_picked":["Unruled","Replace"],"picked":"Ricochet","floor":5.0},{"not_picked":["Potential","Replace"],"picked":"SilverBlades","floor":8.0},{"not_picked":["WasteNot","Unruled"],"picked":"BottledTime","floor":11.0},{"not_picked":["Defy","Replace","Shuttle"],"picked":"SKIP","floor":12.0},{"not_picked":["Ricochet","RealityMarble","ShiftingGears"],"picked":"SKIP","floor":14.0},{"not_picked":["ForgedInTime","FloweringNight"],"picked":"SoulSculpture","floor":16.0},{"not_picked":["Moonlight","Hightail"],"picked":"InstantArmor","floor":18.0},{"not_picked":["hubris:InfiniteBlow+8","ReplayTheSpireMod:Chaos Vortex"],"picked":"infinitespire:Fortify","floor":19.0},{"not_picked":["Contraction","TimeWarp"],"picked":"Rewind","floor":21.0},{"not_picked":["Foresight","Defy"],"picked":"ShiftingGears","floor":23.0},{"not_picked":["Duplication","Starlight"],"picked":"SilverBlades","floor":24.0},{"not_picked":["ShatteredReality","Starlight","Read"],"picked":"SKIP","floor":25.0},{"not_picked":["Revamp","StarChef+1"],"picked":"Deadline+1","floor":27.0},{"not_picked":["RealityMarble","Replace","Potential"],"picked":"SKIP","floor":28.0},{"not_picked":["Potential","DancingSilver","Manipulate+1"],"picked":"SKIP","floor":30.0},{"not_picked":["Revamp","Desolation","TimeWarp"],"picked":"SKIP","floor":31},{"not_picked":["LightFlow","FlawlessForm+1"],"picked":"MurderousAura+1","floor":33},{"not_picked":["Rearm+1","Ricochet","TimeWarp"],"picked":"SKIP","floor":35},{"not_picked":["Hightail+1","ShatteredReality","Starlight"],"picked":"SKIP","floor":38},{"not_picked":["Sabotage","Hightail"],"picked":"Moonlight+1","floor":39},{"not_picked":["Rearm+1","Initiator","Potential"],"picked":"SKIP","floor":40},{"not_picked":["Rearm+1","Potential"],"picked":"Initiator","floor":40},{"not_picked":["TheWorld","ShatteredReality"],"picked":"Moondial","floor":42},{"not_picked":["Defy","ShatteredReality"],"picked":"Contraction+1","floor":45},{"not_picked":["BottledTime","Manipulate","Replace"],"picked":"SKIP","floor":47},{"not_picked":["Rearm","Moonlight","Revamp"],"picked":"SKIP","floor":48}],"player_experience":1074230,"relics_obtained":[{"floor":8.0,"key":"Quantum Egg"},{"floor":9.0,"key":"Art of War"},{"floor":11.0,"key":"WingedGreaves"},{"floor":23.0,"key":"hubris:SphereOfDissonance"},{"floor":24.0,"key":"Ancient Tea Set"},{"floor":26.0,"key":"infinitespire:Lucky Rock"},{"floor":28.0,"key":"Replay:Bandana"},{"floor":31,"key":"Frozen Egg 2"},{"floor":40,"key":"Eternal Feather"},{"floor":42,"key":"jedi:cryingmask"},{"floor":43,"key":"PreservedInsect"},{"floor":45,"key":"ReplayTheSpireMod:Lightbulb"},{"floor":47,"key":"Mirror"}],"event_choices":[],"is_beta":false,"boss_relics":[{"not_picked":["hubris:ScarierMask","Cursed Key"],"picked":"Coffee Dripper"},{"not_picked":["MysterySword","Snecko Heart"],"picked":"hubris:Backtick"}],"items_purged_floors":[7,20,22],"is_endless":false,"potions_floor_spawned":[5,11,12,21,23,25,28,35,40,48],"ascension_level":17}}