{"host":"a5lz0e76zb3fcwkm","time":1610611728,"event":{"mods":["AchievementEnabler","BaseMod","Colored Map","Colored Powertips","Minty Spire (QoL Compilation)","StSLib","SuperFastMode"],"gold_per_floor":[110,110,110,125,125,125,166,181,181,205,205,248,260,287,299,311,311],"floor_reached":16,"language":"KOR","playtime":244,"items_purged":[],"score":270,"play_id":"4be5fb7b-be02-4bfa-8192-9ecbe10c2383","local_time":"20210114170848","is_ascension_mode":true,"campfire_choices":[{"data":"Capacitor","floor":6,"key":"SMITH"},{"data":"Defragment","floor":11,"key":"SMITH"},{"data":"Coolheaded","floor":13,"key":"SMITH"},{"data":"Dualcast","floor":15,"key":"SMITH"}],"circlet_count":0,"master_deck":["AscendersBane","Strike_B","Strike_B","Strike_B+1","Strike_B","Defend_B","Defend_B","Defend_B","Defend_B","Zap+1","Dualcast+1","Capacitor+1","Defragment+1","Cold Snap","Genetic Algorithm","Coolheaded+1"],"relics":["Cracked Core","NeowsBlessing","Golden Idol","Eternal Feather","MawBank"],"acts_visited":["Exordium"],"potions_floor_usage":[16,16],"damage_taken":[{"damage":0,"enemies":"Small Slimes","floor":1,"turns":1},{"damage":0,"enemies":"Jaw Worm","floor":4,"turns":1},{"damage":0,"enemies":"Gremlin Nob","floor":7,"turns":1},{"damage":10,"enemies":"2 Louse","floor":8,"turns":3},{"damage":4,"enemies":"Looter","floor":10,"turns":4},{"damage":17,"enemies":"Lagavulin","floor":12,"turns":7},{"damage":10,"enemies":"Exordium Wildlife","floor":14,"turns":4},{"damage":38,"enemies":"Slime Boss","floor":16,"turns":6}],"seed_played":"-80637509658740741","potions_obtained":[{"floor":1,"key":"DuplicationPotion"},{"floor":8,"key":"LiquidBronze"},{"floor":12,"key":"SkillPotion"}],"is_trial":false,"path_per_floor":["M","?","?","M","?","R","E","M","T","M","R","E","R","M","R","B"],"character_chosen":"DEFECT","items_purchased":[],"campfire_rested":0,"item_purchase_floors":[],"current_hp_per_floor":[64,43,43,43,43,43,43,33,33,29,38,21,30,20,29,0,0],"gold":311,"neow_bonus":"THREE_ENEMY_KILL","is_daily":false,"chose_seed":false,"campfire_upgraded":4,"win_rate":0.0,"timestamp":1610611728,"path_taken":["M","?","?","M","?","R","E","M","T","M","R","E","R","M","R","BOSS"],"items_purchased_type":[],"build_version":"2020-12-22","purchased_purges":0,"victory":false,"max_hp_per_floor":[71,71,71,71,64,64,64,64,64,64,64,64,64,64,64,64,64],"card_choices":[{"not_picked":["Stack","Hologram"],"picked":"Capacitor","floor":1},{"not_picked":["Go for the Eyes","Doom and Gloom","Scrape"],"picked":"SKIP","floor":4},{"not_picked":["Barrage","Storm"],"picked":"Defragment","floor":7},{"not_picked":["Leap","Compile Driver"],"picked":"Cold Snap","floor":8},{"not_picked":["Leap","Heatsinks"],"picked":"Genetic Algorithm","floor":10},{"not_picked":["Ball Lightning","Rebound"],"picked":"Coolheaded","floor":12},{"not_picked":["Multi-Cast","Heatsinks","Leap"],"picked":"SKIP","floor":14}],"player_experience":1725348,"relics_obtained":[{"floor":7,"key":"Eternal Feather"},{"floor":12,"key":"MawBank"}],"event_choices":[{"damage_healed":0,"gold_gain":0,"player_choice":"Entered Light","damage_taken":21,"max_hp_gain":0,"max_hp_loss":0,"event_name":"Shining Light","floor":2,"gold_loss":0,"cards_upgraded":["Strike_B","Zap"]},{"damage_healed":0,"gold_gain":0,"player_choice":"Ignored","damage_taken":0,"max_hp_gain":0,"max_hp_loss":0,"event_name":"Liars Game","floor":3,"gold_loss":0},{"damage_healed":0,"gold_gain":0,"player_choice":"Lose Max HP","damage_taken":0,"relics_obtained":["Golden Idol"],"max_hp_gain":0,"max_hp_loss":7,"event_name":"Golden Idol","floor":5,"gold_loss":0}],"is_beta":false,"boss_relics":[],"items_purged_floors":[],"is_endless":false,"potions_floor_spawned":[1,8,12,14],"killed_by":"Slime Boss","ascension_level":20}}