{"host":"waym8cixmimlndgg","time":1610619351,"event":{"mods":["Act Like it!","BaseMod","Colored Powertips","Downfall","Gensokyo","KinomotoSakuraMod(Ä¾Ö®±¾Ó£)","Marisa£¨ìFÓê¡¡Ä§ÀíÉ³£©","Minty Spire (QoL Compilation)","READ ME - Guardian Mod","Replay The Spire","StSLib","The Bug Knight","The Poker Player"],"gold_per_floor":[118,134,59,59,71,71,71,71,97,113,141,141,160,160,160,256,256,275,294,194,194,69,69,82,82,82,95,95,122,122,122],"floor_reached":30,"language":"ZHS","playtime":2000,"items_purged":["Defend_MRS","Strike_MRS","Strike_MRS"],"score":248,"play_id":"daeab6d9-7677-4e87-b6bf-3f6c95ea480e","local_time":"20210114181551","is_ascension_mode":false,"campfire_choices":[{"data":"MilkyWay","floor":6.0,"key":"SMITH"},{"data":"PropBag","floor":12.0,"key":"SMITH"},{"data":"NonDirectionalLaser","floor":12.0,"key":"SMITH"},{"data":"OneTimeOff","floor":15.0,"key":"SMITH"},{"data":"AsteroidBelt","floor":15.0,"key":"SMITH"},{"data":"LuminesStrike","floor":23.0,"key":"SMITH"},{"data":"UltimateShortwave","floor":23.0,"key":"SMITH"},{"floor":25.0,"key":"REST"}],"circlet_count":0,"master_deck":["Strike_MRS","MasterSpark","UpSweep","OneTimeOff+1","AsteroidBelt+1","MilkyWay+1","NonDirectionalLaser+1","PropBag+1","Acceleration","UltimateShortwave+1","Singularity","LuminesStrike+1","OrrerysSun","6A+1","UnstableBomb+1"],"relics":["MiniHakkero","Replay:Arrowhead","Boot","Pet Ghost","Empty Cage","Molten Egg 2","Replay:Accelerometer","Blue Candle"],"acts_visited":["Exordium","TheCity"],"potions_floor_usage":[],"damage_taken":[{"damage":4.0,"enemies":"Jaw Worm","floor":1.0,"turns":5.0},{"damage":0.0,"enemies":"Cultist","floor":2.0,"turns":4.0},{"damage":0.0,"enemies":"2 Louse","floor":5.0,"turns":3.0},{"damage":8.0,"enemies":"Lots of Slimes","floor":10.0,"turns":3.0},{"damage":1.0,"enemies":"HollowMod:MossKnight","floor":11.0,"turns":7.0},{"damage":0.0,"enemies":"Large Slime","floor":13.0,"turns":7.0},{"damage":28.0,"enemies":"Fading Forest","floor":16.0,"turns":11.0},{"damage":3.0,"enemies":"Spheric Guardian","floor":18.0,"turns":4.0},{"damage":24.0,"enemies":"3 Byrds","floor":19.0,"turns":7.0},{"damage":23.0,"enemies":"Cultist and Chosen","floor":24.0,"turns":7.0},{"damage":17.0,"enemies":"Centurion and Healer","floor":27.0,"turns":5.0},{"damage":9.0,"enemies":"HollowMod:Nosk","floor":29.0,"turns":8.0},{"damage":21,"enemies":"Snake Plant","floor":30,"turns":1}],"seed_played":"355458184784508088","potions_obtained":[{"floor":5.0,"key":"ColorlessPotion"},{"floor":10.0,"key":"Dexterity Potion"},{"floor":11.0,"key":"CultistPotion"},{"floor":13.0,"key":"Dexterity Potion"},{"floor":18.0,"key":"Explosive Potion"},{"floor":27.0,"key":"SpeedPotion"}],"is_trial":false,"path_per_floor":["M","M","$","?","M","R","$","?","T","M","E","R","M","?","R","B",null,"M","M","$","?","$","R","M","R","T","M","?","E","M"],"character_chosen":"MARISA","items_purchased":[],"campfire_rested":1,"item_purchase_floors":[],"current_hp_per_floor":[71,71,71,64,64,64,64,61,61,53,52,52,52,52,52,42,75,72,48,48,48,48,48,25,47,47,30,30,21,0,0],"gold":122,"neow_bonus":"TRANSFORM_CARD","is_daily":false,"chose_seed":false,"campfire_upgraded":7,"win_rate":0.0,"timestamp":1610619351,"path_taken":["M","M","$","?","?","R","$","?","T","M","E","R","M","?","R","BOSS","M","M","?","?","$","R","M","R","T","M","?","E","M"],"items_purchased_type":[],"build_version":"2020-12-22","purchased_purges":3,"victory":false,"max_hp_per_floor":[75,75,75,75,75,75,75,75,75,75,75,75,75,75,75,75,75,75,75,75,75,75,75,75,75,75,75,75,75,75,75],"card_choices":[{"not_picked":["GravityBeat","ShootTheMoon"],"picked":"AsteroidBelt","floor":1.0},{"not_picked":["NonDirectionalLaser","MysteriousBeam"],"picked":"MilkyWay","floor":2.0},{"not_picked":["ShootingEcho","ShootTheMoon"],"picked":"NonDirectionalLaser","floor":5.0},{"not_picked":["DC","NonDirectionalLaser"],"picked":"PropBag","floor":10.0},{"not_picked":["SporeBomb","JA","AsteroidBelt"],"picked":"SKIP","floor":11.0},{"not_picked":["MeteoricShower","Singularity"],"picked":"Acceleration","floor":13.0},{"not_picked":["BigCrunch","FinalSpark"],"picked":"UltimateShortwave","floor":16.0},{"not_picked":["WitchLeyline","MilkyWay"],"picked":"Singularity","floor":18.0},{"not_picked":["Orbital","ShootingEcho"],"picked":"LuminesStrike","floor":19.0},{"not_picked":["Acceleration","RefractionSpark+1"],"picked":"OrrerysSun","floor":24.0},{"not_picked":["DC+1","Acceleration"],"picked":"6A+1","floor":27.0},{"not_picked":["Acceleration","GrandCross+1"],"picked":"UnstableBomb+1","floor":29.0}],"player_experience":85117,"relics_obtained":[{"floor":9.0,"key":"Boot"},{"floor":11.0,"key":"Pet Ghost"},{"floor":26.0,"key":"Molten Egg 2"},{"floor":29.0,"key":"Replay:Accelerometer"}],"event_choices":[{"damage_healed":0.0,"max_hp_gain":0.0,"max_hp_loss":0.0,"gold_gain":0.0,"event_name":"Wheel of Change","player_choice":"Damaged","floor":4.0,"gold_loss":0.0,"damage_taken":7.0},{"damage_healed":0.0,"max_hp_gain":0.0,"max_hp_loss":0.0,"gold_gain":0.0,"event_name":"Scrap Ooze","player_choice":"Success","floor":8.0,"gold_loss":0.0,"damage_taken":3.0,"relics_obtained":["Replay:Arrowhead"]},{"cards_removed":["Strike_MRS"],"damage_healed":0.0,"max_hp_gain":0.0,"max_hp_loss":0.0,"gold_gain":0.0,"event_name":"Purifier","player_choice":"Purged","floor":14.0,"gold_loss":0.0,"damage_taken":0.0},{"damage_healed":0.0,"max_hp_gain":0.0,"max_hp_loss":0.0,"gold_gain":0.0,"event_name":"Lab","player_choice":"Got Potions","floor":28.0,"gold_loss":0.0,"damage_taken":0.0}],"is_beta":false,"boss_relics":[{"not_picked":["Tiny House","Kintsugi"],"picked":"Empty Cage"}],"items_purged_floors":[3,20,22],"is_endless":false,"potions_floor_spawned":[5,10,11,13,18,27],"killed_by":"Snake Plant","ascension_level":0}}