{"host":"56d873i5r3uhle0q","time":1610603826,"event":{"mods":["100% Spire Juice","Act Like it!","BaseMod","Block Reminder","Conspire","Gensokyo","Hermit","Marisa????????","Minty Spire (QoL Compilation)","Replay The Spire","StSLib","The Animator","The Bug Knight","The Cursed","The Jungle","The Marked","The Servant 0.9.4","everything is the same but u backflip on backflip"],"gold_per_floor":[115,115,115,130,130,130,130,130,158,158,158,1,11,30,242,128,128,228,228,239,259,259,259,272,272,272],"floor_reached":25,"language":"ENG","playtime":1039,"items_purged":[],"score":226,"play_id":"9a063f96-b3da-44cd-8ed0-94081c49b959","local_time":"20210113225706","is_ascension_mode":false,"campfire_choices":[{"data":"HollowMod:FocusHealStart","floor":6.0,"key":"SMITH"}],"circlet_count":0,"master_deck":["HollowMod:NailStrikeStart","HollowMod:NailStrikeStart","HollowMod:NailStrikeStart","HollowMod:QuickDashStart","HollowMod:QuickDashStart","HollowMod:QuickDashStart","HollowMod:QuickDashStart","HollowMod:FocusHealStart+1","HollowMod:PogoStrike","HollowMod:QuirrelsAssistance","HollowMod:BaldurShell+1","HollowMod:SoulShaman","HollowMod:SlysStrikes"],"relics":["HollowMod:VesselMask","NeowsBlessing","Bag of Preparation","ReplayFunnel","Boot","Blue Candle","Girya","conspire:SlowCooker"],"acts_visited":["Gensokyo:Gensokyo","Gensokyo:Gensokyoer"],"potions_floor_usage":[],"damage_taken":[{"damage":0.0,"enemies":"Gensokyo:Gryphon","floor":1.0,"turns":1.0},{"damage":0.0,"enemies":"Gensokyo:2_Kodama","floor":4.0,"turns":1.0},{"damage":0.0,"enemies":"Gensokyo:Mamizou","floor":9.0,"turns":2.0},{"damage":0.0,"enemies":"Gensokyo:3_Fairies","floor":13.0,"turns":3.0},{"damage":46.0,"enemies":"Gensokyo:3_Kodama","floor":14.0,"turns":8.0},{"damage":29.0,"enemies":"Gensokyo:Gryphon_and_Rabbit","floor":15.0,"turns":7.0},{"damage":62.0,"enemies":"Gensokyo:Yukari","floor":18.0,"turns":14.0},{"damage":34.0,"enemies":"Gensokyo:AngelMirror","floor":20.0,"turns":6.0},{"damage":29.0,"enemies":"Gensokyo:CosmicMonolith","floor":21.0,"turns":7.0},{"damage":35,"enemies":"Gensokyo:Wraith","floor":24,"turns":7},{"damage":21,"enemies":"Gensokyo:Slime_Group","floor":25,"turns":1}],"seed_played":"-2275139016507379278","potions_obtained":[{"floor":1.0,"key":"SneckoOil"},{"floor":4.0,"key":"LiquidBronze"},{"floor":18.0,"key":"Elixir"}],"is_trial":false,"path_per_floor":["M","?","?","M","T","R","PTL","PTL","E","?","T","COS","M","M","M","$","R","B",null,"M","M","?","?","M","M"],"character_chosen":"THE_BUGKNIGHT","items_purchased":["HollowMod:BaldurShell","HollowMod:SoulShaman"],"campfire_rested":0,"item_purchase_floors":[16,16],"current_hp_per_floor":[75,82,82,82,82,82,82,82,82,82,82,82,82,46,27,27,51,1,82,58,39,39,39,16,0,0],"gold":272,"neow_bonus":"THREE_ENEMY_KILL","is_daily":false,"chose_seed":false,"campfire_upgraded":1,"win_rate":0.0,"timestamp":1610603826,"path_taken":["M","?","?","?","?","R","PTL","PTL","E","?","T","COS","M","M","?","?","R","BOSS","M","M","?","?","?","M"],"items_purchased_type":["Card","Card"],"build_version":"2020-12-22","purchased_purges":0,"victory":false,"max_hp_per_floor":[75,82,82,82,82,82,82,82,82,82,82,82,82,82,82,82,82,82,82,82,82,82,82,82,82,82],"card_choices":[{"not_picked":["HollowMod:DreamGate","HollowMod:DesolateDive","HollowMod:GoodIntentions"],"picked":"SKIP","floor":1.0},{"not_picked":["HollowMod:InfectedAttack","HollowMod:FastStrike","HollowMod:AbyssShriek"],"picked":"SKIP","floor":4.0},{"not_picked":["HollowMod:HowlingWraiths","HollowMod:SoulSplash","HollowMod:SharpenedNail"],"picked":"SKIP","floor":9.0},{"not_picked":["HollowMod:NewJinnsSoul","HollowMod:InfectedAttack","HollowMod:CloakDash"],"picked":"SKIP","floor":13.0},{"not_picked":["HollowMod:CycloneSlash","HollowMod:SiblingsShadow","HollowMod:FastStrike"],"picked":"SKIP","floor":14.0},{"not_picked":["HollowMod:DashSlash","HollowMod:BlackTendrils"],"picked":"HollowMod:QuirrelsAssistance","floor":15.0},{"not_picked":["HollowMod:VoidDash","HollowMod:AwokenDreamNail"],"picked":"HollowMod:SlysStrikes","floor":18.0},{"not_picked":["HollowMod:TaintedHusks","HollowMod:GoodIntentions","HollowMod:DashSlash"],"picked":"SKIP","floor":20.0},{"not_picked":["HollowMod:ChannelNail","HollowMod:CornifersMapStart","HollowMod:BlackTendrils"],"picked":"SKIP","floor":21.0},{"not_picked":["HollowMod:ChannelNail","HollowMod:VengefulVoid","HollowMod:CycloneSlash+1"],"picked":"SKIP","floor":24}],"player_experience":520334,"relics_obtained":[{"floor":5.0,"key":"Bag of Preparation"},{"floor":9.0,"key":"ReplayFunnel"},{"floor":11.0,"key":"Boot"}],"event_choices":[{"damage_healed":0,"gold_gain":0,"player_choice":"Leave","damage_taken":0,"max_hp_gain":0,"max_hp_loss":0,"event_name":"conspire:Investor","floor":23,"gold_loss":0}],"is_beta":false,"boss_relics":[{"not_picked":["Replay:Drink Me","ChewingGum"],"picked":"conspire:SlowCooker"}],"items_purged_floors":[],"is_endless":false,"potions_floor_spawned":[1,4,18,21],"killed_by":"Gensokyo:Slime_Group","ascension_level":0}}