{"host":"ct28ocsd8g8yr2ah","time":1610647108,"event":{"mods":["BaseMod","Better Third Choice","Hermit","KinomotoSakuraMod(????)","Koishi","Marisa????????","Minty Spire (QoL Compilation)","Reimu??????","Remilia??????","StSLib","The Animator","The Gatherer","The Servant 0.9.4","Waifu the Spire"],"gold_per_floor":[119,195,46,121,140,172,122,122,146,164,10,41,41,59,59,164,164,178,207,207,207],"floor_reached":20,"language":"RUS","playtime":2216,"items_purged":["ClowCardTheSword","ClowCardTheSword"],"score":205,"play_id":"39a6b236-6935-427c-a756-87e4593df4cf","local_time":"20210114225828","is_ascension_mode":false,"campfire_choices":[{"data":"ClowCardTheThrough","floor":8.0,"key":"SMITH"},{"data":"ClowCardTheShot","floor":13.0,"key":"SMITH"},{"data":"ClowCardTheShot","floor":15.0,"key":"SMITH"}],"circlet_count":0,"master_deck":["ClowCardTheSword","ClowCardTheShield","ClowCardTheShield","ClowCardTheShield","ClowCardTheShield","SpellCardSeal","SpellCardRelease","ClowCardTheFirey","ClowCardThePower","ClowCardTheArrow","ClowCardTheThrough+1","ClowCardTheFreeze","ClowCardTheShot+1","ClowCardTheShot+1","ClowCardTheThunder","ClowCardTheFreeze+1","ClowCardTheMist"],"relics":["KSMOD_SealedBook","KSMOD_SealedWand","NeowsBlessing","Ornamental Fan","WingedGreaves","Orichalcum","Art of War","Black Star","Red Mask"],"acts_visited":["Exordium","TheCity"],"potions_floor_usage":[],"damage_taken":[{"damage":0.0,"enemies":"Cultist","floor":1.0,"turns":1.0},{"damage":0.0,"enemies":"2 Louse","floor":5.0,"turns":1.0},{"damage":0.0,"enemies":"3 Sentries","floor":6.0,"turns":1.0},{"damage":0.0,"enemies":"Small Slimes","floor":10.0,"turns":2.0},{"damage":7.0,"enemies":"Lagavulin","floor":12.0,"turns":3.0},{"damage":0.0,"enemies":"2 Fungi Beasts","floor":14.0,"turns":2.0},{"damage":31.0,"enemies":"Hexaghost","floor":16.0,"turns":5.0},{"damage":18.0,"enemies":"Spheric Guardian","floor":18.0,"turns":4.0},{"damage":1.0,"enemies":"Masked Bandits","floor":19.0,"turns":3.0},{"damage":0,"enemies":"2 Thieves","floor":20,"turns":1}],"seed_played":"-7230364804745047310","potions_obtained":[{"floor":5.0,"key":"DuplicationPotion"},{"floor":6.0,"key":"Fire Potion"},{"floor":12.0,"key":"Regen Potion"},{"floor":14.0,"key":"PowerPotion"},{"floor":18.0,"key":"PowerPotion"},{"floor":19.0,"key":"EntropicBrew"}],"is_trial":false,"path_per_floor":["M","T","$","?","M","E","?","R","T","M","$","E","R","M","R","B",null,"M","?","M"],"character_chosen":"KINOMOTOSAKURA","items_purchased":["ClowCardThePower","ClowCardTheArrow","ClowCardTheShot"],"campfire_rested":0,"item_purchase_floors":[3,3,11],"current_hp_per_floor":[70,70,70,63,63,63,63,63,63,63,63,56,56,56,56,25,70,52,51,51,51],"gold":207,"neow_bonus":"THREE_ENEMY_KILL","is_daily":false,"chose_seed":false,"campfire_upgraded":3,"win_rate":0.0,"timestamp":1610647108,"path_taken":["M","?","$","?","?","E","?","R","T","M","$","E","R","M","R","BOSS","M","?","M"],"items_purchased_type":["Card","Card","Card"],"build_version":"2020-12-22","purchased_purges":2,"victory":false,"max_hp_per_floor":[70,70,70,70,70,70,70,70,70,70,70,70,70,70,70,70,70,70,70,70,70],"card_choices":[{"not_picked":["ClowCardTheSilent","ClowCardTheWatery"],"picked":"ClowCardTheFirey","floor":1.0},{"not_picked":["ClowCardTheJump","ClowCardTheErase","ClowCardThePower"],"picked":"SKIP","floor":5.0},{"not_picked":["ClowCardTheSong","ClowCardTheWave"],"picked":"ClowCardTheThrough","floor":6.0},{"not_picked":["ClowCardTheFly","ClowCardTheRain"],"picked":"ClowCardTheFreeze","floor":10.0},{"not_picked":["ClowCardTheTime","ClowCardTheSleep"],"picked":"ClowCardTheShot","floor":12.0},{"not_picked":["ClowCardTheCloud","ClowCardTheSleep","ClowCardTheMirror"],"picked":"SKIP","floor":14.0},{"not_picked":["ClowCardTheTwin","ClowCardTheLight"],"picked":"ClowCardTheThunder","floor":16.0},{"not_picked":["ClowCardTheLittle","ClowCardTheSong"],"picked":"ClowCardTheFreeze+1","floor":18.0},{"not_picked":["ClowCardTheSnow+1","ClowCardTheSleep"],"picked":"ClowCardTheMist","floor":19.0}],"player_experience":529588,"relics_obtained":[{"floor":2.0,"key":"Ornamental Fan"},{"floor":6.0,"key":"WingedGreaves"},{"floor":9.0,"key":"Orichalcum"},{"floor":12.0,"key":"Art of War"},{"floor":19.0,"key":"Red Mask"}],"event_choices":[{"damage_healed":0.0,"max_hp_gain":0.0,"max_hp_loss":0.0,"gold_gain":75.0,"event_name":"FaceTrader","player_choice":"Touch","floor":4.0,"gold_loss":0.0,"damage_taken":7.0},{"cards_removed":["ClowCardTheSword"],"damage_healed":0.0,"max_hp_gain":0.0,"max_hp_loss":0.0,"gold_gain":0.0,"event_name":"The Cleric","player_choice":"Card Removal","floor":7.0,"gold_loss":50.0,"damage_taken":0.0},{"damage_healed":0.0,"max_hp_gain":0.0,"max_hp_loss":0.0,"gold_gain":0.0,"event_name":"Masked Bandits","player_choice":"Fought Bandits","floor":19.0,"gold_loss":0.0,"damage_taken":0.0}],"is_beta":false,"boss_relics":[{"not_picked":["Busted Crown","Coffee Dripper"],"picked":"Black Star"}],"items_purged_floors":[3,11],"is_endless":false,"potions_floor_spawned":[5,6,12,14,18,19],"killed_by":"2 Thieves","ascension_level":0}}