{"host":"d61fcf2p3sjwe6yo","time":1610661307,"event":{"mods":["AchievementEnabler","BaseMod","Colored Map","Minty Spire (QoL Compilation)","StSLib","SuperFastMode"],"gold_per_floor":[116,131,151,161,173,208,208,233,278,298,331,343,343,343,343,343,343],"floor_reached":16,"language":"ENG","playtime":642,"items_purged":[],"score":229,"play_id":"d6991ed8-dc74-49e6-80fd-93547017e898","local_time":"20210115005507","is_ascension_mode":true,"campfire_choices":[{"data":"Dagger Spray","floor":7.0,"key":"SMITH"},{"floor":15,"key":"REST"}],"circlet_count":0,"master_deck":["AscendersBane","Strike_G","Strike_G+1","Strike_G","Strike_G","Strike_G+1","Defend_G","Defend_G","Defend_G","Defend_G","Survivor","Neutralize","Dagger Spray+1","Blade Dance","Calculated Gamble","Blur","Backflip"],"relics":["Ring of the Snake","PreservedInsect","Thread and Needle","Oddly Smooth Stone","Molten Egg 2"],"acts_visited":["Exordium"],"potions_floor_usage":[11,16],"damage_taken":[{"damage":0.0,"enemies":"Small Slimes","floor":1.0,"turns":4.0},{"damage":4.0,"enemies":"2 Louse","floor":2.0,"turns":4.0},{"damage":0.0,"enemies":"Cultist","floor":3.0,"turns":4.0},{"damage":12.0,"enemies":"Large Slime","floor":4.0,"turns":8.0},{"damage":4.0,"enemies":"2 Fungi Beasts","floor":5.0,"turns":3.0},{"damage":12.0,"enemies":"Gremlin Nob","floor":6.0,"turns":4.0},{"damage":9.0,"enemies":"3 Sentries","floor":8.0,"turns":6.0},{"damage":0.0,"enemies":"Looter","floor":10.0,"turns":4.0},{"damage":5,"enemies":"Lagavulin","floor":11,"turns":5},{"damage":0,"enemies":"Red Slaver","floor":12,"turns":3},{"damage":10,"enemies":"Hexaghost","floor":16,"turns":10}],"seed_played":"39262643696465888","potions_obtained":[{"floor":4.0,"key":"EssenceOfSteel"},{"floor":5.0,"key":"Regen Potion"},{"floor":8.0,"key":"LiquidBronze"},{"floor":12,"key":"ColorlessPotion"}],"is_trial":false,"path_per_floor":["M","M","M","M","M","E","R","E","T","M","E","M","?","?","R","B"],"character_chosen":"THE_SILENT","items_purchased":[],"campfire_rested":1,"item_purchase_floors":[],"current_hp_per_floor":[59,55,55,43,39,27,27,33,33,33,28,28,8,1,20,10,10],"gold":343,"neow_bonus":"RANDOM_COMMON_RELIC","is_daily":false,"chose_seed":false,"campfire_upgraded":1,"win_rate":0.0,"timestamp":1610661307,"path_taken":["M","M","M","M","M","E","R","E","T","M","E","M","?","?","R","BOSS"],"items_purchased_type":[],"build_version":"2020-12-22","purchased_purges":0,"victory":false,"max_hp_per_floor":[66,66,66,66,66,66,66,66,66,66,66,66,66,66,66,66,66],"card_choices":[{"not_picked":["PiercingWail","Slice","Deflect"],"picked":"SKIP","floor":1.0},{"not_picked":["Outmaneuver","Doppelganger"],"picked":"Dagger Spray","floor":2.0},{"not_picked":["Terror","Flechettes"],"picked":"Blade Dance","floor":3.0},{"not_picked":["Prepared","Well Laid Plans","Bane"],"picked":"SKIP","floor":4.0},{"not_picked":["Underhanded Strike","Prepared","Deflect"],"picked":"SKIP","floor":5.0},{"not_picked":["Concentrate","Prepared"],"picked":"Calculated Gamble","floor":6.0},{"not_picked":["Deadly Poison","Heel Hook"],"picked":"Blur","floor":8.0},{"not_picked":["Dagger Throw","Flying Knee","Prepared"],"picked":"SKIP","floor":10.0},{"not_picked":["Night Terror","Riddle With Holes+1","Well Laid Plans"],"picked":"SKIP","floor":11},{"not_picked":["Slice+1","PiercingWail"],"picked":"Backflip","floor":12}],"player_experience":219521,"relics_obtained":[{"floor":6.0,"key":"Thread and Needle"},{"floor":9.0,"key":"Oddly Smooth Stone"},{"floor":11,"key":"Molten Egg 2"}],"event_choices":[{"damage_healed":0,"gold_gain":0,"player_choice":"Entered Light","damage_taken":20,"max_hp_gain":0,"max_hp_loss":0,"event_name":"Shining Light","floor":13,"gold_loss":0,"cards_upgraded":["Strike_G","Strike_G"]},{"cards_removed":["Defend_G"],"damage_healed":0,"gold_gain":0,"player_choice":"Card Removal","damage_taken":7,"max_hp_gain":0,"max_hp_loss":0,"event_name":"Golden Wing","floor":14,"gold_loss":0}],"is_beta":false,"boss_relics":[],"items_purged_floors":[],"is_endless":false,"potions_floor_spawned":[4,5,8,12],"killed_by":"Hexaghost","ascension_level":17}}