{"host":"67w4bo1ws77yotej","time":1610594467,"event":{"mods":["AchievementEnabler","Arknights The Spire","Aspiration","BaseMod","Beaked The Cultist","BetterRewards","Colored Map","Conspire","Downfall","Ekko","Energized Spire","Friendly Minions","Gremlin Mod","Halation","Hero for Fun","Hubris","Infinite Spire","Kiyohime????","Minty Spire (QoL Compilation)","READ ME - Guardian Mod","READ ME - Snecko Mod","Spicy Shops","StSLib","The Forsaken","The Jungle","The Wild Card","TheHero","vexMod"],"gold_per_floor":[116,129,140,140,158,185,185,110,110,129,129,161,161,12,12,109,109,127,127,127,127,142,16,16,43,43,77,77,77,177,177,194,214,214,214,214,214],"floor_reached":41,"language":"ENG","playtime":2789,"items_purged":[],"score":488,"play_id":"48a745d0-90ca-4198-bcb7-ac6b76c5e2e6","local_time":"20210114042107","is_ascension_mode":false,"campfire_choices":[{"data":"Rainbow","floor":11.0,"key":"SMITH"},{"data":"aspiration:Polymerization","floor":13.0,"key":"SMITH"},{"floor":15.0,"key":"REST"},{"data":"Zap","floor":24.0,"key":"SMITH"},{"floor":28.0,"key":"REST"},{"floor":32.0,"key":"REST"},{"floor":40,"key":"REST"}],"circlet_count":0,"master_deck":["Strike_B","Strike_B","Strike_B","Defend_B","Defend_B","Defend_B","Defend_B","Zap+1","Dualcast","Barrage","Skim","Glacier+1","Rainbow+1","aspiration:Polymerization+1","Hello World+1","Redo+1","Conserve Battery","Steam+1","Redo+1","Darkness","Cold Snap","Capacitor+1","Normality","Fusion+1","infinitespire:Oblivion+1","Reboot","Steam Power+1","Steam+1"],"relics":["Cracked Core","NeowsBlessing","hubris:Teleporter","Mango","Boot","DataDisk","vexMod:BigBerry","FossilizedHelix","vexMod:PaidLearning","halation:KoshaPiece","Centennial Puzzle","Orichalcum","vexMod:ImprovementManual","Black Star"],"acts_visited":["Exordium","TheCity","TheBeyond"],"potions_floor_usage":[41,41],"damage_taken":[{"damage":0.0,"enemies":"Cultist","floor":1.0,"turns":1.0},{"damage":0.0,"enemies":"Small Slimes","floor":2.0,"turns":1.0},{"damage":0.0,"enemies":"2 Louse","floor":3.0,"turns":1.0},{"damage":0.0,"enemies":"2 Fungi Beasts","floor":5.0,"turns":4.0},{"damage":9.0,"enemies":"Lagavulin","floor":6.0,"turns":7.0},{"damage":5.0,"enemies":"Large Slime","floor":10.0,"turns":5.0},{"damage":23.0,"enemies":"3 Sentries","floor":12.0,"turns":7.0},{"damage":12.0,"enemies":"Slime Boss","floor":16.0,"turns":8.0},{"damage":31.0,"enemies":"Shell Parasite","floor":18.0,"turns":7.0},{"damage":11.0,"enemies":"conspire:FuzzyDice","floor":22.0,"turns":8.0},{"damage":13.0,"enemies":"Gremlin Leader","floor":29.0,"turns":10.0},{"damage":57.0,"enemies":"hubris:MusketHawk","floor":33.0,"turns":8.0},{"damage":0,"enemies":"Orb Walker","floor":35,"turns":4},{"damage":45,"enemies":"3 Darklings","floor":36,"turns":6},{"damage":125,"enemies":"beaked:SuperParasite","floor":41,"turns":18}],"seed_played":"-7057587541601942979","potions_obtained":[{"floor":3.0,"key":"Dexterity Potion"},{"floor":5.0,"key":"PowerPotion"},{"floor":6.0,"key":"FocusPotion"},{"floor":29.0,"key":"Swift Potion"},{"floor":33.0,"key":"SteroidPotion"}],"is_trial":false,"path_per_floor":["M","M","M","?","M","E","?","$","T","M","R","E","R","$","R","B",null,"M","?","?","?","M","$","R","T","R","E","AVR","R","B",null,"M","M","?","R","E"],"character_chosen":"DEFECT","items_purchased":["Hello World","DataDisk","Capacitor","vexMod:PaidLearning"],"campfire_rested":4,"item_purchase_floors":[8,14,23,23],"current_hp_per_floor":[75,75,75,75,75,66,66,66,80,75,75,52,52,52,78,66,119,88,88,88,88,77,77,77,77,112,99,99,119,62,119,119,74,74,109,0,0],"gold":214,"neow_bonus":"THREE_ENEMY_KILL","is_daily":false,"chose_seed":false,"campfire_upgraded":3,"win_rate":0.0,"timestamp":1610594467,"path_taken":["M","M","?","?","M","E","?","$","T","?","R","E","R","?","R","BOSS","M","?","?","?","M","$","R","T","R","E","AVR","R","BOSS","M","?","?","R","E"],"items_purchased_type":["Card","Relic","Card","Relic"],"build_version":"2020-12-22","purchased_purges":0,"victory":false,"max_hp_per_floor":[75,75,75,75,75,75,75,75,89,89,89,89,89,89,89,89,119,119,119,119,119,119,119,119,119,119,119,119,119,119,119,119,119,119,119,119,119],"card_choices":[{"not_picked":["Beam Cell","Compile Driver"],"picked":"Barrage","floor":1.0},{"not_picked":["Compile Driver","Rebound"],"picked":"Skim","floor":2.0},{"not_picked":["Doom and Gloom","Redo"],"picked":"Glacier","floor":3.0},{"not_picked":["Barrage","White Noise"],"picked":"aspiration:Polymerization","floor":5.0},{"not_picked":["Tempest","hubris:PowerSurge"],"picked":"Double Energy","floor":6.0},{"not_picked":["Coolheaded","Gash"],"picked":"Redo","floor":10.0},{"not_picked":["Barrage","Auto Shields"],"picked":"Conserve Battery","floor":12.0},{"not_picked":["Hyperbeam","Fission"],"picked":"All For One","floor":16.0},{"not_picked":["Doom and Gloom+1","Hologram"],"picked":"Steam+1","floor":18.0},{"not_picked":["Ball Lightning","Scrape+1"],"picked":"Cold Snap","floor":22.0},{"not_picked":["Coolheaded","Gash"],"picked":"Fusion","floor":29.0},{"not_picked":["hubris:Prefetch","Core Surge"],"picked":"Reboot","floor":33.0},{"not_picked":["Streamline","Tempest+1"],"picked":"Steam Power+1","floor":35},{"not_picked":["Coolheaded+1","Streamline"],"picked":"Steam+1","floor":36}],"player_experience":183135,"relics_obtained":[{"floor":6.0,"key":"hubris:Teleporter"},{"floor":9.0,"key":"Mango"},{"floor":12.0,"key":"Boot"},{"floor":26.0,"key":"halation:KoshaPiece"},{"floor":29.0,"key":"Centennial Puzzle"}],"event_choices":[{"cards_removed":["Strike_B"],"damage_healed":0.0,"max_hp_gain":0.0,"max_hp_loss":0.0,"gold_gain":0.0,"event_name":"Purifier","player_choice":"Purged","floor":7.0,"gold_loss":0.0,"damage_taken":0.0},{"damage_healed":0.0,"max_hp_gain":0.0,"max_hp_loss":0.0,"gold_gain":0.0,"cards_transformed":["All For One","Double Energy"],"event_name":"Drug Dealer","player_choice":"Became Test Subject","floor":19.0,"gold_loss":0.0,"damage_taken":0.0,"cards_obtained":["Redo","Darkness"]},{"damage_healed":0.0,"max_hp_gain":0.0,"max_hp_loss":0.0,"gold_gain":0.0,"event_name":"Addict","player_choice":"Stole Relic","floor":20.0,"gold_loss":0.0,"damage_taken":0.0,"relics_obtained":["FossilizedHelix"],"cards_obtained":["Shame"]},{"cards_removed":["Shame"],"damage_healed":0.0,"max_hp_gain":0.0,"max_hp_loss":0.0,"gold_gain":0.0,"event_name":"Fountain of Cleansing","player_choice":"Removed Curses","floor":21.0,"gold_loss":0.0,"damage_taken":0.0}],"is_beta":false,"boss_relics":[{"not_picked":["aspiration:PoetsPen","vexMod:FluxCapacitor"],"picked":"vexMod:BigBerry"},{"not_picked":["hubris:BlackHole","hubris:Stopwatch"],"picked":"Black Star"}],"items_purged_floors":[],"is_endless":false,"potions_floor_spawned":[3,5,6,29,33],"killed_by":"beaked:SuperParasite","ascension_level":0}}