{"host":"1u4zr9vl8my47i07","time":1610625276,"event":{"mods":["AchievementEnabler","BaseMod","Colored Map","Highlight Path","Keyboard Shortcuts","Minty Spire (QoL Compilation)","Relic Stats","StSLib","SuperFastMode","Uncapped","Waifu the Spire","everything is the same but u backflip on backflip"],"gold_per_floor":[119,119,190,207,207,207,237,237,237,257,268,268,299,145,145,221,221,239,239,256,51,69,97,25,50,73,73,73,73,92,124,124,195,245,258,49,49,60,73,73,87,87,87,87,20,20,32,64,64,64,64],"floor_reached":50,"language":"KOR","playtime":2501,"items_purged":["Strike_R","Cleave","Bash"],"score":1195,"play_id":"629eaeae-4fcc-4b80-b869-126efbf6dd2c","local_time":"20210114205436","is_ascension_mode":true,"campfire_choices":[{"data":"Seeing Red","floor":6.0,"key":"SMITH"},{"data":"Twin Strike","floor":8.0,"key":"SMITH"},{"data":"Offering","floor":12.0,"key":"SMITH"},{"data":"Feel No Pain","floor":15.0,"key":"SMITH"},{"floor":29.0,"key":"REST"},{"data":"Shockwave","floor":32.0,"key":"SMITH"},{"data":"Bandage Up","floor":40,"key":"SMITH"},{"data":"Shrug It Off","floor":42,"key":"SMITH"},{"data":"Impervious","floor":44,"key":"SMITH"},{"data":"Exhume","floor":49,"key":"SMITH"}],"circlet_count":0,"master_deck":["AscendersBane","Defend_R","Defend_R","Defend_R","Defend_R","Thunderclap+1","Seeing Red+1","Blood for Blood+1","Offering+1","Pommel Strike+1","Feel No Pain+1","Fiend Fire+1","Blood for Blood+1","Pummel+1","Fiend Fire+1","Clothesline+1","Fire Breathing","Bandage Up+1","Warcry+1","Dropkick+1","Flash of Steel+1","Metallicize","Shockwave+1","Armaments+1","Shrug It Off+1","Burning Pact+1","Impatience","Impervious+1","True Grit+1","Feel No Pain","Exhume+1"],"relics":["Burning Blood","NeowsBlessing","Self Forming Clay","White Beast Statue","Orichalcum","Molten Egg 2","Lizard Tail","Astrolabe","NlothsMask","Centennial Puzzle","The Courier","Eternal Feather","Tiny House","Oddly Smooth Stone","Prayer Wheel"],"acts_visited":["Exordium","TheCity","TheBeyond"],"potions_floor_usage":[41,47,48,50],"damage_taken":[{"damage":0.0,"enemies":"Cultist","floor":1.0,"turns":1.0},{"damage":0.0,"enemies":"Jaw Worm","floor":4.0,"turns":1.0},{"damage":0.0,"enemies":"Lagavulin","floor":7.0,"turns":1.0},{"damage":3.0,"enemies":"2 Louse","floor":10.0,"turns":2.0},{"damage":11.0,"enemies":"Exordium Thugs","floor":11.0,"turns":3.0},{"damage":6.0,"enemies":"Gremlin Nob","floor":13.0,"turns":2.0},{"damage":20.0,"enemies":"Slime Boss","floor":16.0,"turns":6.0},{"damage":18.0,"enemies":"2 Thieves","floor":18.0,"turns":2.0},{"damage":6.0,"enemies":"Chosen","floor":20.0,"turns":4.0},{"damage":16.0,"enemies":"Centurion and Healer","floor":22.0,"turns":4.0},{"damage":41.0,"enemies":"Slavers","floor":23.0,"turns":3.0},{"damage":18.0,"enemies":"Book of Stabbing","floor":25.0,"turns":4.0},{"damage":0.0,"enemies":"Snake Plant","floor":28.0,"turns":2.0},{"damage":6.0,"enemies":"Snecko","floor":30.0,"turns":1.0},{"damage":47.0,"enemies":"Gremlin Leader","floor":31.0,"turns":5.0},{"damage":18.0,"enemies":"Champ","floor":33.0,"turns":3.0},{"damage":30.0,"enemies":"3 Darklings","floor":35.0,"turns":5.0},{"damage":7,"enemies":"3 Shapes","floor":38,"turns":5},{"damage":30,"enemies":"Maw","floor":39,"turns":8},{"damage":24,"enemies":"Sphere and 2 Shapes","floor":41,"turns":8},{"damage":24,"enemies":"4 Shapes","floor":47,"turns":6},{"damage":29,"enemies":"Reptomancer","floor":48,"turns":7},{"damage":161,"enemies":"Time Eater","floor":50,"turns":15}],"seed_played":"-846663641658965716","potions_obtained":[{"floor":1.0,"key":"DuplicationPotion"},{"floor":7.0,"key":"Explosive Potion"},{"floor":10.0,"key":"LiquidMemories"},{"floor":13.0,"key":"Swift Potion"},{"floor":16.0,"key":"LiquidMemories"},{"floor":20.0,"key":"EntropicBrew"},{"floor":22.0,"key":"EntropicBrew"},{"floor":30.0,"key":"FearPotion"},{"floor":31.0,"key":"Fruit Juice"},{"floor":33.0,"key":"AttackPotion"},{"floor":38,"key":"BloodPotion"},{"floor":41,"key":"Ancient Potion"},{"floor":46,"key":"ElixirPotion"},{"floor":47,"key":"Fruit Juice"},{"floor":48,"key":"EssenceOfSteel"}],"is_trial":false,"path_per_floor":["M","?","T","M","T","R","E","R","T","M","M","R","E","$","R","B",null,"M","?","M","$","M","E","$","E","T","?","M","R","M","E","R","B",null,"M","$","?","M","M","R","M","R","T","R","$","?","M","E","R","B"],"character_chosen":"IRONCLAD","items_purchased":["Feel No Pain","Bandage Up","Dropkick+1","Flash of Steel+1","Burning Pact","Impatience","Feel No Pain"],"campfire_rested":1,"item_purchase_floors":[14,21,24,24,36,36,45],"current_hp_per_floor":[74,74,74,75,75,75,75,75,75,75,70,70,70,70,70,56,70,58,58,58,58,52,21,21,13,13,13,23,45,45,33,45,37,74,54,54,54,57,39,54,59,74,74,85,85,85,72,55,73,0,0],"gold":64,"neow_bonus":"THREE_ENEMY_KILL","is_daily":false,"chose_seed":false,"campfire_upgraded":9,"win_rate":0.0,"timestamp":1610625276,"path_taken":["M","?","?","?","?","R","E","R","T","M","M","R","E","?","R","BOSS","M","?","?","$","M","E","?","E","T","?","?","R","M","E","R","BOSS","M","$","?","?","M","R","M","R","T","R","?","?","M","E","R","BOSS"],"items_purchased_type":["Card","Card","Card","Card","Card","Card","Card"],"build_version":"2020-12-22","purchased_purges":3,"victory":false,"max_hp_per_floor":[75,75,75,75,75,75,75,75,75,75,75,75,75,75,75,75,75,75,75,75,75,75,75,75,75,75,75,75,75,75,80,80,80,85,85,85,85,85,85,85,85,85,85,85,85,85,90,90,90,90,90],"relic_stats":{"Lizard Tail":45,"Centennial Puzzle":[33],"counters":[23,98],"Self Forming Clay":[171],"Astrolabe":["Blood for Blood","Pummel","Fiend Fire"],"Eternal Feather":71,"Prayer Wheel":0,"Orichalcum":[108],"obtain_stats":[{"Tiny House":34,"NeowsBlessing":0,"Self Forming Clay":3,"Astrolabe":17,"Oddly Smooth Stone":43,"Eternal Feather":31,"The Courier":25,"Orichalcum":7,"Burning Blood":0,"White Beast Statue":5,"Lizard Tail":13,"Centennial Puzzle":23,"Molten Egg 2":9,"Prayer Wheel":48,"NlothsMask":19},{"Tiny House":16,"NeowsBlessing":0,"Self Forming Clay":1,"Astrolabe":7,"Oddly Smooth Stone":20,"Eternal Feather":15,"The Courier":12,"Orichalcum":3,"Burning Blood":0,"White Beast Statue":2,"Lizard Tail":6,"Centennial Puzzle":11,"Molten Egg 2":3,"Prayer Wheel":22,"NlothsMask":8},{"Tiny House":44,"NeowsBlessing":0,"Self Forming Clay":1,"Astrolabe":16,"Oddly Smooth Stone":70,"Eternal Feather":41,"The Courier":33,"Orichalcum":3,"Burning Blood":0,"White Beast Statue":2,"Lizard Tail":10,"Centennial Puzzle":29,"Molten Egg 2":3,"Prayer Wheel":83,"NlothsMask":18}],"Burning Blood":118},"card_choices":[{"not_picked":["Flex","Rupture"],"picked":"Thunderclap","floor":1.0},{"not_picked":["Clothesline","Flex"],"picked":"Cleave","floor":4.0},{"not_picked":["Bloodletting","Havoc"],"picked":"Twin Strike","floor":7.0},{"not_picked":["Armaments","Headbutt+1"],"picked":"Blood for Blood+1","floor":10.0},{"not_picked":["Wild Strike+1","Anger+1"],"picked":"Offering","floor":11.0},{"not_picked":["Infernal Blade","Clash+1"],"picked":"Pommel Strike+1","floor":13.0},{"not_picked":["Impervious","Reaper+1"],"picked":"Fiend Fire+1","floor":16.0},{"not_picked":["Thunderclap+1","Warcry"],"picked":"Clothesline+1","floor":18.0},{"not_picked":["Iron Wave+1","Heavy Blade+1"],"picked":"Fire Breathing","floor":20.0},{"not_picked":["Havoc","Sever Soul+1"],"picked":"Warcry+1","floor":22.0},{"not_picked":["Inflame","Warcry","Cleave+1"],"picked":"SKIP","floor":23.0},{"not_picked":["Metallicize","Twin Strike+1","Cleave+1"],"picked":"SKIP","floor":25.0},{"not_picked":["Limit Break","Cleave+1"],"picked":"Shockwave","floor":30.0},{"not_picked":["Carnage+1","Pommel Strike+1","True Grit"],"picked":"SKIP","floor":31.0},{"not_picked":["Heavy Blade+1","Rupture"],"picked":"Armaments+1","floor":34.0},{"not_picked":["Thunderclap+1","Dark Embrace"],"picked":"Shrug It Off","floor":35.0},{"not_picked":["Wild Strike+1","Cleave+1"],"picked":"Impervious","floor":38},{"not_picked":["Clash+1","Perfected Strike+1","True Grit"],"picked":"SKIP","floor":39},{"not_picked":["Heavy Blade+1","Inflame"],"picked":"True Grit+1","floor":41},{"not_picked":["Iron Wave+1","Dropkick+1"],"picked":"Exhume","floor":47},{"not_picked":["Anger+1","Heavy Blade+1","Hemokinesis+1"],"picked":"SKIP","floor":48}],"player_experience":345660,"relics_obtained":[{"floor":3.0,"key":"Self Forming Clay"},{"floor":5.0,"key":"White Beast Statue"},{"floor":7.0,"key":"Orichalcum"},{"floor":9.0,"key":"Molten Egg 2"},{"floor":13.0,"key":"Lizard Tail"},{"floor":23.0,"key":"Centennial Puzzle"},{"floor":25.0,"key":"The Courier"},{"floor":31.0,"key":"Eternal Feather"},{"floor":43,"key":"Oddly Smooth Stone"},{"floor":48,"key":"Prayer Wheel"}],"event_choices":[{"damage_healed":0.0,"max_hp_gain":0.0,"max_hp_loss":0.0,"gold_gain":0.0,"cards_transformed":["Strike_R"],"event_name":"Living Wall","player_choice":"Change","floor":2.0,"gold_loss":0.0,"damage_taken":0.0,"cards_obtained":["Seeing Red"]},{"damage_healed":0.0,"max_hp_gain":0.0,"max_hp_loss":0.0,"gold_gain":0.0,"event_name":"FaceTrader","player_choice":"Trade","floor":19.0,"gold_loss":0.0,"damage_taken":0.0,"relics_obtained":["NlothsMask"]},{"damage_healed":0.0,"max_hp_gain":0.0,"max_hp_loss":0.0,"gold_gain":0.0,"cards_transformed":["Twin Strike"],"event_name":"Transmorgrifier","player_choice":"Transformed","floor":27.0,"gold_loss":0.0,"damage_taken":0.0,"cards_obtained":["Metallicize"]},{"damage_healed":0.0,"max_hp_gain":0.0,"max_hp_loss":0.0,"gold_gain":0.0,"event_name":"Accursed Blacksmith","player_choice":"Forge","floor":37.0,"gold_loss":0.0,"damage_taken":0.0,"cards_upgraded":["Burning Pact"]},{"damage_healed":0,"gold_gain":0,"player_choice":"Got Potions","damage_taken":0,"max_hp_gain":0,"max_hp_loss":0,"event_name":"Lab","floor":46,"gold_loss":0}],"is_beta":false,"boss_relics":[{"not_picked":["Busted Crown","SacredBark"],"picked":"Astrolabe"},{"not_picked":["Philosopher\u0027s Stone","Velvet Choker"],"picked":"Tiny House"}],"items_purged_floors":[14,21,36],"is_endless":false,"potions_floor_spawned":[1,7,10,11,13,16,18,20,22,23,25,28,30,31,33,35,38,39,41,47,48],"killed_by":"Time Eater","ascension_level":19}}