{"host":"gsu59bb6ixcbb7gk","time":1610597055,"event":{"mods":["BaseMod","Colored Powertips","Downfall","Googly Eyes","Infinite Spire","Minty Spire (QoL Compilation)","Replay The Spire","StSLib"],"gold_per_floor":[111,111,111,111,127,154,166,185,185,185,213,93,43,60,60,161,161,179,192,208,208,108,108,108,135,135,165,165,182,202,214,214,214,214],"floor_reached":33,"language":"ENG","playtime":1905,"items_purged":["Strike_G","Riddle With Holes"],"score":338,"play_id":"78c6454a-aade-47eb-b59f-46c45ca88666","local_time":"20210113230415","is_ascension_mode":true,"campfire_choices":[{"data":"Deadly Poison","floor":10,"key":"SMITH"},{"floor":15,"key":"REST"},{"floor":23,"key":"REST"},{"floor":28,"key":"REST"}],"circlet_count":0,"master_deck":["Survivor","Neutralize","Deadly Poison+1","Deadly Poison","After Image","Fluid Movement","Corpse Explosion","Endless Agony","Flechettes","Draining Mist","Heel Hook","Noxious Fumes+1","Envenom"],"relics":["Ring of the Snake","NeowsBlessing","Regal Pillow","Chameleon Ring","Bronze Scales","infinitespire:Golems Mask","Pandora\u0027s Box","Nunchaku","Snack Pack","Replay:Bottled Eggs"],"acts_visited":["Exordium","TheCity"],"potions_floor_usage":[8,11,25,25,30,30,33,33,33],"damage_taken":[{"damage":0,"enemies":"Cultist","floor":1,"turns":1},{"damage":0,"enemies":"Small Slimes","floor":5,"turns":1},{"damage":0,"enemies":"3 Sentries","floor":6,"turns":1},{"damage":0,"enemies":"Jaw Worm","floor":7,"turns":4},{"damage":15,"enemies":"Gremlin Gang","floor":8,"turns":7},{"damage":10,"enemies":"Gremlin Nob","floor":11,"turns":3},{"damage":0,"enemies":"3 Louse","floor":14,"turns":3},{"damage":63,"enemies":"Slime Boss","floor":16,"turns":12},{"damage":26,"enemies":"Shell Parasite","floor":18,"turns":4},{"damage":6,"enemies":"Chosen","floor":19,"turns":4},{"damage":19,"enemies":"Centurion and Healer","floor":20,"turns":4},{"damage":22,"enemies":"Nightmare","floor":25,"turns":5},{"damage":24,"enemies":"Gremlin Leader","floor":27,"turns":7},{"damage":13,"enemies":"Snecko","floor":29,"turns":4},{"damage":0,"enemies":"3 Cultists","floor":30,"turns":2},{"damage":10,"enemies":"Chosen and Byrds","floor":31,"turns":4},{"damage":44,"enemies":"Automaton","floor":33,"turns":6}],"seed_played":"-3282897961150493504","potions_obtained":[{"floor":1,"key":"Toxic Potion"},{"floor":7,"key":"Block Potion"},{"floor":8,"key":"SpeedPotion"},{"floor":14,"key":"Strength Potion"},{"floor":20,"key":"Poison Potion"},{"floor":27,"key":"CunningPotion"},{"floor":29,"key":"Regen Potion"},{"floor":31,"key":"PowerPotion"},{"floor":32,"key":"champ:CounterPotion"},{"floor":32,"key":"Dexterity Potion"}],"is_trial":false,"path_per_floor":["M","?","?","$","M","E","M","M","T","R","E","$","?","M","R","B",null,"M","M","M","?","$","R","?","NM","T","E","R","M","M","M","R","B"],"character_chosen":"THE_SILENT","items_purchased":["Deadly Poison"],"campfire_rested":3,"item_purchase_floors":[12],"current_hp_per_floor":[70,70,70,70,70,70,70,55,55,55,45,45,45,45,70,7,70,44,38,19,19,19,55,55,33,33,11,47,36,51,41,41,0,0],"gold":214,"neow_bonus":"THREE_ENEMY_KILL","is_daily":false,"chose_seed":false,"campfire_upgraded":1,"win_rate":0.0,"timestamp":1610597055,"path_taken":["M","?","?","$","?","E","?","M","T","R","E","$","?","M","R","BOSS","M","M","M","?","$","R","?","NM","T","E","R","M","M","M","R","BOSS"],"items_purchased_type":["Card"],"build_version":"2020-12-22","purchased_purges":2,"victory":false,"max_hp_per_floor":[70,70,70,70,70,70,70,70,70,70,70,70,70,70,70,70,70,70,70,70,70,70,70,70,70,70,70,70,70,70,70,70,70,70],"card_choices":[{"not_picked":["Sucker Punch","Setup","Flying Knee"],"picked":"SKIP","floor":1},{"not_picked":["Backstab","Sneak Up","PiercingWail"],"picked":"SKIP","floor":5},{"not_picked":["Dodge and Roll","Eviscerate","Footwork"],"picked":"SKIP","floor":6},{"not_picked":["Infinite Blades","Underhanded Strike","Blade Dance"],"picked":"SKIP","floor":7},{"not_picked":["Quick Slash","Acrobatics"],"picked":"Deadly Poison","floor":8},{"not_picked":["Acrobatics","PiercingWail","Doppelganger"],"picked":"SKIP","floor":11},{"not_picked":["Underhanded Strike","Prepared","Backflip"],"picked":"SKIP","floor":14},{"not_picked":["Replay:Bag of Tricks","Glass Knife"],"picked":"After Image","floor":16},{"not_picked":["Deflect+1","Underhanded Strike","Dodge and Roll"],"picked":"SKIP","floor":18},{"not_picked":["Caltrops","ReplayTheSpireMod:Scrap Shanks","Outmaneuver"],"picked":"SKIP","floor":19},{"not_picked":["Outmaneuver","Poisoned Stab"],"picked":"Noxious Fumes","floor":20},{"not_picked":["Hidden Blade","ReplayTheSpireMod:Exploit Weakness","Dodge and Roll+1"],"picked":"SKIP","floor":25},{"not_picked":["Hidden Blade","ReplayTheSpireMod:Shiv Toss","Concentrate+1"],"picked":"SKIP","floor":27},{"not_picked":["Infinite Blades+1","Sucker Punch+1","Blade Dance"],"picked":"SKIP","floor":29},{"not_picked":["Dodge and Roll+1","Caltrops","Hidden Blade+1"],"picked":"SKIP","floor":30},{"not_picked":["Predator","Acrobatics+1"],"picked":"Envenom","floor":31}],"player_experience":220264,"relics_obtained":[{"floor":3,"key":"Regal Pillow"},{"floor":6,"key":"Chameleon Ring"},{"floor":9,"key":"Bronze Scales"},{"floor":11,"key":"infinitespire:Golems Mask"},{"floor":25,"key":"Nunchaku"},{"floor":26,"key":"Snack Pack"},{"floor":27,"key":"Replay:Bottled Eggs"}],"event_choices":[{"cards_removed":["Defend_G"],"damage_healed":0,"gold_gain":0,"player_choice":"Card Removal","damage_taken":0,"max_hp_gain":0,"max_hp_loss":0,"event_name":"The Cleric","floor":13,"gold_loss":50},{"damage_healed":0,"gold_gain":0,"player_choice":"Ignored","damage_taken":0,"max_hp_gain":0,"max_hp_loss":0,"event_name":"Vampires","floor":21,"gold_loss":0},{"damage_healed":0,"gold_gain":0,"player_choice":"Ignored","damage_taken":0,"max_hp_gain":0,"max_hp_loss":0,"event_name":"Cursed Tome","floor":24,"gold_loss":0}],"is_beta":false,"boss_relics":[{"not_picked":["Replay:Wanted Poster","Velvet Choker"],"picked":"Pandora\u0027s Box"}],"items_purged_floors":[12,22],"is_endless":true,"potions_floor_spawned":[1,7,8,14,20,27,29,31],"killed_by":"Automaton","ascension_level":1}}