{"host":"eu5wvbbtjeiar27l","time":1610630644,"event":{"mods":["Astrologer","BaseMod","Colored Powertips","Conspire","Energized Spire","Hubris","Infinite Spire","Mad Scientist","Melee Mod","Minty Spire (QoL Compilation)","Potionbrewer","Rare Cards Sparkle","StSLib","The Construct","The Factory","The Jungle","The Runesmith","The Valiant","Treasure Hunter","themimic","vexMod"],"gold_per_floor":[117,67,79,110,110,141,141,141,141],"floor_reached":8,"language":"ENG","playtime":354,"items_purged":[],"score":54,"play_id":"aac183b1-f9ea-4568-9470-2d86a3d14e15","local_time":"20210114132404","is_ascension_mode":false,"campfire_choices":[{"data":"astrologer:FadingStar","floor":7,"key":"SMITH"}],"circlet_count":0,"master_deck":["astrologer:Strike","astrologer:Strike","astrologer:Strike","astrologer:Defend","astrologer:Defend","astrologer:Defend","astrologer:Defend","astrologer:NorthStar","astrologer:TheFool","astrologer:Still","astrologer:MeteorShower+1","astrologer:StarOfRegret","astrologer:FadingStar+1"],"relics":["astrologer:SkyMirror","NeowsBlessing","Lantern","hubris:OldNail"],"acts_visited":["Exordium"],"potions_floor_usage":[8],"damage_taken":[{"damage":0,"enemies":"Jaw Worm","floor":1,"turns":1},{"damage":0,"enemies":"2 Louse","floor":3,"turns":1},{"damage":0,"enemies":"conspire:MimicChest","floor":4,"turns":1},{"damage":55,"enemies":"Lagavulin","floor":6,"turns":11},{"damage":39,"enemies":"Gremlin Nob","floor":8,"turns":4}],"seed_played":"-7894635915238641274","potions_obtained":[{"floor":4,"key":"potionbrewer:DiscountPotion"},{"floor":6,"key":"Dexterity Potion"}],"is_trial":false,"path_per_floor":["M","?","M","?","?","E","R","E"],"character_chosen":"ASTROLOGER","items_purchased":[],"campfire_rested":0,"item_purchase_floors":[],"current_hp_per_floor":[70,70,70,70,70,15,15,0,0],"gold":141,"neow_bonus":"THREE_ENEMY_KILL","is_daily":false,"chose_seed":false,"campfire_upgraded":1,"win_rate":0.0,"timestamp":1610630644,"path_taken":["M","?","M","?","?","E","R","E"],"items_purchased_type":[],"build_version":"2020-12-22","purchased_purges":0,"victory":false,"max_hp_per_floor":[70,70,70,70,70,70,70,70,70],"card_choices":[{"not_picked":["astrologer:SpaceDust","astrologer:ReadTheStars"],"picked":"astrologer:Still","floor":1},{"not_picked":["astrologer:Still","astrologer:Moonlight"],"picked":"astrologer:MeteorShower","floor":3},{"not_picked":["astrologer:Opposition","astrologer:Still"],"picked":"astrologer:StarOfRegret","floor":4},{"not_picked":["astrologer:Opposition","astrologer:CrystalBall"],"picked":"astrologer:FadingStar","floor":6},{"not_picked":["TH:CopperCoins","TH:Mimic"],"picked":"SKIP","floor":6}],"player_experience":163774,"relics_obtained":[{"floor":4,"key":"Lantern"},{"floor":6,"key":"hubris:OldNail"}],"event_choices":[{"cards_removed":["astrologer:Strike"],"damage_healed":0,"gold_gain":0,"player_choice":"Card Removal","damage_taken":0,"max_hp_gain":0,"max_hp_loss":0,"event_name":"The Cleric","floor":2,"gold_loss":50},{"damage_healed":0,"gold_gain":0,"player_choice":"Grow","damage_taken":0,"max_hp_gain":0,"max_hp_loss":0,"event_name":"Living Wall","floor":5,"gold_loss":0,"cards_upgraded":["astrologer:MeteorShower"]}],"is_beta":false,"boss_relics":[],"items_purged_floors":[],"is_endless":false,"potions_floor_spawned":[4,6],"killed_by":"Gremlin Nob","ascension_level":0}}