{"host":"qa029bqsloh3rj2z","time":1610648396,"event":{"mods":["AchievementEnabler","BaseMod","Colored Powertips","DeckTracker","Minty Spire (QoL Compilation)","Permanent Neow","Waifu the Spire"],"gold_per_floor":[369,369,369,382,161,111,122,147,147,147,47,62,97,111,111,208,208,227,227,227,237,237,265,281,297,320,320,349,349,349],"floor_reached":29,"language":"ENG","playtime":1722,"items_purged":["Strike_R","Strike_R"],"score":273,"play_id":"c0a7dcb5-5c40-47a8-b770-c4d94364ea79","local_time":"20210114131956","is_ascension_mode":false,"campfire_choices":[{"data":"Clash","floor":10,"key":"SMITH"},{"floor":15,"key":"REST"},{"floor":27,"key":"REST"}],"circlet_count":0,"master_deck":["Strike_R+1","Strike_R","Strike_R","Defend_R","Defend_R","Bash+1","Clash+1","Dropkick"],"relics":["Burning Blood","Brimstone","Prayer Wheel","Shuriken","Unceasing Top","Sozu","Blood Vial","Nunchaku","Omamori"],"acts_visited":["Exordium","TheCity"],"potions_floor_usage":[13,23,28],"damage_taken":[{"damage":5,"enemies":"2 Louse","floor":1,"turns":3},{"damage":1,"enemies":"Jaw Worm","floor":4,"turns":3},{"damage":0,"enemies":"Cultist","floor":7,"turns":2},{"damage":15,"enemies":"Lagavulin","floor":8,"turns":3},{"damage":2,"enemies":"3 Louse","floor":12,"turns":2},{"damage":16,"enemies":"3 Sentries","floor":13,"turns":4},{"damage":0,"enemies":"Exordium Wildlife","floor":14,"turns":2},{"damage":7,"enemies":"Slime Boss","floor":16,"turns":8},{"damage":8,"enemies":"Shell Parasite","floor":18,"turns":3},{"damage":7,"enemies":"Spheric Guardian","floor":21,"turns":3},{"damage":23,"enemies":"Book of Stabbing","floor":23,"turns":3},{"damage":24,"enemies":"Snake Plant","floor":24,"turns":3},{"damage":7,"enemies":"Cultist and Chosen","floor":25,"turns":3},{"damage":28,"enemies":"Gremlin Leader","floor":28,"turns":4},{"damage":40,"enemies":"Shelled Parasite and Fungi","floor":29,"turns":2}],"seed_played":"-6400714049410398384","potions_obtained":[{"floor":4,"key":"CultistPotion"},{"floor":7,"key":"Swift Potion"},{"floor":12,"key":"EntropicBrew"}],"is_trial":false,"path_per_floor":["M","?","?","M","$","?","M","E","T","R","$","M","E","M","R","B",null,"M","?","?","M","?","E","M","M","T","R","E","M"],"character_chosen":"IRONCLAD","items_purchased":["Brimstone"],"campfire_rested":2,"item_purchase_floors":[5],"current_hp_per_floor":[72,58,58,63,63,63,69,60,60,60,60,64,54,60,72,71,72,70,70,70,69,69,52,36,37,37,58,38,0,0],"gold":349,"neow_bonus":"TWO_FIFTY_GOLD","is_daily":false,"chose_seed":false,"campfire_upgraded":1,"win_rate":0.0,"timestamp":1610648396,"path_taken":["M","?","?","?","$","?","M","E","T","R","?","M","E","M","R","BOSS","M","?","?","?","?","E","?","M","T","R","E","M"],"items_purchased_type":["Relic"],"build_version":"2020-12-22","purchased_purges":2,"victory":false,"max_hp_per_floor":[72,72,72,72,72,72,72,72,72,72,72,72,72,72,72,72,72,72,72,72,72,72,72,72,72,72,72,72,72,72],"card_choices":[{"not_picked":["Headbutt","Warcry","Armaments"],"picked":"SKIP","floor":1},{"not_picked":["Clothesline","Second Wind","Warcry"],"picked":"SKIP","floor":4},{"not_picked":["Headbutt","Cleave"],"picked":"Clash","floor":7},{"not_picked":["Iron Wave","Feel No Pain","Pommel Strike"],"picked":"SKIP","floor":8},{"not_picked":["Clothesline","Sword Boomerang","Evolve"],"picked":"SKIP","floor":12},{"not_picked":["Power Through","Disarm","Iron Wave"],"picked":"SKIP","floor":12},{"not_picked":["Clothesline","Offering","Searing Blow"],"picked":"SKIP","floor":13},{"not_picked":["Rupture","Body Slam","Anger"],"picked":"SKIP","floor":14},{"not_picked":["Headbutt","Clothesline","Warcry"],"picked":"SKIP","floor":14},{"not_picked":["Hemokinesis","Twin Strike","Pommel Strike"],"picked":"SKIP","floor":18},{"not_picked":["Iron Wave","Inflame","Searing Blow"],"picked":"SKIP","floor":18},{"not_picked":["Flex","Sentinel","Havoc"],"picked":"SKIP","floor":21},{"not_picked":["Carnage","Warcry","Heavy Blade"],"picked":"SKIP","floor":21},{"not_picked":["Offering","Hemokinesis","Anger"],"picked":"SKIP","floor":23},{"not_picked":["Havoc","Spot Weakness","Power Through+1"],"picked":"SKIP","floor":24},{"not_picked":["Clothesline","Twin Strike","Seeing Red"],"picked":"SKIP","floor":24},{"not_picked":["Cleave","Iron Wave","Uppercut"],"picked":"SKIP","floor":25},{"not_picked":["Second Wind","Flex","Havoc"],"picked":"SKIP","floor":25},{"not_picked":["Reckless Charge","Body Slam","Immolate"],"picked":"SKIP","floor":28}],"player_experience":40200,"relics_obtained":[{"floor":8,"key":"Prayer Wheel"},{"floor":9,"key":"Shuriken"},{"floor":13,"key":"Unceasing Top"},{"floor":23,"key":"Blood Vial"},{"floor":26,"key":"Nunchaku"},{"floor":28,"key":"Omamori"}],"event_choices":[{"damage_healed":0,"gold_gain":0,"player_choice":"Entered Light","damage_taken":14,"max_hp_gain":0,"max_hp_loss":0,"event_name":"Shining Light","floor":2,"gold_loss":0,"cards_upgraded":["Strike_R","Bash"]},{"damage_healed":0,"gold_gain":0,"player_choice":"Ignored","damage_taken":0,"max_hp_gain":0,"max_hp_loss":0,"event_name":"NoteForYourself","floor":3,"gold_loss":0},{"cards_removed":["Defend_R"],"damage_healed":0,"gold_gain":0,"player_choice":"Card Removal","damage_taken":0,"max_hp_gain":0,"max_hp_loss":0,"event_name":"The Cleric","floor":6,"gold_loss":50},{"damage_healed":0,"gold_gain":0,"player_choice":"Read","damage_taken":0,"max_hp_gain":0,"max_hp_loss":0,"event_name":"The Library","floor":19,"gold_loss":0,"cards_obtained":["Dropkick"]},{"cards_removed":["Defend_R"],"damage_healed":0,"gold_gain":0,"player_choice":"Card Removal","damage_taken":0,"max_hp_gain":0,"max_hp_loss":0,"event_name":"Wheel of Change","floor":20,"gold_loss":0},{"damage_healed":0,"gold_gain":0,"player_choice":"Ignored","damage_taken":0,"max_hp_gain":0,"max_hp_loss":0,"event_name":"N\u0027loth","floor":22,"gold_loss":0}],"is_beta":false,"boss_relics":[{"not_picked":["Empty Cage","Black Star"],"picked":"Sozu"}],"items_purged_floors":[5,11],"is_endless":false,"potions_floor_spawned":[4,7,12,18,21],"killed_by":"Shelled Parasite and Fungi","ascension_level":0}}