{"host":"y76x98twjnyyxs83","time":1610660527,"event":{"mods":["BaseMod","Colored Powertips","Minty Spire (QoL Compilation)","Permanent Neow","Quick Restart","Rare Cards Sparkle","Relic Stats","StSLib"],"gold_per_floor":[116,116,133,145,145,145,105,132,201,216,216,216],"floor_reached":11,"language":"ENG","playtime":428,"items_purged":[],"score":135,"play_id":"b210f76f-84e2-4e25-9f4e-52f79dd5fefb","local_time":"20210115054207","is_ascension_mode":true,"campfire_choices":[{"data":"Neutralize","floor":6,"key":"SMITH"}],"circlet_count":0,"master_deck":["AscendersBane","Strike_G","Strike_G","Strike_G","Strike_G","Defend_G","Defend_G","Defend_G","Defend_G+1","Defend_G+1","Survivor","Neutralize+1","Blur","Acrobatics","Cloak And Dagger","Malaise","Predator","Dagger Spray","Flying Knee"],"relics":["Sozu","Ancient Tea Set"],"acts_visited":["Exordium"],"potions_floor_usage":[],"damage_taken":[{"damage":4,"enemies":"Small Slimes","floor":1,"turns":5},{"damage":0,"enemies":"2 Louse","floor":3,"turns":3},{"damage":2,"enemies":"Cultist","floor":4,"turns":5},{"damage":0,"enemies":"Looter","floor":7,"turns":4},{"damage":27,"enemies":"Gremlin Nob","floor":8,"turns":5},{"damage":0,"enemies":"Blue Slaver","floor":10,"turns":5},{"damage":6,"enemies":"3 Sentries","floor":11,"turns":5}],"seed_played":"-8853298136223947263","potions_obtained":[],"is_trial":false,"path_per_floor":["M","?","M","M","?","R","M","E","T","M","E"],"character_chosen":"THE_SILENT","items_purchased":[],"campfire_rested":0,"item_purchase_floors":[],"current_hp_per_floor":[55,35,35,33,33,33,33,6,6,6,0,0],"gold":216,"neow_bonus":"BOSS_RELIC","is_daily":false,"chose_seed":false,"campfire_upgraded":1,"win_rate":0.0,"timestamp":1610660527,"path_taken":["M","?","M","M","?","R","M","E","T","M","E"],"items_purchased_type":[],"build_version":"2020-12-22","purchased_purges":0,"victory":false,"max_hp_per_floor":[66,66,66,66,66,66,66,66,66,66,66,66],"relic_stats":{"Sozu":3,"counters":[7,32],"obtain_stats":[{"Sozu":0,"Ancient Tea Set":8,"Ring of the Snake":0},{"Sozu":0,"Ancient Tea Set":5,"Ring of the Snake":0},{"Sozu":0,"Ancient Tea Set":22,"Ring of the Snake":0}]},"card_choices":[{"not_picked":["Catalyst","Flying Knee"],"picked":"Blur","floor":1},{"not_picked":["Tactician","Cloak And Dagger"],"picked":"Acrobatics","floor":3},{"not_picked":["Setup","Acrobatics"],"picked":"Cloak And Dagger","floor":4},{"not_picked":["Blade Dance","Acrobatics"],"picked":"Predator","floor":7},{"not_picked":["Underhanded Strike","Doppelganger"],"picked":"Dagger Spray","floor":8},{"not_picked":["Bane","Concentrate"],"picked":"Flying Knee","floor":10}],"player_experience":1146825,"relics_obtained":[{"floor":8,"key":"Ancient Tea Set"}],"event_choices":[{"damage_healed":0,"gold_gain":0,"player_choice":"Entered Light","damage_taken":20,"max_hp_gain":0,"max_hp_loss":0,"event_name":"Shining Light","floor":2,"gold_loss":0,"cards_upgraded":["Defend_G","Defend_G"]},{"damage_healed":0,"gold_gain":0,"cards_transformed":["Strike_G"],"player_choice":"Transformed","damage_taken":0,"max_hp_gain":0,"max_hp_loss":0,"event_name":"Transmorgrifier","floor":5,"gold_loss":0,"cards_obtained":["Malaise"]}],"is_beta":false,"boss_relics":[],"items_purged_floors":[],"is_endless":false,"potions_floor_spawned":[1,3,4],"killed_by":"3 Sentries","ascension_level":17}}