{"host":"56ghxnzsglgdq727","time":1610589161,"event":{"mods":["AchievementEnabler","BaseMod","Downfall","Duelist Mod","Minty Spire (QoL Compilation)","Rare Cards Sparkle","StSLib","The Bug Knight","The Exalted","The Senshi","The Wild Card"],"gold_per_floor":[135,154,166,166,166,166,178,178,205,205,74,74,74,108,108,108,108],"floor_reached":16,"language":"ENG","playtime":637,"items_purged":["theDuelist:Sparks"],"score":113,"play_id":"afcb1b25-6b84-4902-a2cf-3316f630e8e9","local_time":"20210113205241","is_ascension_mode":true,"campfire_choices":[{"data":"theDuelist:VoidExpansion","floor":6,"key":"SMITH"},{"data":"theDuelist:ContractExodia","floor":8,"key":"SMITH"},{"floor":10,"key":"REST"},{"data":"theDuelist:ContractExodia","floor":12,"key":"SMITH"},{"floor":15,"key":"REST"}],"circlet_count":0,"master_deck":["theDuelist:CastleWalls","theDuelist:CastleWalls","theDuelist:DarkMagician","theDuelist:MysticalElf+1","theDuelist:MysticalElf","theDuelist:NeoMagic","theDuelist:NeoMagic","theDuelist:Sparks","theDuelist:Sparks+1","theDuelist:RainbowKuriboh+1","theDuelist:VoidExpansion+1","theDuelist:ContractExodia+1","theDuelist:ContractExodia+1"],"relics":["theDuelist:MillenniumPuzzle","theDuelist:CardPoolRelic","theDuelist:CardPoolBasicRelic","theDuelist:BoosterPackPoolRelic","theDuelist:CardPoolAddRelic","theDuelist:CardPoolMinusRelic","theDuelist:CardPoolSaveRelic","theDuelist:CardPoolOptionsRelic","Smiling Mask","theSenshi:SailorFukuRelic","Blood Vial"],"acts_visited":[],"potions_floor_usage":[14,14],"damage_taken":[{"damage":4,"enemies":"Cultist","floor":1,"turns":4},{"damage":2,"enemies":"2 Louse","floor":2,"turns":3},{"damage":1,"enemies":"Small Slimes","floor":3,"turns":4},{"damage":16,"enemies":"2 Fungi Beasts","floor":7,"turns":3},{"damage":25,"enemies":"Lagavulin","floor":14,"turns":8},{"damage":68,"enemies":"Hexaghost","floor":16,"turns":11}],"seed_played":"-4874112240345411713","potions_obtained":[{"floor":1,"key":"theDuelist:OrbBottle"},{"floor":7,"key":"theDuelist:VampireVial"}],"is_trial":false,"path_per_floor":["M","M","M","?","?","R","M","R","T","R","$","R","?","E","R","B"],"character_chosen":"THE_DUELIST","items_purchased":["theDuelist:ContractExodia"],"campfire_rested":2,"item_purchase_floors":[11],"current_hp_per_floor":[76,74,73,73,57,57,41,41,41,65,65,65,65,40,64,0,0],"gold":108,"neow_bonus":"RANDOM_COMMON_RELIC","is_daily":false,"chose_seed":false,"campfire_upgraded":3,"win_rate":0.0,"timestamp":1610589161,"path_taken":["M","M","?","?","?","R","M","R","T","R","$","R","?","E","R","BOSS"],"items_purchased_type":["Card"],"build_version":"2020-12-22","purchased_purges":1,"victory":false,"max_hp_per_floor":[80,80,80,80,80,80,80,80,80,80,80,80,80,80,80,80,80],"card_choices":[{"not_picked":["theDuelist:ThousandEyesIdol","theDuelist:AltarTribute","theDuelist:WhiteMagicalHat","theDuelist:DiffusionWaveMotion","theDuelist:CrystalWingDragon"],"picked":"SKIP","floor":1},{"not_picked":["theDuelist:RainbowMagician","theDuelist:IrisEarthMother","theDuelist:RainbowDarkDragon","theDuelist:RainbowOverdragon"],"picked":"theDuelist:RainbowKuriboh","floor":2},{"not_picked":["theDuelist:SangaThunder","theDuelist:GiantTrunade","theDuelist:TimeWizard","theDuelist:MagiciansRod"],"picked":"theDuelist:VoidExpansion","floor":3},{"not_picked":["theDuelist:ExodiaLA","theDuelist:ExodiaRA","theDuelist:ExodiaRL","theDuelist:ExodiaNecross"],"picked":"theDuelist:ContractExodia","floor":7},{"not_picked":["theDuelist:MonsterOrbCard","theDuelist:GadgetOrbCard","theDuelist:DarkOrbCard","theDuelist:ShadowOrbCard","theDuelist:MetalOrbCard"],"picked":"SKIP","floor":14}],"player_experience":241361,"relics_obtained":[{"floor":9,"key":"theSenshi:SailorFukuRelic"},{"floor":14,"key":"Blood Vial"}],"event_choices":[{"damage_healed":0,"gold_gain":0,"player_choice":"Grow","damage_taken":0,"max_hp_gain":0,"max_hp_loss":0,"event_name":"Living Wall","floor":4,"gold_loss":0,"cards_upgraded":["theDuelist:RainbowKuriboh"]},{"damage_healed":0,"gold_gain":0,"player_choice":"Entered Light","damage_taken":16,"max_hp_gain":0,"max_hp_loss":0,"event_name":"Shining Light","floor":5,"gold_loss":0,"cards_upgraded":["theDuelist:MysticalElf","theDuelist:Sparks"]}],"is_beta":false,"boss_relics":[],"items_purged_floors":[11],"is_endless":false,"potions_floor_spawned":[1,7],"killed_by":"Hexaghost","ascension_level":3}}