{"host":"x21cvmfdo17nyhii","time":1610612274,"event":{"mods":["AchievementEnabler","BaseMod","Colored Map","Colored Powertips","DeckTracker","Highlight Path","Minty Spire (QoL Compilation)","Quick Restart","Rare Cards Sparkle","SuperFastMode"],"gold_per_floor":[118,218,194,194,212,241,252,268,268,298,325,325,355,388,400,516,528,508,140,140,159,159,159,188,188,235,251,281,299,299,314,314,413,413,429,439,85,85,85,85,119,119,119,130,149,166,166,166,166,166],"floor_reached":51,"language":"ENG","playtime":2140,"items_purged":["Strike_B","Strike_B"],"score":985,"play_id":"ac6dbedb-2182-454c-a4b8-2e5dd45f3e34","local_time":"20210114001754","is_ascension_mode":true,"campfire_choices":[{"floor":12.0,"key":"REST"},{"data":"Glacier","floor":15.0,"key":"SMITH"},{"data":"Metamorphosis","floor":23.0,"key":"SMITH"},{"floor":25.0,"key":"REST"},{"floor":30.0,"key":"REST"},{"floor":32.0,"key":"REST"},{"data":"Double Energy","floor":40.0,"key":"SMITH"},{"data":"Hologram","floor":42.0,"key":"SMITH"},{"data":"Hologram","floor":49.0,"key":"SMITH"}],"circlet_count":0,"master_deck":["Strike_B","Strike_B","Defend_B","Defend_B","Defend_B","Zap","Dualcast+1","Rebound","Hologram+1","Leap","Sweeping Beam","Conserve Battery","Conserve Battery","Glacier+1","Core Surge","Echo Form","CurseOfTheBell","Double Energy+1","Metamorphosis+1","FTL+1","All For One","Hologram+1","Stack+1","Conserve Battery+1","Metamorphosis+1","Hologram+1","Parasite","Hologram+1"],"relics":["Cracked Core","NeowsBlessing","MealTicket","Mummified Hand","PreservedInsect","FossilizedHelix","Odd Mushroom","MawBank","Calling Bell","Smiling Mask","Kunai","TungstenRod","ClockworkSouvenir","MutagenicStrength","Gremlin Horn","Oddly Smooth Stone","Bag of Preparation","Cursed Key","War Paint","DollysMirror","Regal Pillow","Shuriken"],"acts_visited":["Exordium","TheCity","TheBeyond"],"potions_floor_usage":[50,50],"damage_taken":[{"damage":0.0,"enemies":"Small Slimes","floor":1.0,"turns":1.0},{"damage":0.0,"enemies":"Cultist","floor":5.0,"turns":1.0},{"damage":0.0,"enemies":"Gremlin Nob","floor":6.0,"turns":1.0},{"damage":6.0,"enemies":"Jaw Worm","floor":7.0,"turns":4.0},{"damage":13.0,"enemies":"Exordium Wildlife","floor":8.0,"turns":5.0},{"damage":18.0,"enemies":"Lagavulin","floor":10.0,"turns":6.0},{"damage":0.0,"enemies":"The Mushroom Lair","floor":11.0,"turns":3.0},{"damage":0.0,"enemies":"3 Sentries","floor":14.0,"turns":7.0},{"damage":5.0,"enemies":"Hexaghost","floor":16.0,"turns":12.0},{"damage":15.0,"enemies":"2 Thieves","floor":18.0,"turns":5.0},{"damage":0.0,"enemies":"Spheric Guardian","floor":21.0,"turns":4.0},{"damage":34.0,"enemies":"Gremlin Leader","floor":24.0,"turns":7.0},{"damage":18.0,"enemies":"Snake Plant","floor":27.0,"turns":5.0},{"damage":32.0,"enemies":"Slavers","floor":28.0,"turns":4.0},{"damage":0.0,"enemies":"Snecko","floor":29.0,"turns":4.0},{"damage":0.0,"enemies":"Centurion and Healer","floor":31.0,"turns":4.0},{"damage":10.0,"enemies":"Collector","floor":33.0,"turns":7.0},{"damage":0.0,"enemies":"Orb Walker","floor":35.0,"turns":4.0},{"damage":27.0,"enemies":"3 Darklings","floor":36.0,"turns":5.0},{"damage":0.0,"enemies":"Reptomancer","floor":41.0,"turns":3.0},{"damage":22.0,"enemies":"Sphere and 2 Shapes","floor":44.0,"turns":5.0},{"damage":46.0,"enemies":"Transient","floor":45.0,"turns":5.0},{"damage":0.0,"enemies":"3 Darklings","floor":46.0,"turns":4.0},{"damage":23,"enemies":"Donu and Deca","floor":50,"turns":8}],"seed_played":"7011685127276902874","potions_obtained":[{"floor":5.0,"key":"ColorlessPotion"},{"floor":7.0,"key":"DistilledChaos"},{"floor":14.0,"key":"ColorlessPotion"},{"floor":16.0,"key":"AttackPotion"},{"floor":24.0,"key":"FearPotion"},{"floor":28.0,"key":"Strength Potion"},{"floor":36.0,"key":"PowerPotion"},{"floor":45.0,"key":"SkillPotion"},{"floor":46.0,"key":"PowerPotion"}],"is_trial":false,"path_per_floor":["M","?","$","?","M","E","M","M","T","E","?","R","?","E","R","B",null,"M","$","?","M","?","R","E","R","T","M","E","M","R","M","R","B",null,"M","M","$","?","$","R","E","R","T","M","M","M","?","?","R","B",null],"character_chosen":"DEFECT","items_purchased":["Hologram","Metamorphosis","ClockworkSouvenir","War Paint","DollysMirror"],"campfire_rested":4,"item_purchase_floors":[3,19,19,37,37],"current_hp_per_floor":[75,75,75,72,72,72,66,53,53,35,35,57,57,57,57,52,75,60,75,75,75,75,75,41,63,63,45,13,13,35,35,57,47,75,75,48,63,63,75,75,75,75,75,53,7,7,7,85,85,62],"gold":166,"neow_bonus":"THREE_ENEMY_KILL","is_daily":false,"chose_seed":false,"campfire_upgraded":5,"win_rate":0.0,"timestamp":1610612274,"path_taken":["M","?","?","?","?","E","M","M","T","E","?","R","?","E","R","BOSS","M","$","?","M","?","R","E","R","T","M","E","M","R","M","R","BOSS","M","M","?","?","$","R","E","R","T","M","M","M","?","?","R","BOSS"],"items_purchased_type":["Card","Card","Relic","Relic","Relic"],"build_version":"2020-12-22","purchased_purges":2,"victory":true,"max_hp_per_floor":[75,75,75,75,75,75,75,75,75,75,75,75,75,75,75,75,75,75,75,75,75,75,75,75,75,75,75,75,75,75,75,75,75,75,75,75,75,75,75,75,75,75,75,75,75,75,75,85,85,85],"card_choices":[{"not_picked":["Rip and Tear","Compile Driver"],"picked":"Rebound","floor":1.0},{"not_picked":["Stack","Coolheaded"],"picked":"Leap","floor":5.0},{"not_picked":["Blizzard","Reprogram"],"picked":"Sweeping Beam","floor":6.0},{"not_picked":["Consume","Force Field"],"picked":"Conserve Battery","floor":7.0},{"not_picked":["Coolheaded","Ball Lightning"],"picked":"Conserve Battery","floor":8.0},{"not_picked":["Creative AI","Aggregate"],"picked":"Glacier","floor":10.0},{"not_picked":["Leap","Recycle"],"picked":"FTL","floor":11.0},{"not_picked":["Consume","Static Discharge"],"picked":"Core Surge","floor":14.0},{"not_picked":["Amplify","Multi-Cast"],"picked":"Echo Form","floor":16.0},{"not_picked":["Barrage","Steam Power"],"picked":"Double Energy","floor":18.0},{"not_picked":["Sweeping Beam","Streamline","Darkness"],"picked":"SKIP","floor":21.0},{"not_picked":["Stack","Tempest","Steam"],"picked":"SKIP","floor":24.0},{"not_picked":["Redo","Stack+1"],"picked":"FTL+1","floor":27.0},{"not_picked":["Streamline","Cold Snap","Ball Lightning"],"picked":"SKIP","floor":28.0},{"not_picked":["Stack","Leap"],"picked":"All For One","floor":29.0},{"not_picked":["Defragment+1","Beam Cell"],"picked":"Hologram","floor":31.0},{"not_picked":["Machine Learning","Multi-Cast"],"picked":"Rainbow","floor":33.0},{"not_picked":["Streamline+1","Aggregate+1"],"picked":"Stack+1","floor":35.0},{"not_picked":["Barrage+1","Ball Lightning+1"],"picked":"Conserve Battery+1","floor":36.0},{"not_picked":["White Noise+1","Compile Driver+1"],"picked":"Hologram+1","floor":41.0},{"not_picked":["Go for the Eyes","Streamline","Leap+1"],"picked":"SKIP","floor":44.0},{"not_picked":["Melter","Sweeping Beam+1","Blizzard"],"picked":"SKIP","floor":45.0},{"not_picked":["Force Field","Steam"],"picked":"Hologram+1","floor":46.0}],"player_experience":367987,"relics_obtained":[{"floor":6.0,"key":"Mummified Hand"},{"floor":9.0,"key":"PreservedInsect"},{"floor":10.0,"key":"FossilizedHelix"},{"floor":11.0,"key":"Odd Mushroom"},{"floor":14.0,"key":"MawBank"},{"floor":17.0,"key":"Smiling Mask"},{"floor":17.0,"key":"Kunai"},{"floor":17.0,"key":"TungstenRod"},{"floor":24.0,"key":"Gremlin Horn"},{"floor":26.0,"key":"Oddly Smooth Stone"},{"floor":28.0,"key":"Bag of Preparation"},{"floor":41.0,"key":"Regal Pillow"},{"floor":43.0,"key":"Shuriken"}],"event_choices":[{"damage_healed":0.0,"max_hp_gain":0.0,"max_hp_loss":0.0,"gold_gain":100.0,"event_name":"Golden Shrine","player_choice":"Pray","floor":2.0,"gold_loss":0.0,"damage_taken":0.0},{"damage_healed":0.0,"max_hp_gain":0.0,"max_hp_loss":0.0,"gold_gain":0.0,"event_name":"Scrap Ooze","player_choice":"Success","floor":4.0,"gold_loss":0.0,"damage_taken":3.0,"relics_obtained":["MealTicket"]},{"damage_healed":0.0,"max_hp_gain":0.0,"max_hp_loss":0.0,"gold_gain":0.0,"event_name":"Mushrooms","player_choice":"Fought Mushrooms","floor":11.0,"gold_loss":0.0,"damage_taken":0.0},{"damage_healed":0.0,"max_hp_gain":0.0,"max_hp_loss":0.0,"gold_gain":30.0,"event_name":"Dead Adventurer","player_choice":"Searched \u00272\u0027 times","floor":13.0,"gold_loss":0.0,"damage_taken":0.0},{"damage_healed":0.0,"max_hp_gain":0.0,"max_hp_loss":0.0,"gold_gain":0.0,"event_name":"Drug Dealer","player_choice":"Inject Mutagens","floor":20.0,"gold_loss":0.0,"damage_taken":0.0,"relics_obtained":["MutagenicStrength"]},{"cards_removed":["Defend_B"],"damage_healed":0.0,"max_hp_gain":0.0,"max_hp_loss":0.0,"gold_gain":0.0,"event_name":"Purifier","player_choice":"Purged","floor":22.0,"gold_loss":0.0,"damage_taken":0.0},{"cards_removed":["FTL"],"damage_healed":0.0,"max_hp_gain":0.0,"max_hp_loss":0.0,"gold_gain":0.0,"event_name":"Falling","player_choice":"Removed Attack","floor":38.0,"gold_loss":0.0,"damage_taken":0.0},{"damage_healed":0.0,"max_hp_gain":0.0,"max_hp_loss":0.0,"gold_gain":0.0,"event_name":"Mysterious Sphere","player_choice":"Ignored","floor":47.0,"gold_loss":0.0,"damage_taken":0.0},{"cards_removed":["Rainbow"],"damage_healed":68.0,"max_hp_gain":10.0,"max_hp_loss":0.0,"gold_gain":0.0,"event_name":"Bonfire Elementals","player_choice":"Offered Rare","floor":48.0,"gold_loss":0.0,"damage_taken":0.0}],"is_beta":false,"boss_relics":[{"not_picked":["Sozu","SlaversCollar"],"picked":"Calling Bell"},{"not_picked":["Fusion Hammer","Runic Dome"],"picked":"Cursed Key"}],"items_purged_floors":[19,37],"is_endless":false,"potions_floor_spawned":[5,7,14,16,24,28,31,36,45,46],"ascension_level":4}}