{"host":"sjj8vlgjxyarc0at","time":1610595565,"event":{"mods":["BaseMod","Colored Powertips","Minty Spire (QoL Compilation)","Replay The Spire","SOS（斯巴达之子）","StSLib","The Administrix","The Construct","The Servant 0.9.4","【功能Mod】聪明的最终Boss"],"gold_per_floor":[152,152,152,163,36,94,94,130,130,130,130,181,181,231,231,374,374,443,413,457,510,510,510,19,19,74,92,92,107,137,155,155,255,255,316,342,396,453,489,489,523,523,523,536,571,571,281,256,256,218],"floor_reached":51,"language":"ZHS","playtime":6141,"items_purged":["Shoot","Sickly"],"score":700,"play_id":"7166d25e-737c-4deb-bf6a-3d47229a9a10","local_time":"20210114113925","is_ascension_mode":true,"campfire_choices":[{"data":"Provocation","floor":7.0,"key":"SMITH"},{"data":"Swordmaster","floor":10.0,"key":"SMITH"},{"data":"Swordcombo","floor":13.0,"key":"SMITH"},{"data":"Dash2","floor":15.0,"key":"SMITH"},{"data":"DT","floor":23.0,"key":"SMITH"},{"data":"ReplayUltimateDefense","floor":25.0,"key":"SMITH"},{"data":"Millionstab","floor":28.0,"key":"SMITH"},{"data":"Airtrick","floor":32.0,"key":"SMITH"},{"data":"Rebellion","floor":40,"key":"SMITH"},{"data":"Trickster","floor":42,"key":"SMITH"},{"data":"SSScard","floor":46,"key":"SMITH"},{"data":"Weaponchange","floor":49,"key":"SMITH"}],"circlet_count":0,"master_deck":["Attack_a","Attack_a+1","Attack_b","Shoot+1","Provocation+1","Defend_Dante","Defend_Dante","Defend_Dante","Defend_Dante","Redorb","construct:AttackMode+1","Defend_G","Enemystep+1","Millionstab","Dash2+1","Rebellion","Rebellion+1","Greenorb","Straight+1","Swordmaster+1","Swordcombo+1","Greenorb","Weaponreturn","Millionstab+1","Hightime+1","DT+1","Ghostly+1","Ghostly+1","Ghostly+1","Ghostly+1","Ghostly+1","ReplayUltimateDefense+1","Airtrick+1","Kick13","SSScard+1","Trickster+1","Millionstab+1","Whiteorb+1","DT+1","DevilstarS+1","SSScard+1","Swordmaster+1","Weaponchange+1","GilgameshcomboA+1"],"relics":["SSS","Combocheck","Question Card","Chameleon Ring","Replay:Mystery Machine","Black Star","Replay:Bottled Eggs","Dream Catcher","Cursed Key","Replay:Multitool","Orichalcum","Bag of Marbles","Mercury Hourglass","Nunchaku","Pantograph","Whetstone"],"acts_visited":["Exordium","TheCity","TheBeyond"],"potions_floor_usage":[],"damage_taken":[{"damage":12.0,"enemies":"Jaw Worm","floor":1.0,"turns":6.0},{"damage":0.0,"enemies":"Small Slimes","floor":4.0,"turns":3.0},{"damage":27.0,"enemies":"Replay:BlueRogue","floor":6.0,"turns":8.0},{"damage":0.0,"enemies":"Cultist","floor":8.0,"turns":3.0},{"damage":12.0,"enemies":"3 Sentries","floor":12.0,"turns":6.0},{"damage":0.0,"enemies":"Red Slaver","floor":14.0,"turns":3.0},{"damage":44.0,"enemies":"The Guardian","floor":16.0,"turns":7.0},{"damage":0.0,"enemies":"3 Byrds","floor":18.0,"turns":5.0},{"damage":2.0,"enemies":"Chosen","floor":20.0,"turns":4.0},{"damage":18.0,"enemies":"Shelled Parasite and Fungi","floor":21.0,"turns":6.0},{"damage":0.0,"enemies":"Centurion and Healer","floor":27.0,"turns":1.0},{"damage":13.0,"enemies":"3 Cultists","floor":29.0,"turns":7.0},{"damage":25.0,"enemies":"Cultist and Chosen","floor":30.0,"turns":7.0},{"damage":0.0,"enemies":"Centurion and Healer","floor":31.0,"turns":4.0},{"damage":0.0,"enemies":"Champ","floor":33.0,"turns":8.0},{"damage":0.0,"enemies":"Orb Walker","floor":35.0,"turns":4.0},{"damage":14,"enemies":"3 Shapes","floor":36,"turns":6},{"damage":0,"enemies":"Spire Growth","floor":37,"turns":5},{"damage":0,"enemies":"Mind Bloom Boss Battle","floor":38,"turns":5},{"damage":0,"enemies":"4 Shapes","floor":39,"turns":4},{"damage":0,"enemies":"Giant Head","floor":41,"turns":5},{"damage":0,"enemies":"Maw","floor":44,"turns":7},{"damage":0,"enemies":"Reptomancer","floor":45,"turns":3},{"damage":0,"enemies":"Jaw Worm Horde","floor":48,"turns":3},{"damage":0,"enemies":"Replay:Hell Engine","floor":50,"turns":4}],"seed_played":"-7575190177333816349","potions_obtained":[{"floor":3.0,"key":"FairyPotion"},{"floor":6.0,"key":"Dexterity Potion"},{"floor":12.0,"key":"Fire Potion"},{"floor":16.0,"key":"ColorlessPotion"},{"floor":19.0,"key":"Elixir"},{"floor":19.0,"key":"ColorlessPotion"},{"floor":36,"key":"Energy Potion"},{"floor":37,"key":"BlessingOfTheForge"}],"is_trial":false,"path_per_floor":["M","?","?","M","$","E","R","M","T","R","?","E","R","M","R","B",null,"M","?","M","M","?","R","$","R","T","M","R","M","M","M","R","B",null,"M","M","M","?","M","R","E","R","T","M","E","R","$","M","R","B",null],"character_chosen":"DANTE","items_purchased":["Rebellion","Greenorb","Straight","ReplayUltimateDefense","Replay:Bottled Eggs","Weaponchange","Whetstone"],"campfire_rested":0,"item_purchase_floors":[5,5,5,24,24,47,47],"current_hp_per_floor":[68,52,52,52,52,26,26,33,33,33,33,22,22,30,30,37,80,80,80,80,68,40,40,40,40,40,40,40,27,8,8,8,15,40,40,35,40,40,40,40,40,40,40,40,40,40,40,40,40,40],"gold":218,"neow_bonus":"THREE_RARE_CARDS","is_daily":false,"chose_seed":false,"campfire_upgraded":12,"win_rate":0.0,"timestamp":1610595565,"path_taken":["M","?","?","?","?","E","R","?","T","R","?","E","R","M","R","BOSS","M","?","?","M","?","R","?","R","T","M","R","M","?","M","R","BOSS","M","M","M","?","M","R","E","R","T","M","E","R","$","M","R","BOSS"],"items_purchased_type":["Card","Card","Card","Card","Relic","Card","Relic"],"build_version":"2020-12-22","purchased_purges":2,"victory":true,"max_hp_per_floor":[80,80,80,80,80,80,80,80,80,80,80,80,80,80,80,80,80,80,80,80,80,40,40,40,40,40,40,40,40,40,40,40,40,40,40,40,40,40,40,40,40,40,40,40,40,40,40,40,40,40],"card_choices":[{"not_picked":["DevilstarL","Darkslayer"],"picked":"Enemystep","floor":0.0},{"not_picked":["Greenorb","DevilstarS"],"picked":"Millionstab","floor":1.0},{"not_picked":["Ecstasy","Stinger"],"picked":"Dash2","floor":4.0},{"not_picked":["LucifercomboD","Dash1","Rebellion"],"picked":"SKIP","floor":6.0},{"not_picked":["Fullhouse","Chargeshoot2","Chargeshoot"],"picked":"Swordmaster","floor":8.0},{"not_picked":["Millionstab","DevilstarL","Hightime"],"picked":"Swordcombo","floor":12.0},{"not_picked":["EbonyIvory","Weaponupgrade","Gunslinger"],"picked":"Greenorb","floor":14.0},{"not_picked":["DevilstarL","Darkslayer","Swordcombo"],"picked":"Weaponreturn","floor":16.0},{"not_picked":["Weaponupgrade","Shock","LucifercomboC+1"],"picked":"Millionstab","floor":18.0},{"not_picked":["Lucifer","Gunstinger","Greenorb+1"],"picked":"Hightime+1","floor":20.0},{"not_picked":["Gunslinger","LucifercomboA","Dash2"],"picked":"DT","floor":21.0},{"not_picked":["Stinger","Hightime","Millionkick"],"picked":"Airtrick","floor":27.0},{"not_picked":["Swordmaster+1","Straight","Airhike"],"picked":"Kick13","floor":29.0},{"not_picked":["GilgameshcomboA","LucifercomboD+1","Kick13","Pandora"],"picked":"SKIP","floor":30.0},{"not_picked":["Dash2","LucifercomboD","Lucifer+1"],"picked":"SSScard+1","floor":31.0},{"not_picked":["VitalstarL","Darkslayer","Weaponreturn"],"picked":"Trickster","floor":33.0},{"not_picked":["Honeycombofire","Chargeshoot2","Millionkick+1","Weaponupgrade+1"],"picked":"SKIP","floor":35.0},{"not_picked":["Ecstasy+1","Dash2","Fullhouse"],"picked":"Millionstab+1","floor":36},{"not_picked":["SSScard","Chargeshoot+1","Swordmaster"],"picked":"Whiteorb+1","floor":37},{"not_picked":["CoyoteA+1","VitalstarS","Enemystep"],"picked":"DT+1","floor":38},{"not_picked":["Weaponupgrade+1","Rebellion+1","VitalstarS","Greenorb"],"picked":"SKIP","floor":39},{"not_picked":["Ecstasy+1","Chargeshoot2","Gunstinger+1"],"picked":"DevilstarS+1","floor":41},{"not_picked":["BeastUppercut","Fullhouse+1","Ecstasy"],"picked":"SSScard","floor":44},{"not_picked":["Shock","Doubleshoot","BeastUppercut"],"picked":"Swordmaster+1","floor":45},{"not_picked":["Weaponupgrade","Gilgamesh","LucifercomboD+1"],"picked":"GilgameshcomboA+1","floor":48}],"player_experience":35019,"relics_obtained":[{"floor":6.0,"key":"Question Card"},{"floor":9.0,"key":"Chameleon Ring"},{"floor":12.0,"key":"Replay:Mystery Machine"},{"floor":26.0,"key":"Dream Catcher"},{"floor":38,"key":"Replay:Multitool"},{"floor":41,"key":"Orichalcum"},{"floor":41,"key":"Bag of Marbles"},{"floor":43,"key":"Mercury Hourglass"},{"floor":45,"key":"Nunchaku"},{"floor":45,"key":"Pantograph"}],"event_choices":[{"damage_healed":0.0,"max_hp_gain":0.0,"max_hp_loss":0.0,"gold_gain":0.0,"event_name":"Shining Light","player_choice":"Entered Light","floor":2.0,"gold_loss":0.0,"damage_taken":16.0,"cards_upgraded":["Shoot","construct:AttackMode"]},{"damage_healed":0.0,"max_hp_gain":0.0,"max_hp_loss":0.0,"gold_gain":0.0,"event_name":"Lab","player_choice":"Got Potions","floor":3.0,"gold_loss":0.0,"damage_taken":0.0},{"damage_healed":0.0,"max_hp_gain":0.0,"max_hp_loss":0.0,"gold_gain":0.0,"event_name":"The Woman in Blue","player_choice":"Bought 2 Potions","floor":19.0,"gold_loss":0.0,"damage_taken":0.0},{"damage_healed":0.0,"max_hp_gain":0.0,"max_hp_loss":40.0,"gold_gain":0.0,"event_name":"Ghosts","player_choice":"Became a Ghost","floor":22.0,"gold_loss":0.0,"damage_taken":0.0,"cards_obtained":["Ghostly","Ghostly","Ghostly","Ghostly","Ghostly"]},{"damage_healed":0,"gold_gain":0,"player_choice":"Fight","damage_taken":0,"max_hp_gain":0,"max_hp_loss":0,"event_name":"MindBloom","floor":38,"gold_loss":0}],"is_beta":false,"boss_relics":[{"not_picked":["Fusion Hammer","Velvet Choker"],"picked":"Black Star"},{"not_picked":["Painkiller Herb","Replay:Drink Me"],"picked":"Cursed Key"}],"items_purged_floors":[24,47],"is_endless":false,"potions_floor_spawned":[6,12,16,27,29,31,36,37,39],"ascension_level":1}}