{"host":"jggt5i9rbuoqvque","time":1610651236,"event":{"mods":["BaseMod","Colored Map","Minty Spire (QoL Compilation)","StSLib"],"gold_per_floor":[114,114,128,141,66,66,109,109,109,59,59,59],"floor_reached":11,"language":"KOR","playtime":196,"items_purged":["Strike_R"],"score":96,"play_id":"f9f3d9d4-6718-4b45-a86d-b545de3c2e6d","local_time":"20210115040716","is_ascension_mode":true,"campfire_choices":[{"data":"Bash","floor":6.0,"key":"SMITH"},{"data":"Battle Trance","floor":8,"key":"SMITH"}],"circlet_count":0,"master_deck":["Strike_R","Strike_R","Strike_R","Defend_R","Defend_R","Defend_R","Defend_R","Bash+1","Battle Trance+1"],"relics":["Burning Blood","Gambling Chip","Golden Idol","Mummified Hand","Toy Ornithopter"],"acts_visited":["Exordium"],"potions_floor_usage":[7],"damage_taken":[{"damage":0.0,"enemies":"Small Slimes","floor":1.0,"turns":3.0},{"damage":1.0,"enemies":"2 Louse","floor":3.0,"turns":2.0},{"damage":6.0,"enemies":"Cultist","floor":4.0,"turns":4.0},{"damage":16,"enemies":"Gremlin Nob","floor":7,"turns":3},{"damage":30,"enemies":"Lagavulin","floor":11,"turns":5}],"seed_played":"-5817256075563196113","potions_obtained":[{"floor":4.0,"key":"SteroidPotion"}],"is_trial":false,"path_per_floor":["M","?","M","M","$","R","E","R","T","?","E"],"character_chosen":"IRONCLAD","items_purchased":[],"campfire_rested":0,"item_purchase_floors":[],"current_hp_per_floor":[57,37,42,42,42,42,32,32,32,32,2,2],"gold":59,"neow_bonus":"ONE_RARE_RELIC","is_daily":false,"chose_seed":false,"campfire_upgraded":2,"win_rate":0.0,"timestamp":1610651236,"path_taken":["M","?","M","M","$","R","E","R","T","?","E"],"items_purchased_type":[],"build_version":"2020-12-22","purchased_purges":1,"victory":false,"max_hp_per_floor":[80,80,80,80,80,80,80,80,80,80,80,80],"card_choices":[{"not_picked":["Clash","Reckless Charge","Shrug It Off"],"picked":"SKIP","floor":1.0},{"not_picked":["Flex","Wild Strike","Bloodletting"],"picked":"SKIP","floor":3.0},{"not_picked":["Armaments","Havoc","Metallicize"],"picked":"SKIP","floor":4.0},{"not_picked":["Twin Strike","Dual Wield"],"picked":"Battle Trance","floor":7}],"player_experience":340438,"relics_obtained":[{"floor":7,"key":"Mummified Hand"},{"floor":9,"key":"Toy Ornithopter"}],"event_choices":[{"damage_healed":0.0,"max_hp_gain":0.0,"max_hp_loss":0.0,"gold_gain":0.0,"event_name":"Golden Idol","player_choice":"Take Damage","floor":2.0,"gold_loss":0.0,"damage_taken":20.0,"relics_obtained":["Golden Idol"]},{"cards_removed":["Strike_R"],"damage_healed":0,"gold_gain":0,"player_choice":"Card Removal","damage_taken":0,"max_hp_gain":0,"max_hp_loss":0,"event_name":"The Cleric","floor":10,"gold_loss":50}],"is_beta":false,"boss_relics":[],"items_purged_floors":[5],"is_endless":false,"potions_floor_spawned":[4],"killed_by":"Lagavulin","ascension_level":7}}