{"host":"3rixevx6n8b56xaj","time":1610632564,"event":{"mods":["2.2 Compatiblity","AchievementEnabler","Arknights The Spire","BaseMod","Colored Map","DeckTracker","Friendly Minions","Minty Spire (QoL Compilation)","Poor People Problems","StSLib","SuperFastMode"],"gold_per_floor":[116,126,144,161,50,76,94,94,94,94,119,132,160,180,180,285,285,298,176,186,17,30,56,69,69,120,136,147,147,163,38,38,140,140,150,168,180,225,275,302,314,342,393,412,432,448,109,109,109,109,109,109,37,62,62,62],"floor_reached":55,"language":"KOR","playtime":2444,"items_purged":["Strike_P","Strike_P","Defend_P","Strike_P"],"score":977,"play_id":"12dfa27d-585b-43e2-a30a-9b3c1bc58fbc","local_time":"20210114225604","is_ascension_mode":false,"campfire_choices":[{"data":"CrushJoints","floor":8,"key":"SMITH"},{"data":"TalkToTheHand","floor":10,"key":"SMITH"},{"data":"EmptyFist","floor":15,"key":"SMITH"},{"data":"Ragnarok","floor":25,"key":"SMITH"},{"data":"WheelKick","floor":29,"key":"SMITH"},{"data":"Tantrum","floor":32,"key":"SMITH"},{"data":"1","floor":49,"key":"LIFT"},{"data":"2","floor":52,"key":"LIFT"}],"circlet_count":0,"master_deck":["Strike_P","Defend_P","Defend_P","Defend_P","Eruption+1","Vigilance","FlurryOfBlows","EmptyBody","CrushJoints+1","Tantrum+1","TalkToTheHand+1","WheelKick+1","Swivel+1","EmptyMind+1","Halt+1","Ragnarok+1","InnerPeace+1","Evaluate+1","FearNoEvil+1","DeusExMachina+1","ConjureBlade+1"],"relics":["HolyWater","Toxic Egg 2","Meat on the Bone","Anchor","GoldenEye","Happy Flower","Singing Bowl","Bag of Preparation","VioletLotus","Pocketwatch","Girya","Smiling Mask","Juzu Bracelet","FossilizedHelix","Orichalcum"],"acts_visited":["Exordium","TheCity","TheBeyond","TheEnding"],"potions_floor_usage":[11,27,38,50,55,55,55],"damage_taken":[{"damage":0.0,"enemies":"Cultist","floor":1.0,"turns":2.0},{"damage":3.0,"enemies":"Jaw Worm","floor":2.0,"turns":3.0},{"damage":0.0,"enemies":"Small Slimes","floor":3.0,"turns":3.0},{"damage":2.0,"enemies":"3 Louse","floor":4.0,"turns":4.0},{"damage":28.0,"enemies":"Gremlin Nob","floor":6.0,"turns":3.0},{"damage":0.0,"enemies":"2 Fungi Beasts","floor":7.0,"turns":2.0},{"damage":0,"enemies":"Lagavulin","floor":11,"turns":2},{"damage":0,"enemies":"Large Slime","floor":12,"turns":2},{"damage":2,"enemies":"3 Sentries","floor":13,"turns":4},{"damage":0,"enemies":"Blue Slaver","floor":14,"turns":2},{"damage":0,"enemies":"Slime Boss","floor":16,"turns":4},{"damage":2,"enemies":"Shell Parasite","floor":18,"turns":3},{"damage":7,"enemies":"2 Thieves","floor":20,"turns":3},{"damage":0,"enemies":"Cultist and Chosen","floor":22,"turns":4},{"damage":25,"enemies":"Slavers","floor":23,"turns":5},{"damage":0,"enemies":"Chosen and Byrds","floor":24,"turns":4},{"damage":0,"enemies":"3 Cultists","floor":27,"turns":2},{"damage":10,"enemies":"Sentry and Sphere","floor":28,"turns":3},{"damage":0,"enemies":"Cultist and Chosen","floor":30,"turns":3},{"damage":0,"enemies":"Champ","floor":33,"turns":5},{"damage":0,"enemies":"Orb Walker","floor":35,"turns":1},{"damage":0,"enemies":"3 Darklings","floor":36,"turns":2},{"damage":2,"enemies":"Transient","floor":37,"turns":5},{"damage":12,"enemies":"2 Orb Walkers","floor":38,"turns":3},{"damage":0,"enemies":"Mind Bloom Boss Battle","floor":39,"turns":3},{"damage":0,"enemies":"Nemesis","floor":40,"turns":3},{"damage":0,"enemies":"Maw","floor":41,"turns":5},{"damage":0,"enemies":"Giant Head","floor":42,"turns":5},{"damage":6,"enemies":"3 Darklings","floor":44,"turns":4},{"damage":8,"enemies":"4 Shapes","floor":45,"turns":6},{"damage":0,"enemies":"Maw","floor":46,"turns":5},{"damage":33,"enemies":"Donu and Deca","floor":50,"turns":7},{"damage":44,"enemies":"Shield and Spear","floor":54,"turns":5},{"damage":61,"enemies":"The Heart","floor":55,"turns":8}],"seed_played":"-9100857888569251163","potions_obtained":[{"floor":1.0,"key":"Regen Potion"},{"floor":6.0,"key":"ColorlessPotion"},{"floor":7,"key":"SpeedPotion"},{"floor":12,"key":"DuplicationPotion"},{"floor":18,"key":"Swift Potion"},{"floor":33,"key":"LiquidBronze"},{"floor":37,"key":"Dexterity Potion"},{"floor":41,"key":"BlessingOfTheForge"},{"floor":44,"key":"LiquidMemories"},{"floor":54,"key":"PowerPotion"}],"is_trial":false,"path_per_floor":["M","M","M","M","$","E","M","R","T","R","E","M","E","M","R","B",null,"M","?","M","$","M","E","M","R","T","M","M","R","M","$","R","B",null,"M","M","M","?","?","E","M","E","T","M","M","M","$","?","R","B",null,"R","$","E","B"],"character_chosen":"WATCHER","items_purchased":["Tantrum","InnerPeace+1","FossilizedHelix","ConjureBlade+1"],"campfire_rested":0,"item_purchase_floors":[5,21,47,53],"current_hp_per_floor":[72,69,69,67,67,39,39,39,39,39,39,39,37,37,37,37,72,70,70,63,63,63,40,42,42,42,44,46,46,48,48,48,48,80,82,84,84,74,76,78,80,82,82,78,72,74,74,74,74,56,102,102,102,60,0,0],"gold":62,"neow_bonus":"UPGRADE_CARD","is_daily":false,"chose_seed":false,"campfire_upgraded":6,"win_rate":0.0,"timestamp":1610632564,"path_taken":["M","M","M","?","$","E","M","R","T","R","E","M","E","M","R","BOSS","M","?","M","?","M","E","M","R","T","?","M","R","M","$","R","BOSS","M","M","M","?","?","E","M","E","T","M","M","M","$","?","R","BOSS","R","$","E","BOSS"],"items_purchased_type":["Card","Card","Relic","Card"],"build_version":"2020-12-22","purchased_purges":4,"victory":false,"max_hp_per_floor":[72,72,72,72,72,72,72,72,72,72,72,72,72,72,72,72,72,72,72,72,72,72,74,76,76,76,78,78,78,80,80,80,80,80,82,84,86,88,90,92,94,96,96,98,100,102,102,102,102,102,102,102,102,104,104,104],"card_choices":[{"not_picked":["BattleHymn","Prostrate"],"picked":"FlurryOfBlows","floor":1.0},{"not_picked":["Perseverance","Sanctity","Nirvana"],"picked":"SKIP","floor":2.0},{"not_picked":["BattleHymn","ThirdEye"],"picked":"EmptyBody","floor":3.0},{"not_picked":["ClearTheMind","Ragnarok"],"picked":"CrushJoints","floor":4.0},{"not_picked":["SashWhip","FlyingSleeves"],"picked":"TalkToTheHand","floor":6.0},{"not_picked":["BowlingBash","JustLucky"],"picked":"WheelKick","floor":7},{"not_picked":["BattleHymn","FlurryOfBlows"],"picked":"Swivel+1","floor":11},{"not_picked":["Study","Protect+1"],"picked":"EmptyMind+1","floor":12},{"not_picked":["SignatureMove","Perseverance+1"],"picked":"EmptyFist","floor":13},{"not_picked":["BowlingBash","FollowUp"],"picked":"Halt+1","floor":14},{"not_picked":["DevaForm","LessonLearned"],"picked":"Ragnarok","floor":16},{"not_picked":["Prostrate+1","FlurryOfBlows","CutThroughFate"],"picked":"SKIP","floor":18},{"not_picked":["SashWhip","Prostrate+1","ClearTheMind+1"],"picked":"SKIP","floor":20},{"not_picked":["WaveOfTheHand+1","Ragnarok"],"picked":"Evaluate+1","floor":22},{"not_picked":["JustLucky","ClearTheMind+1","BowlingBash"],"picked":"Singing Bowl","floor":23},{"not_picked":["Consecrate+1","FlyingSleeves","Study"],"picked":"Singing Bowl","floor":24},{"not_picked":["PathToVictory+1","Alpha+1","EmptyFist"],"picked":"Singing Bowl","floor":27},{"not_picked":["WheelKick+1","Wallop+1"],"picked":"FearNoEvil+1","floor":28},{"not_picked":["Consecrate","CutThroughFate","JustLucky"],"picked":"Singing Bowl","floor":30},{"not_picked":["Alpha+1","Devotion"],"picked":"DeusExMachina+1","floor":33},{"not_picked":["Consecrate+1","FollowUp","ThirdEye+1"],"picked":"Singing Bowl","floor":35},{"not_picked":["EmptyFist+1","ReachHeaven","JustLucky+1"],"picked":"Singing Bowl","floor":36},{"not_picked":["Nirvana","Crescendo+1","Consecrate"],"picked":"Singing Bowl","floor":37},{"not_picked":["BowlingBash+1","ForeignInfluence+1","Sanctity+1"],"picked":"Singing Bowl","floor":38},{"not_picked":["Sanctity+1","ReachHeaven","Worship+1"],"picked":"Singing Bowl","floor":39},{"not_picked":["Omniscience+1","CrushJoints+1","Weave"],"picked":"Singing Bowl","floor":40},{"not_picked":["Halt+1","PathToVictory+1","FlyingSleeves+1"],"picked":"Singing Bowl","floor":41},{"not_picked":["Tantrum+1","CutThroughFate+1","TalkToTheHand"],"picked":"Singing Bowl","floor":42},{"not_picked":["WaveOfTheHand+1","Weave+1","SignatureMove+1"],"picked":"Singing Bowl","floor":44},{"not_picked":["ClearTheMind+1","Evaluate+1","WheelKick"],"picked":"Singing Bowl","floor":45},{"not_picked":["Worship+1","LikeWater+1","Omniscience+1"],"picked":"Singing Bowl","floor":46},{"not_picked":["FollowUp+1","Halt+1","PathToVictory+1"],"picked":"Singing Bowl","floor":54}],"player_experience":612708,"relics_obtained":[{"floor":6.0,"key":"Toxic Egg 2"},{"floor":9,"key":"Meat on the Bone"},{"floor":11,"key":"Anchor"},{"floor":13,"key":"GoldenEye"},{"floor":23,"key":"Singing Bowl"},{"floor":26,"key":"Bag of Preparation"},{"floor":38,"key":"Pocketwatch"},{"floor":39,"key":"Girya"},{"floor":40,"key":"Smiling Mask"},{"floor":42,"key":"Juzu Bracelet"},{"floor":54,"key":"Orichalcum"}],"event_choices":[{"damage_healed":0,"gold_gain":0,"player_choice":"Paid Gold","damage_taken":0,"relics_obtained":["Happy Flower"],"max_hp_gain":0,"max_hp_loss":0,"event_name":"WeMeetAgain","floor":19,"gold_loss":122},{"damage_healed":0,"gold_gain":0,"player_choice":"Fight","damage_taken":0,"max_hp_gain":0,"max_hp_loss":0,"event_name":"Mysterious Sphere","floor":38,"gold_loss":0},{"damage_healed":0,"gold_gain":0,"player_choice":"Fight","damage_taken":0,"max_hp_gain":0,"max_hp_loss":0,"event_name":"MindBloom","floor":39,"gold_loss":0},{"cards_removed":["EmptyFist"],"damage_healed":0,"gold_gain":0,"player_choice":"Removed Attack","damage_taken":0,"max_hp_gain":0,"max_hp_loss":0,"event_name":"Falling","floor":48,"gold_loss":0}],"is_beta":false,"boss_relics":[{"not_picked":["Busted Crown","Sozu"],"picked":"HolyWater"},{"not_picked":["SacredBark","Empty Cage"],"picked":"VioletLotus"}],"items_purged_floors":[5,21,31,47],"is_endless":false,"potions_floor_spawned":[1,6,7,12,18,23,24,33,37,41,44,46,54],"killed_by":"The Heart","ascension_level":0}}