{"host":"xh3brefae6wm9kl8","time":1610651104,"event":{"mods":["AchievementEnabler","BaseMod","GifTheSpireLib","Keyboard Shortcuts","Minty Spire (QoL Compilation)","Permanent Neow","Relic Stats","StSLib","SuperFastMode"],"gold_per_floor":[116,136,154,165,175,175,200,200,200,200,229,239,273,293,293,293,293],"floor_reached":16,"language":"KOR","playtime":609,"items_purged":[],"score":188,"play_id":"7514cd02-4a83-4d07-bcc6-db57a1dc8750","local_time":"20210115040504","is_ascension_mode":true,"campfire_choices":[{"floor":6.0,"key":"REST"},{"floor":8.0,"key":"REST"},{"floor":10.0,"key":"REST"},{"floor":15.0,"key":"REST"}],"circlet_count":0,"master_deck":["AscendersBane","Strike_G","Strike_G","Strike_G","Strike_G","Strike_G","Defend_G","Defend_G","Defend_G","Defend_G","Defend_G","Survivor","Neutralize","Dramatic Entrance","Flying Knee","Quick Slash","Dagger Throw","Skewer","Dodge and Roll","Glass Knife"],"relics":["Ring of the Snake","Ginger","Bronze Scales","Odd Mushroom","Omamori"],"acts_visited":["Exordium"],"potions_floor_usage":[16],"damage_taken":[{"damage":0.0,"enemies":"Small Slimes","floor":1.0,"turns":3.0},{"damage":11.0,"enemies":"Jaw Worm","floor":2.0,"turns":6.0},{"damage":0.0,"enemies":"2 Louse","floor":3.0,"turns":2.0},{"damage":22.0,"enemies":"Large Slime","floor":4.0,"turns":10.0},{"damage":11.0,"enemies":"Exordium Thugs","floor":5.0,"turns":4.0},{"damage":38.0,"enemies":"Gremlin Nob","floor":7.0,"turns":5.0},{"damage":0.0,"enemies":"The Mushroom Lair","floor":11.0,"turns":3.0},{"damage":2.0,"enemies":"2 Fungi Beasts","floor":12.0,"turns":3.0},{"damage":22.0,"enemies":"Lagavulin","floor":13.0,"turns":5.0},{"damage":4.0,"enemies":"Exordium Wildlife","floor":14.0,"turns":3.0},{"damage":52,"enemies":"Slime Boss","floor":16,"turns":7}],"seed_played":"-6540027443511596283","potions_obtained":[{"floor":1.0,"key":"FearPotion"},{"floor":3.0,"key":"GamblersBrew"},{"floor":5.0,"key":"SmokeBomb"},{"floor":13.0,"key":"Energy Potion"}],"is_trial":false,"path_per_floor":["M","M","M","M","M","R","E","R","T","R","?","M","E","M","R","B"],"character_chosen":"THE_SILENT","items_purchased":[],"campfire_rested":4,"item_purchase_floors":[],"current_hp_per_floor":[63,52,52,30,19,40,2,23,23,44,44,42,20,16,37,0,0],"gold":293,"neow_bonus":"RANDOM_COLORLESS","is_daily":false,"chose_seed":false,"campfire_upgraded":0,"win_rate":0.0,"timestamp":1610651104,"path_taken":["M","M","M","M","M","R","E","R","T","R","?","M","E","M","R","BOSS"],"items_purchased_type":[],"build_version":"2020-12-22","purchased_purges":0,"victory":false,"max_hp_per_floor":[70,70,70,70,70,70,70,70,70,70,70,70,70,70,70,70,70],"relic_stats":{"counters":[11,51],"Bronze Scales":[30],"Ginger":[0],"obtain_stats":[{"Bronze Scales":9,"Omamori":13,"Ginger":7,"Odd Mushroom":11,"Ring of the Snake":0},{"Bronze Scales":6,"Omamori":9,"Ginger":6,"Odd Mushroom":7,"Ring of the Snake":0},{"Bronze Scales":30,"Omamori":41,"Ginger":30,"Odd Mushroom":33,"Ring of the Snake":0}],"Ring of the Snake":[22]},"card_choices":[{"not_picked":["Swift Strike","Purity"],"picked":"Dramatic Entrance","floor":0.0},{"not_picked":["Slice","PiercingWail","Underhanded Strike"],"picked":"SKIP","floor":1.0},{"not_picked":["Bouncing Flask","Acrobatics"],"picked":"Flying Knee","floor":2.0},{"not_picked":["Storm of Steel","PiercingWail"],"picked":"Quick Slash","floor":3.0},{"not_picked":["Leg Sweep","Choke"],"picked":"Dagger Throw","floor":4.0},{"not_picked":["Prepared","Bane","Acrobatics"],"picked":"SKIP","floor":5.0},{"not_picked":["Unload","Poisoned Stab"],"picked":"Skewer","floor":7.0},{"not_picked":["Acrobatics","Flying Knee"],"picked":"Dodge and Roll","floor":11.0},{"not_picked":["Well Laid Plans","Dodge and Roll","Prepared"],"picked":"SKIP","floor":12.0},{"not_picked":["Dagger Spray","Setup"],"picked":"Glass Knife","floor":13.0},{"not_picked":["Blade Dance","Slice","Dodge and Roll"],"picked":"SKIP","floor":14.0}],"player_experience":388520,"relics_obtained":[{"floor":7.0,"key":"Ginger"},{"floor":9.0,"key":"Bronze Scales"},{"floor":11.0,"key":"Odd Mushroom"},{"floor":13.0,"key":"Omamori"}],"event_choices":[{"damage_healed":0.0,"max_hp_gain":0.0,"max_hp_loss":0.0,"gold_gain":0.0,"event_name":"Mushrooms","player_choice":"Fought Mushrooms","floor":11.0,"gold_loss":0.0,"damage_taken":0.0}],"is_beta":false,"boss_relics":[],"items_purged_floors":[],"is_endless":false,"potions_floor_spawned":[1,3,5,7,13,14],"killed_by":"Slime Boss","ascension_level":13}}