{"host":"c2vrdknshfutmcsq","time":1610618486,"event":{"mods":["BaseMod","Minty Spire (QoL Compilation)"],"gold_per_floor":[113,131,19,19,19,63,63,110,160,160,160],"floor_reached":10,"language":"ENG","playtime":269,"items_purged":["Strike_B"],"score":183,"play_id":"8dc7d5b3-9a73-4468-924a-9ba24e510209","local_time":"20210114110126","is_ascension_mode":true,"campfire_choices":[{"data":"Dualcast","floor":7,"key":"SMITH"}],"circlet_count":0,"master_deck":["AscendersBane","Strike_B","Strike_B","Strike_B","Defend_B","Defend_B","Defend_B","Defend_B","Zap","Dualcast+1","Beam Cell","Compile Driver","Sunder","Injury","Buffer","Double Energy"],"relics":["Cracked Core","NeowsBlessing","Nunchaku","Golden Idol","Matryoshka","CeramicFish","DataDisk","Omamori"],"acts_visited":["Exordium"],"potions_floor_usage":[8],"damage_taken":[{"damage":0,"enemies":"Cultist","floor":1,"turns":1},{"damage":0,"enemies":"2 Louse","floor":2,"turns":1},{"damage":0,"enemies":"3 Sentries","floor":6,"turns":1},{"damage":35,"enemies":"Lagavulin","floor":8,"turns":5},{"damage":10,"enemies":"Gremlin Nob","floor":10,"turns":4}],"seed_played":"-1746023273206381973","potions_obtained":[{"floor":2,"key":"LiquidMemories"}],"is_trial":false,"path_per_floor":["M","M","$","?","?","E","R","E","T","E"],"character_chosen":"DEFECT","items_purchased":["Sunder"],"campfire_rested":0,"item_purchase_floors":[3],"current_hp_per_floor":[64,64,64,46,46,46,46,11,11,1,1],"gold":160,"neow_bonus":"THREE_ENEMY_KILL","is_daily":false,"chose_seed":false,"campfire_upgraded":1,"win_rate":0.0,"timestamp":1610618486,"path_taken":["M","M","?","?","?","E","R","E","T","E"],"items_purchased_type":["Card"],"build_version":"2020-12-22","purchased_purges":1,"victory":false,"max_hp_per_floor":[71,71,71,71,71,71,71,71,71,71,71],"card_choices":[{"not_picked":["Go for the Eyes","Barrage"],"picked":"Beam Cell","floor":1},{"not_picked":["Steam","Turbo"],"picked":"Compile Driver","floor":2},{"not_picked":["Compile Driver","Coolheaded"],"picked":"Buffer","floor":6},{"not_picked":["Beam Cell","Redo"],"picked":"Double Energy","floor":8}],"player_experience":1253491,"relics_obtained":[{"floor":6,"key":"Matryoshka"},{"floor":8,"key":"CeramicFish"},{"floor":9,"key":"DataDisk"},{"floor":9,"key":"Omamori"}],"event_choices":[{"damage_healed":0,"gold_gain":0,"player_choice":"Success","damage_taken":18,"relics_obtained":["Nunchaku"],"max_hp_gain":0,"max_hp_loss":0,"event_name":"Scrap Ooze","floor":4,"gold_loss":0},{"damage_healed":0,"gold_gain":0,"player_choice":"Take Wound","damage_taken":0,"relics_obtained":["Golden Idol"],"max_hp_gain":0,"max_hp_loss":0,"event_name":"Golden Idol","floor":5,"gold_loss":0,"cards_obtained":["Injury"]}],"is_beta":false,"boss_relics":[],"items_purged_floors":[3],"is_endless":false,"potions_floor_spawned":[2],"killed_by":"Gremlin Nob","ascension_level":17}}