{"host":"18wi9kpcl4eah7pe","time":1610610145,"event":{"mods":["BaseMod","Colored Powertips","Downfall","Minty Spire (QoL Compilation)","StSLib"],"gold_per_floor":[99,99,99,99,115,565,565,591,441,273,288,319,371,405,417,417,417],"floor_reached":16,"language":"ENG","playtime":763,"items_purged":["Slimebound:Icky"],"score":116,"play_id":"7790b7a6-bf4d-4721-8427-784758fec4dd","local_time":"20210114014225","is_ascension_mode":false,"campfire_choices":[{"floor":1,"key":"RECALL"},{"floor":9,"key":"REST"}],"circlet_count":0,"master_deck":["sneckomod:Strike","sneckomod:Strike","sneckomod:Strike","sneckomod:Defend","sneckomod:Defend","sneckomod:Defend","sneckomod:TailWhip","sneckomod:SnekBite","sneckomod:Unknown","sneckomod:Unknown","sneckomod:UnknownStrength","sneckomod:WideSting","sneckomod:SnakeSap","sneckomod:UnknownClassRED","Slimebound:Icky","Slimebound:Icky","sneckomod:DiceBlock","sneckomod:UnknownStrike","sneckomod:CheapStock","sneckomod:UnknownUncommonPower","sneckomod:UnknownClassRED","sneckomod:UnknownCommonSkill"],"relics":["sneckomod:SneckoSoul","downfall:HeartsMalice","Blue Candle","Singing Bowl","downfall:HeartBlessingGreen","downfall:HeartBlessingRed","Darkstone Periapt","Blood Vial"],"acts_visited":["Exordium"],"potions_floor_usage":[8,12,14,15,16],"damage_taken":[{"damage":0,"enemies":"Cultist","floor":2,"turns":1},{"damage":0,"enemies":"Jaw Worm","floor":3,"turns":1},{"damage":0,"enemies":"Small Slimes","floor":4,"turns":1},{"damage":12,"enemies":"3 Louse","floor":5,"turns":3},{"damage":40,"enemies":"Lagavulin","floor":8,"turns":8},{"damage":1,"enemies":"downfall:FleeingMerchant","floor":10,"turns":4},{"damage":25,"enemies":"Lots of Slimes","floor":11,"turns":5},{"damage":21,"enemies":"3 Sentries","floor":12,"turns":6},{"damage":27,"enemies":"Gremlin Nob","floor":14,"turns":6},{"damage":5,"enemies":"Large Slime","floor":15,"turns":3},{"damage":38,"enemies":"downfall:Ironclad","floor":16,"turns":9}],"seed_played":"2157390324303897723","potions_obtained":[{"floor":5,"key":"LiquidMemories"},{"floor":11,"key":"BlessingOfTheForge"},{"floor":12,"key":"SkillPotion"},{"floor":14,"key":"SkillPotion"},{"floor":15,"key":"Block Potion"}],"is_trial":false,"path_per_floor":["R","M","M","M","M","?","T","E","R","$","M","E","T","E","M","B"],"character_chosen":"THE_SNECKO","items_purchased":["sneckomod:CheapStock"],"campfire_rested":1,"item_purchase_floors":[10],"current_hp_per_floor":[90,91,91,91,80,80,80,50,77,77,53,34,34,8,6,0,0],"gold":417,"neow_bonus":"THREE_ENEMY_KILL","is_daily":false,"chose_seed":false,"campfire_upgraded":0,"win_rate":0.0,"timestamp":1610610145,"path_taken":["R","M","M","M","M","?","T","E","R","$","M","E","?","E","M","BOSS"],"items_purchased_type":["Card"],"build_version":"2020-12-22","purchased_purges":1,"victory":false,"max_hp_per_floor":[90,91,91,91,92,92,92,92,92,93,94,96,96,97,98,98,98],"card_choices":[{"not_picked":["sneckomod:Unknown1Cost","sneckomod:IronFang"],"picked":"sneckomod:UnknownStrength","floor":2},{"not_picked":["sneckomod:UnknownStrength","sneckomod:Unknown2Cost"],"picked":"sneckomod:WideSting","floor":3},{"not_picked":["sneckomod:DiceBoulder","sneckomod:DiceBlock"],"picked":"sneckomod:SnakeSap","floor":4},{"not_picked":["sneckomod:QuickMove","sneckomod:TrashToTreasure"],"picked":"sneckomod:UnknownClassRED","floor":5},{"not_picked":["sneckomod:UnknownUncommonSkill","sneckomod:UnknownClassTHE_CHAMP_GRAY"],"picked":"sneckomod:DiceBlock","floor":8},{"not_picked":["sneckomod:UnknownClassSLIMEBOUND","sneckomod:UnknownCommonSkill"],"picked":"sneckomod:UnknownStrike","floor":10},{"not_picked":["sneckomod:UnknownX","sneckomod:RainOfDice"],"picked":"sneckomod:UnknownUncommonPower","floor":11},{"not_picked":["sneckomod:IronFang","sneckomod:Nope","sneckomod:DiceCrush"],"picked":"Singing Bowl","floor":12},{"not_picked":["sneckomod:DiceCrush","sneckomod:SoulCleanse"],"picked":"sneckomod:UnknownClassRED","floor":14},{"not_picked":["sneckomod:SoulRoll","sneckomod:UnknownUncommonSkill"],"picked":"sneckomod:UnknownCommonSkill","floor":15}],"player_experience":909164,"relics_obtained":[{"floor":7,"key":"Blue Candle"},{"floor":8,"key":"Singing Bowl"},{"floor":12,"key":"Darkstone Periapt"},{"floor":14,"key":"Blood Vial"}],"event_choices":[],"is_beta":false,"boss_relics":[],"items_purged_floors":[10],"is_endless":false,"potions_floor_spawned":[5,11,12,14,15],"killed_by":"downfall:Ironclad","ascension_level":0}}