{"host":"leop","time":1610632452,"event":{"mods":["ATMod(°¢èªMod)","Act Like it!","BaseMod","GifTheSpireLib","Minty Spire (QoL Compilation)","MostiFishMod","Shop Mod","Spicy Shops","StSLib","TestMod","Yakumo Yukari mod","[IsaacMod]ÒÔÈö¼âËþ","noobMod","¡¾¹¦ÄÜMod¡¿»ìãçÖ®»·ÐÞ¸´²¹¶¡","¡¾ÒÅÎï¿¨ÅÆ¡¿REMEMod"],"gold_per_floor":[114,124,36,52,104,199,256,286,323,335,382,394,446,468,480,570,582,604,636,648,660,672,719,731,772,808,542,574,585,598,510,510,588,588,604,623,623,636,651,684,684,718,718,768,793,793,824,846,846,853,881,881,881,127,167,293],"floor_reached":57,"language":"ZHS","playtime":1958,"items_purged":["Strike_R","Defend_R","Bash+1","Hemokinesis","Intimidate","Ghostly Armor","Armaments+1","MostiFishMod:OrdinaryWorld"],"score":4531,"play_id":"c0dbeae5-dbf1-46a3-bbb9-d151289f758a","local_time":"20210114215412","is_ascension_mode":true,"campfire_choices":[{"floor":7,"key":"REST"},{"data":"Searing Blow","floor":15,"key":"SMITH"},{"floor":24,"key":"RECALL"},{"data":"Searing Blow+9","floor":32,"key":"SMITH"},{"data":"Searing Blow+16","floor":41,"key":"SMITH"},{"data":"Searing Blow+20","floor":46,"key":"SMITH"},{"data":"Searing Blow+23","floor":49,"key":"SMITH"},{"data":"Searing Blow+26","floor":53,"key":"SMITH"}],"circlet_count":0,"master_deck":["AscendersBane","SuicideKing","MostiFishMod:BrokenBlackCloak+1","AT_EssenceShift+1","Body Slam+1","Battle Trance+1","Rupture+1","Searing Blow+29","Berserk","MostiFishMod:FlyOverUtopia","Second Wind","Sentinel","Bloodletting","Feel No Pain","REME_Scribble","AT_ThistleTea","MostiFishMod:Dust"],"relics":["ice","testmod-TestBox","DaveBox","REME_ComplimentaryCards","AT_ATBox","HushsDoor","testmod-BloodSacrificeSpiritualization","Membership Card","Philosopher\u0027s Stone","SynthV:TestCard","HornCleat","MawBank","Blue Candle","BloodBag","SynthV:C4","Pandora\u0027s Box","SatanicBible","Succubus","GuppysHairball","Meat on the Bone","BelialBook","testmod-Hope","testmod-OneHitWonder","PrismaticShard","AT_BellowingDragoncrestRing","Black Star","GuppysPaw","AnarchistCookbook","testmod-FatalChain","TuHaoJin","Art of War","Ginger","PokeGo","Charon\u0027s Ashes","Paper Frog","SalivaCoin","Dodecahedron","Kunai","Pocketwatch","REME_PuzzleBoxRelic","Medical Kit","SharpPlug","AT_PhaseBoots","Mango"],"acts_visited":["Exordium","TheCity","TheBeyond","TheEnding"],"potions_floor_usage":[5,14,25,27,35],"damage_taken":[{"damage":12,"enemies":"Small Slimes","floor":1,"turns":3},{"damage":15,"enemies":"2 Louse","floor":2,"turns":3},{"damage":7,"enemies":"Cultist","floor":4,"turns":4},{"damage":7,"enemies":"Exordium Thugs","floor":5,"turns":1},{"damage":44,"enemies":"Gremlin Nob","floor":6,"turns":5},{"damage":28,"enemies":"Lagavulin","floor":8,"turns":5},{"damage":8,"enemies":"3 Sentries","floor":11,"turns":7},{"damage":0,"enemies":"Gremlin Nob","floor":13,"turns":3},{"damage":19,"enemies":"2 Fungi Beasts","floor":14,"turns":3},{"damage":9,"enemies":"Hexaghost","floor":16,"turns":5},{"damage":8,"enemies":"Shell Parasite","floor":18,"turns":1},{"damage":6,"enemies":"Chosen","floor":19,"turns":3},{"damage":12,"enemies":"Gremlin Leader","floor":23,"turns":3},{"damage":8,"enemies":"REME_1_Revenger","floor":25,"turns":3},{"damage":7,"enemies":"Gremlin Leader","floor":28,"turns":3},{"damage":9,"enemies":"Centurion and Healer","floor":29,"turns":3},{"damage":10,"enemies":"Shelled Parasite and Fungi","floor":30,"turns":2},{"damage":17,"enemies":"Automaton","floor":33,"turns":3},{"damage":0,"enemies":"Orb Walker","floor":35,"turns":1},{"damage":13,"enemies":"3 Darklings","floor":36,"turns":2},{"damage":8,"enemies":"Jaw Worm Horde","floor":38,"turns":2},{"damage":16,"enemies":"Transient","floor":39,"turns":3},{"damage":11,"enemies":"Giant Head","floor":40,"turns":3},{"damage":9,"enemies":"Nemesis","floor":42,"turns":1},{"damage":9,"enemies":"2 Orb Walkers","floor":44,"turns":1},{"damage":9,"enemies":"Mind Bloom Boss Battle","floor":45,"turns":1},{"damage":9,"enemies":"Reptomancer","floor":47,"turns":1},{"damage":9,"enemies":"Maw","floor":48,"turns":1},{"damage":9,"enemies":"Time Eater","floor":50,"turns":1},{"damage":66,"enemies":"Awakened One","floor":51,"turns":3},{"damage":10,"enemies":"Shield and Spear","floor":55,"turns":1},{"damage":98,"enemies":"Delirium","floor":56,"turns":9}],"seed_played":"3472865446938998526","potions_obtained":[{"floor":4,"key":"Regen Potion"},{"floor":11,"key":"Explosive Potion"},{"floor":14,"key":"testmod-SpacePotion"},{"floor":19,"key":"testmod-TestPotion"},{"floor":23,"key":"Weak Potion"},{"floor":25,"key":"AttackPotion"},{"floor":30,"key":"SneckoOil"},{"floor":35,"key":"REME_GoldPotion"},{"floor":36,"key":"AttackPotion"}],"is_trial":false,"path_per_floor":["M","M","$","M","M","E","R","E","T","?","E","?","E","M","R","B",null,"M","M","?","?","T","E","R","E","T","$","E","M","M","$","R","B",null,"M","M","?","M","M","E","R","E","T","?","?","R","E","M","R","B","B",null,"R","$","E","B",null],"character_chosen":"IRONCLAD","items_purchased":["SatanicBible","Succubus","GuppysHairball","PrismaticShard","Fruit Juice","GuppysPaw","Dodecahedron","Kunai","Pocketwatch","REME_PuzzleBoxRelic","Medical Kit","SharpPlug"],"campfire_rested":1,"item_purchase_floors":[17,17,17,27,27,34,54,54,54,54,54,54],"current_hp_per_floor":[56,41,41,34,28,47,61,33,33,33,25,25,30,11,11,101,63,55,49,49,32,32,32,32,69,69,74,74,76,79,79,79,88,71,71,69,67,69,90,97,97,97,97,97,97,97,97,97,97,97,103,103,103,103,117,1771],"gold":293,"neow_bonus":"BOSS_RELIC","is_daily":false,"chose_seed":false,"campfire_upgraded":6,"win_rate":0.0,"timestamp":1610632452,"path_taken":["M","M","$","M","M","E","R","E","T","?","E","?","E","M","R","BOSS","M","M","?","?","?","E","R","E","T","$","E","M","M","$","R","BOSS","M","M","?","M","M","E","R","E","T","?","?","R","E","M","R","BOSS","BOSS","R","$","E","BOSS"],"items_purchased_type":["Relic","Relic","Relic","Relic","Potion","Relic","Relic","Relic","Relic","Relic","Relic","Relic"],"build_version":"2020-12-18","purchased_purges":8,"victory":true,"max_hp_per_floor":[75,75,75,75,75,76,76,78,78,78,85,85,93,95,95,103,63,63,64,64,69,69,69,69,69,69,74,74,76,79,79,79,88,71,71,71,67,69,90,97,97,97,97,97,97,97,97,97,97,97,103,103,103,103,117,1851],"card_choices":[{"not_picked":[],"picked":"SuicideKing","floor":0.0},{"not_picked":["Reckless Charge","Iron Wave","True Grit"],"picked":"SKIP","floor":1},{"not_picked":["Clash","Headbutt","Clothesline","Havoc"],"picked":"Armaments","floor":2},{"not_picked":["Cleave","MostiFishMod:404NotFound","Clash","AT_BodySlamDance"],"picked":"Body Slam","floor":4},{"not_picked":["Dual Wield","Clothesline","Iron Wave","Flex","REME_SingleHolding"],"picked":"SKIP","floor":5},{"not_picked":["Dual Wield","Clothesline","Iron Wave","Flex","REME_SingleHolding"],"picked":"SKIP","floor":5},{"not_picked":["Metallicize","Uppercut","Twin Strike","Dropkick"],"picked":"Battle Trance","floor":6},{"not_picked":["Juggernaut","Iron Wave","AT_BodySlamDance","AT_ManFootWork"],"picked":"Rupture","floor":8},{"not_picked":["Blood for Blood","Body Slam","Pommel Strike","Clothesline","AT_IchimonjiDouble"],"picked":"SKIP","floor":11},{"not_picked":["Havoc","MostiFishMod:FireWorks","Ghostly Armor","AT_ManFootWork","Anger"],"picked":"SKIP","floor":13},{"not_picked":["Thunderclap","Intimidate","Wild Strike","Spot Weakness"],"picked":"Searing Blow","floor":14},{"not_picked":["MostiFishMod:NewArrival","Brutality","REME_Fury","MostiFishMod:PerfectStrikeMKII"],"picked":"Berserk","floor":16},{"not_picked":["Rupture","Twin Strike","Cleave","Warcry"],"picked":"Bloodletting","floor":18},{"not_picked":["AT_ManFootWork","Carnage","REME_Cut","AT_DrawKnifeCut","Hemokinesis"],"picked":"SKIP","floor":19},{"not_picked":["Anger","Wild Strike","Second Wind","Metallicize","Pommel Strike"],"picked":"SKIP","floor":23},{"not_picked":["Clash","Heavy Blade","MostiFishMod:NewArrival","Battle Trance+1","Shrug It Off"],"picked":"SKIP","floor":25},{"not_picked":["Outmaneuver","Stack","MostiFishMod:PushDownKick","REME_TheLastStrike"],"picked":"REME_Scribble","floor":28},{"not_picked":["ExternalForce_HighSpeedFlying_purple","ExistenceContinue_purple","Coolheaded","Iron Wave","SashWhip"],"picked":"SKIP","floor":29},{"not_picked":["MentalFortress","Searing Blow","StateErode_purple","Steam","OmniscientAndOmnipotent_Monster_purple"],"picked":"SKIP","floor":30},{"not_picked":["Gash","Escape Plan","Umbrella_purple+1","Hologram+1"],"picked":"AT_ThistleTea","floor":35},{"not_picked":["Bane","True Grit+1","Charmbait_purple+1","Redo","Fantasy_PerpetualMotionMachine_purple"],"picked":"SKIP","floor":36},{"not_picked":["Line_surface_state_purple","True Grit","Barrage+1","Cloak And Dagger","Boundary_DreamRealityDamnation_purple"],"picked":"SKIP","floor":38},{"not_picked":["Iron Wave+1","MostiFishMod:404NotFound","testmod-PainDetonator+1","Heavy Blade+1","Sword Boomerang"],"picked":"SKIP","floor":39},{"not_picked":["Pommel Strike","Conserve Battery+1","Slice","Deflect"],"picked":"MostiFishMod:Dust","floor":40},{"not_picked":["Anti_communist_purple","Force Field+1","Slice+1","Gash","ForeignInfluence"],"picked":"SKIP","floor":42},{"not_picked":["ContainerChange_purple","REME_ShortnessOfBreath+1","Reprogram","Clash+1","SfantasyHide_purple"],"picked":"SKIP","floor":47},{"not_picked":["Mirror_Drifter_purple","Choke","ExistenceContinue_purple","BowlingBash","REME_ShortnessOfBreath"],"picked":"SKIP","floor":48},{"not_picked":["AT_WindFlip","WangLiang_LineAndCurveDreams_purple","Iron Wave","Static Discharge","MostiFishMod:Nova"],"picked":"SKIP","floor":55}],"player_experience":1065908,"relics_obtained":[{"floor":1,"key":"SynthV:TestCard"},{"floor":6,"key":"HornCleat"},{"floor":8,"key":"MawBank"},{"floor":11,"key":"Blue Candle"},{"floor":13,"key":"SynthV:C4"},{"floor":22,"key":"Meat on the Bone"},{"floor":23,"key":"BelialBook"},{"floor":25,"key":"testmod-Hope"},{"floor":26,"key":"testmod-OneHitWonder"},{"floor":28,"key":"AT_BellowingDragoncrestRing"},{"floor":40,"key":"AnarchistCookbook"},{"floor":40,"key":"testmod-FatalChain"},{"floor":42,"key":"TuHaoJin"},{"floor":42,"key":"Art of War"},{"floor":43,"key":"Ginger"},{"floor":44,"key":"PokeGo"},{"floor":45,"key":"Charon\u0027s Ashes"},{"floor":47,"key":"Paper Frog"},{"floor":47,"key":"SalivaCoin"},{"floor":55,"key":"AT_SpeedBoots"},{"floor":55,"key":"Mango"}],"event_choices":[{"damage_healed":0,"gold_gain":0,"player_choice":"Ignored","damage_taken":0,"max_hp_gain":0,"max_hp_loss":0,"event_name":"Liars Game","floor":10,"gold_loss":0},{"damage_healed":0,"gold_gain":0,"player_choice":"Ignored","damage_taken":0,"max_hp_gain":0,"max_hp_loss":0,"event_name":"Shining Light","floor":12,"gold_loss":0},{"damage_healed":0,"gold_gain":0,"player_choice":"Read","damage_taken":0,"max_hp_gain":0,"max_hp_loss":0,"event_name":"The Library","floor":20,"gold_loss":0,"cards_obtained":["Feel No Pain"]},{"damage_healed":0,"gold_gain":0,"player_choice":"Shed Blood","damage_taken":22,"max_hp_gain":5,"max_hp_loss":0,"event_name":"Forgotten Altar","floor":21,"gold_loss":0},{"damage_healed":0,"gold_gain":0,"player_choice":"Max HP","damage_taken":0,"max_hp_gain":0,"max_hp_loss":4,"event_name":"Winding Halls","floor":37,"gold_loss":0},{"damage_healed":0,"gold_gain":0,"player_choice":"Fight","damage_taken":0,"max_hp_gain":0,"max_hp_loss":0,"event_name":"Mysterious Sphere","floor":44,"gold_loss":0},{"damage_healed":0,"gold_gain":0,"player_choice":"Fight","damage_taken":0,"max_hp_gain":0,"max_hp_loss":0,"event_name":"MindBloom","floor":45,"gold_loss":0}],"is_beta":true,"boss_relics":[{"not_picked":["testmod-NegativeEmotionEnhancer","HaiYi:Twilight"],"picked":"Pandora\u0027s Box"},{"not_picked":[]},{"not_picked":["testmod-CardMagician","TakeMeEscape"],"picked":"Black Star"},{"not_picked":[]}],"items_purged_floors":[3,3,17,27,27,31,34,54],"is_endless":false,"potions_floor_spawned":[4,11,14,19,23,25,30,35,36,39,44,45],"ascension_level":20}}