{"host":"cvgulky4xr711dtb","time":1610584464,"event":{"mods":["AchievementEnabler","BaseMod","Googly Eyes","Highlight Path","Minty Spire (QoL Compilation)"],"gold_per_floor":[116,135,135,135,60,60,79,94,143,160,171,184,213,388,388,486,486,500,232,246,272,285,285,295,394,394,394,394,394],"floor_reached":28,"language":"ENG","playtime":1793,"items_purged":["Doubt"],"score":247,"play_id":"ffec935a-875d-47a3-91c4-c9f1c521620d","local_time":"20210114003424","is_ascension_mode":false,"campfire_choices":[{"data":"Eruption","floor":6,"key":"SMITH"},{"floor":15,"key":"REST"},{"floor":23,"key":"REST"},{"floor":27,"key":"REST"}],"circlet_count":0,"master_deck":["Strike_P","Strike_P","Strike_P","Strike_P","Defend_P","Defend_P","Defend_P","Defend_P","Eruption+1","Vigilance","Collect","Adaptation","ClearTheMind","FollowUp","Consecrate","SpiritShield","ForeignInfluence","Scrawl","ClearTheMind+1","FlurryOfBlows","MentalFortress","Consecrate+1","Crescendo","Wallop"],"relics":["PureWater","NeowsBlessing","Bronze Scales","Oddly Smooth Stone","Orichalcum","SacredBark","Red Mask","White Beast Statue"],"acts_visited":["Exordium","TheCity"],"potions_floor_usage":[11,13,13,16,20,22,28],"damage_taken":[{"damage":0,"enemies":"2 Louse","floor":1,"turns":1},{"damage":0,"enemies":"Small Slimes","floor":2,"turns":2},{"damage":0,"enemies":"Cultist","floor":7,"turns":1},{"damage":8,"enemies":"3 Louse","floor":8,"turns":3},{"damage":4,"enemies":"Looter","floor":10,"turns":3},{"damage":0,"enemies":"Blue Slaver","floor":11,"turns":1},{"damage":13,"enemies":"3 Louse","floor":12,"turns":3},{"damage":0,"enemies":"Gremlin Nob","floor":13,"turns":2},{"damage":19,"enemies":"The Guardian","floor":16,"turns":9},{"damage":20,"enemies":"Spheric Guardian","floor":18,"turns":4},{"damage":0,"enemies":"3 Byrds","floor":20,"turns":4},{"damage":29,"enemies":"Masked Bandits","floor":21,"turns":4},{"damage":15,"enemies":"3 Cultists","floor":22,"turns":4},{"damage":17,"enemies":"Shelled Parasite and Fungi","floor":24,"turns":5},{"damage":38,"enemies":"Gremlin Leader","floor":28,"turns":6}],"seed_played":"7641989493498320967","potions_obtained":[{"floor":1,"key":"ColorlessPotion"},{"floor":2,"key":"BlessingOfTheForge"},{"floor":10,"key":"AttackPotion"},{"floor":12,"key":"FearPotion"},{"floor":21,"key":"FearPotion"},{"floor":24,"key":"AttackPotion"}],"is_trial":false,"path_per_floor":["M","M","?","?","$","R","M","M","T","M","M","M","E","?","R","B",null,"M","$","M","?","M","R","M","?","T","R","E"],"character_chosen":"WATCHER","items_purchased":["Adaptation","FlurryOfBlows","MentalFortress","DistilledChaos"],"campfire_rested":3,"item_purchase_floors":[5,19,19,19],"current_hp_per_floor":[72,72,72,72,72,72,72,64,64,60,60,47,47,47,68,49,72,52,52,52,23,8,29,12,12,12,33,0,0],"gold":394,"neow_bonus":"THREE_ENEMY_KILL","is_daily":false,"chose_seed":false,"campfire_upgraded":1,"win_rate":0.0,"timestamp":1610584464,"path_taken":["M","M","?","?","$","R","M","M","T","M","?","M","E","?","R","BOSS","M","$","M","?","M","R","M","?","T","R","E"],"items_purchased_type":["Card","Card","Card","Potion"],"build_version":"2020-12-22","purchased_purges":1,"victory":false,"max_hp_per_floor":[72,72,72,72,72,72,72,72,72,72,72,72,72,72,72,72,72,72,72,72,72,72,72,72,72,72,72,72,72],"card_choices":[{"not_picked":["Evaluate","PathToVictory"],"picked":"Collect","floor":1},{"not_picked":["ForeignInfluence","Crescendo"],"picked":"Weave","floor":2},{"not_picked":["PathToVictory","Fasting2"],"picked":"ClearTheMind","floor":7},{"not_picked":["SashWhip","Evaluate"],"picked":"FollowUp","floor":8},{"not_picked":["Sanctity","LikeWater"],"picked":"Consecrate","floor":10},{"not_picked":["ReachHeaven","CrushJoints","Halt"],"picked":"SKIP","floor":11},{"not_picked":["CarveReality","JustLucky"],"picked":"SpiritShield","floor":12},{"not_picked":["ForeignInfluence","SashWhip","CarveReality"],"picked":"SKIP","floor":13},{"not_picked":["SashWhip","CarveReality"],"picked":"ForeignInfluence","floor":13},{"not_picked":["Brilliance","Omniscience"],"picked":"Scrawl","floor":16},{"not_picked":["FollowUp","Halt"],"picked":"ClearTheMind+1","floor":18},{"not_picked":["CarveReality","Evaluate"],"picked":"Consecrate+1","floor":20},{"not_picked":["ClearTheMind","PathToVictory"],"picked":"Crescendo","floor":21},{"not_picked":["EmptyBody+1","WheelKick"],"picked":"Wallop","floor":22},{"not_picked":["Brilliance","FlyingSleeves","Crescendo"],"picked":"SKIP","floor":24}],"player_experience":181235,"relics_obtained":[{"floor":9,"key":"Oddly Smooth Stone"},{"floor":13,"key":"Orichalcum"},{"floor":21,"key":"Red Mask"},{"floor":26,"key":"White Beast Statue"}],"event_choices":[{"damage_healed":0,"gold_gain":0,"player_choice":"Leave","damage_taken":0,"max_hp_gain":0,"max_hp_loss":0,"event_name":"The Cleric","floor":3,"gold_loss":0},{"cards_removed":["Weave"],"damage_healed":0,"gold_gain":0,"player_choice":"Gave Card","damage_taken":0,"relics_obtained":["Bronze Scales"],"max_hp_gain":0,"max_hp_loss":0,"event_name":"WeMeetAgain","floor":4,"gold_loss":0},{"damage_healed":0,"gold_gain":175,"player_choice":"AGREE","damage_taken":0,"max_hp_gain":0,"max_hp_loss":0,"event_name":"Liars Game","floor":14,"gold_loss":0,"cards_obtained":["Doubt"]},{"damage_healed":0,"gold_gain":0,"player_choice":"Fought Bandits","damage_taken":0,"max_hp_gain":0,"max_hp_loss":0,"event_name":"Masked Bandits","floor":21,"gold_loss":0},{"damage_healed":0,"gold_gain":99,"player_choice":"Stole From Cult","damage_taken":0,"max_hp_gain":0,"max_hp_loss":0,"event_name":"Nest","floor":25,"gold_loss":0}],"is_beta":false,"boss_relics":[{"not_picked":["Runic Dome","Coffee Dripper"],"picked":"SacredBark"}],"items_purged_floors":[19],"is_endless":false,"potions_floor_spawned":[1,2,10,12,21,24],"killed_by":"Gremlin Leader","ascension_level":0}}