{"host":"krqozg1tp0zpuvz3","time":1610634031,"event":{"mods":["AchievementEnabler","BaseMod","Better Altar","Better Match","Better Note","Better Sensory Stone","Better Third Choice","BetterRewards","Colored Map","DeckTracker","Keyboard Shortcuts","Minty Spire (QoL Compilation)","Permanent Neow","Relic Stats","Shop Mod","StSLib","SuperFastMode"],"gold_per_floor":[115,0,11,11,23,23,54,67,137,109,109,122,122,135,135,212,212,226,151,170,170,184,184,209,209,260,260,260,260,288,288,288,366,366,384,384,395,333,343,343,377,377,377,409,409,426,426,426,426,426],"floor_reached":51,"language":"KOR","playtime":1163,"items_purged":["Strike_B"],"score":1446,"play_id":"c9e4ff98-43ec-497a-ba53-e32b31a78606","local_time":"20210114232031","is_ascension_mode":true,"campfire_choices":[{"floor":6,"key":"REST"},{"floor":11,"key":"REST"},{"data":"Biased Cognition","floor":15,"key":"SMITH"},{"data":"Consume","floor":23,"key":"SMITH"},{"data":"Fission","floor":25,"key":"SMITH"},{"data":"Consume","floor":27,"key":"SMITH"},{"data":"Biased Cognition","floor":29,"key":"SMITH"},{"floor":32,"key":"REST"},{"data":"White Noise","floor":40,"key":"SMITH"},{"floor":42,"key":"REST"},{"floor":45,"key":"REST"},{"floor":49,"key":"REST"}],"circlet_count":0,"master_deck":["AscendersBane","Strike_B","Defend_B","Defend_B","Defend_B","Zap","Dualcast","Capacitor+1","Go for the Eyes","Genetic Algorithm","Enlightenment","Cold Snap","Chill","Ball Lightning","Biased Cognition+1","White Noise+1","Conserve Battery","Steam","Ball Lightning","Biased Cognition+1","Stack+1","Consume+1","Undo","Consume+1","Hologram","Fission+1","Tempest","Buffer","Compile Driver+1","Compile Driver+1","Beam Cell","Tempest","Ball Lightning"],"relics":["Cracked Core","FossilizedHelix","Runic Capacitor","Matryoshka","Torii","Potion Belt","Letter Opener","Pen Nib","Nunchaku","Velvet Choker","Mercury Hourglass","Juzu Bracelet","Strawberry","Philosopher\u0027s Stone","Sundial","Omamori","MealTicket","Anchor"],"acts_visited":["Exordium","TheCity","TheBeyond"],"potions_floor_usage":[7,7,16,24,24,44,50,50],"damage_taken":[{"damage":0,"enemies":"Cultist","floor":1,"turns":3},{"damage":4,"enemies":"Small Slimes","floor":3,"turns":3},{"damage":3,"enemies":"Jaw Worm","floor":5,"turns":4},{"damage":12,"enemies":"Lagavulin","floor":7,"turns":6},{"damage":4,"enemies":"Gremlin Gang","floor":8,"turns":4},{"damage":9,"enemies":"Blue Slaver","floor":12,"turns":4},{"damage":0,"enemies":"Red Slaver","floor":14,"turns":3},{"damage":2,"enemies":"Hexaghost","floor":16,"turns":6},{"damage":0,"enemies":"Shell Parasite","floor":18,"turns":3},{"damage":11,"enemies":"Spheric Guardian","floor":20,"turns":4},{"damage":0,"enemies":"Centurion and Healer","floor":22,"turns":6},{"damage":0,"enemies":"Gremlin Leader","floor":24,"turns":6},{"damage":46,"enemies":"Slavers","floor":30,"turns":4},{"damage":1,"enemies":"Champ","floor":33,"turns":8},{"damage":9,"enemies":"3 Darklings","floor":35,"turns":6},{"damage":0,"enemies":"3 Shapes","floor":37,"turns":3},{"damage":0,"enemies":"Maw","floor":39,"turns":6},{"damage":28,"enemies":"Giant Head","floor":41,"turns":8},{"damage":44,"enemies":"Reptomancer","floor":44,"turns":5},{"damage":30,"enemies":"Sphere and 2 Shapes","floor":46,"turns":4},{"damage":19,"enemies":"Donu and Deca","floor":50,"turns":7}],"seed_played":"4242858701659859961","potions_obtained":[{"floor":1,"key":"PowerPotion"},{"floor":5,"key":"PowerPotion"},{"floor":8,"key":"SteroidPotion"},{"floor":12,"key":"PowerPotion"},{"floor":16,"key":"Swift Potion"},{"floor":18,"key":"Fire Potion"},{"floor":30,"key":"LiquidBronze"},{"floor":39,"key":"Fire Potion"},{"floor":46,"key":"DistilledChaos"}],"is_trial":false,"path_per_floor":["M","?","M","?","M","R","E","M","T","$","R","M","T","M","R","B",null,"M","$","M","?","M","R","E","R","T","R","?","R","E","?","R","B",null,"M","?","M","?","M","R","E","R","T","E","R","M","?","?","R","B",null],"character_chosen":"DEFECT","items_purchased":["Runic Capacitor","Capacitor","Matryoshka","Go for the Eyes","Conserve Battery","Consume"],"campfire_rested":6,"item_purchase_floors":[0,0,0,0,10,19],"current_hp_per_floor":[32,38,34,34,31,54,42,38,38,38,61,52,52,52,52,50,70,70,70,59,59,59,59,59,59,59,59,59,59,20,20,45,44,74,65,65,65,65,65,65,37,62,62,18,43,13,13,13,38,19],"gold":426,"neow_bonus":"","is_daily":false,"chose_seed":false,"campfire_upgraded":6,"win_rate":0.0,"timestamp":1610634031,"path_taken":["M","?","M","?","?","R","E","?","T","$","R","M","?","M","R","BOSS","M","$","?","?","M","R","E","R","T","R","?","R","E","?","R","BOSS","M","?","M","?","M","R","E","R","T","E","R","M","?","?","R","BOSS"],"items_purchased_type":["Relic","Card","Relic","Card","Card","Card"],"build_version":"2020-12-22","purchased_purges":1,"victory":true,"max_hp_per_floor":[71,77,77,77,77,77,77,77,77,77,77,77,77,77,77,77,77,77,77,77,77,77,77,77,77,77,77,77,77,84,84,84,84,84,84,84,84,84,84,84,84,84,84,84,84,84,84,84,84,84],"relic_stats":{"Nunchaku":[10],"Torii":18,"counters":[39,182],"Sundial":[0],"MealTicket":0,"Pen Nib":[10],"Juzu Bracelet":3,"Letter Opener":[171],"obtain_stats":[{"Tiny House":17,"Calipers":0,"Gremlin Horn":0,"Nilry\u0027s Codex":21,"Runic Capacitor":0,"Ginger":0,"Bottled Tornado":9,"Centennial Puzzle":0,"Lizard Tail":0,"Sundial":38,"Strawberry":30,"Prayer Wheel":0,"MealTicket":26,"Philosopher\u0027s Stone":34,"Necronomicon":0,"HandDrill":0,"Girya":0,"Oddly Smooth Stone":0,"Velvet Choker":17,"Pen Nib":13,"Letter Opener":9,"Bird Faced Urn":0,"Bronze Scales":14,"Unceasing Top":0,"Meat on the Bone":0,"Pocketwatch":0,"Torii":0,"StoneCalendar":0,"GremlinMask":8,"Incense Burner":0,"Bag of Preparation":0,"Juzu Bracelet":26,"Frozen Eye":0,"Nunchaku":13,"Shovel":0,"Matryoshka":0,"WingedGreaves":0,"Cracked Core":0,"Potion Belt":9,"Golden Idol":11,"Thread and Needle":19,"Omamori":41,"Frozen Egg 2":0,"Orichalcum":28,"Mercury Hourglass":0,"Anchor":0,"CaptainsWheel":0,"DataDisk":0,"Turnip":0,"Membership Card":0,"FossilizedHelix":0},{"Tiny House":10,"Calipers":17,"Gremlin Horn":0,"Nilry\u0027s Codex":12,"Runic Capacitor":0,"Ginger":17,"Bottled Tornado":6,"Centennial Puzzle":0,"Lizard Tail":0,"Sundial":34,"Strawberry":31,"Prayer Wheel":0,"MealTicket":13,"Philosopher\u0027s Stone":32,"Necronomicon":0,"HandDrill":0,"Girya":0,"Oddly Smooth Stone":0,"Velvet Choker":26,"Pen Nib":24,"Letter Opener":23,"Bird Faced Urn":3,"Bronze Scales":9,"Unceasing Top":0,"Meat on the Bone":0,"Pocketwatch":17,"Torii":0,"StoneCalendar":0,"GremlinMask":6,"Incense Burner":0,"Bag of Preparation":0,"Juzu Bracelet":30,"Frozen Eye":0,"Nunchaku":24,"Shovel":0,"Matryoshka":18,"WingedGreaves":0,"Cracked Core":0,"Potion Belt":23,"Golden Idol":7,"Thread and Needle":11,"Omamori":36,"Frozen Egg 2":0,"Orichalcum":14,"Mercury Hourglass":0,"Anchor":0,"CaptainsWheel":0,"DataDisk":0,"Turnip":0,"Membership Card":0,"FossilizedHelix":0},{"Tiny House":44,"Calipers":78,"Gremlin Horn":0,"Nilry\u0027s Codex":53,"Runic Capacitor":0,"Ginger":78,"Bottled Tornado":20,"Centennial Puzzle":0,"Lizard Tail":0,"Sundial":153,"Strawberry":137,"Prayer Wheel":0,"MealTicket":58,"Philosopher\u0027s Stone":145,"Necronomicon":0,"HandDrill":0,"Girya":0,"Oddly Smooth Stone":0,"Velvet Choker":114,"Pen Nib":105,"Letter Opener":101,"Bird Faced Urn":9,"Bronze Scales":33,"Unceasing Top":0,"Meat on the Bone":0,"Pocketwatch":78,"Torii":0,"StoneCalendar":0,"GremlinMask":20,"Incense Burner":0,"Bag of Preparation":0,"Juzu Bracelet":133,"Frozen Eye":0,"Nunchaku":105,"Shovel":0,"Matryoshka":81,"WingedGreaves":0,"Cracked Core":0,"Potion Belt":101,"Golden Idol":24,"Thread and Needle":49,"Omamori":167,"Frozen Egg 2":0,"Orichalcum":62,"Mercury Hourglass":0,"Anchor":0,"CaptainsWheel":0,"DataDisk":0,"Turnip":0,"Membership Card":0,"FossilizedHelix":0}],"Mercury Hourglass":[219]},"card_choices":[{"not_picked":["Stack","Beam Cell"],"picked":"Genetic Algorithm","floor":1},{"not_picked":["Skim","Reinforced Body"],"picked":"Cold Snap","floor":3},{"not_picked":["Redo","BootSequence"],"picked":"Ball Lightning","floor":5},{"not_picked":["Coolheaded","Undo"],"picked":"Biased Cognition","floor":7},{"not_picked":["Melter","Stack"],"picked":"White Noise","floor":8},{"not_picked":["Beam Cell","Doom and Gloom"],"picked":"Steam","floor":12},{"not_picked":["Rebound","Compile Driver"],"picked":"Ball Lightning","floor":14},{"not_picked":["Reboot","Amplify"],"picked":"Biased Cognition","floor":16},{"not_picked":["Sweeping Beam","Heatsinks"],"picked":"Stack+1","floor":18},{"not_picked":["Darkness","Sweeping Beam"],"picked":"Undo","floor":20},{"not_picked":["Steam","Gash"],"picked":"Hologram","floor":22},{"not_picked":["Leap","Genetic Algorithm"],"picked":"Fission","floor":24},{"not_picked":["Darkness","Chill+1"],"picked":"Tempest","floor":30},{"not_picked":["Hyperbeam","Creative AI"],"picked":"Buffer","floor":33},{"not_picked":["Hologram+1","Sweeping Beam+1"],"picked":"Compile Driver+1","floor":35},{"not_picked":["Streamline","Ball Lightning"],"picked":"Compile Driver+1","floor":37},{"not_picked":["Gash","Scrape+1"],"picked":"Beam Cell","floor":39},{"not_picked":["Auto Shields","Gash","Reprogram"],"picked":"SKIP","floor":41},{"not_picked":["Undo+1","Cold Snap"],"picked":"Tempest","floor":44},{"not_picked":["Coolheaded","Streamline+1"],"picked":"Ball Lightning","floor":46}],"player_experience":291481,"relics_obtained":[{"floor":7,"key":"Torii"},{"floor":9,"key":"Potion Belt"},{"floor":9,"key":"Letter Opener"},{"floor":13,"key":"Pen Nib"},{"floor":13,"key":"Nunchaku"},{"floor":24,"key":"Mercury Hourglass"},{"floor":26,"key":"Juzu Bracelet"},{"floor":30,"key":"Strawberry"},{"floor":41,"key":"Omamori"},{"floor":43,"key":"MealTicket"},{"floor":44,"key":"Anchor"}],"event_choices":[{"damage_healed":0,"gold_gain":0,"player_choice":"RENOUNCE","damage_taken":115,"max_hp_gain":0,"max_hp_loss":0,"event_name":"betterThird:BetterSerpent","floor":2,"gold_loss":115,"cards_obtained":["Enlightenment"]},{"damage_healed":0,"gold_gain":0,"cards_transformed":["Defend_B"],"player_choice":"Transformed","damage_taken":0,"max_hp_gain":0,"max_hp_loss":0,"event_name":"Transmorgrifier","floor":4,"gold_loss":0,"cards_obtained":["Chill"]},{"damage_healed":0,"gold_gain":0,"player_choice":"Copied","damage_taken":0,"max_hp_gain":0,"max_hp_loss":0,"event_name":"Duplicator","floor":21,"gold_loss":0,"cards_obtained":["Consume"]},{"damage_healed":0,"gold_gain":0,"player_choice":"Ignored","damage_taken":0,"max_hp_gain":0,"max_hp_loss":0,"event_name":"Ghosts","floor":28,"gold_loss":0},{"damage_healed":0,"gold_gain":0,"player_choice":"Ignored","damage_taken":0,"max_hp_gain":0,"max_hp_loss":0,"event_name":"Cursed Tome","floor":31,"gold_loss":0},{"damage_healed":0,"gold_gain":0,"player_choice":"Upgraded","damage_taken":0,"max_hp_gain":0,"max_hp_loss":0,"event_name":"Upgrade Shrine","floor":36,"gold_loss":0,"cards_upgraded":["Capacitor"]},{"damage_healed":0,"gold_gain":0,"player_choice":"Paid Gold","damage_taken":0,"relics_obtained":["Sundial"],"max_hp_gain":0,"max_hp_loss":0,"event_name":"WeMeetAgain","floor":38,"gold_loss":62},{"cards_removed":["Strike_B"],"damage_healed":0,"gold_gain":0,"player_choice":"Removed Attack","damage_taken":0,"max_hp_gain":0,"max_hp_loss":0,"event_name":"Falling","floor":47,"gold_loss":0},{"cards_removed":["Strike_B"],"damage_healed":0,"gold_gain":0,"player_choice":"Purged","damage_taken":0,"max_hp_gain":0,"max_hp_loss":0,"event_name":"Purifier","floor":48,"gold_loss":0}],"is_beta":false,"boss_relics":[{"not_picked":["Snecko Eye","Runic Dome"],"picked":"Velvet Choker"},{"not_picked":["Astrolabe","SacredBark"],"picked":"Philosopher\u0027s Stone"}],"items_purged_floors":[0],"is_endless":false,"potions_floor_spawned":[1,5,8,12,16,18,30,39,46],"ascension_level":19}}