{"host":"kpyoctgc7jne3jiy","time":1610610518,"event":{"mods":["AchievementEnabler","BaseMod","Minty Spire (QoL Compilation)","Relic Stats"],"gold_per_floor":[113,127,143,143,18,44,44,73,73,73,136,136,162,174,174,278,278,294,294,310,98,116,158,158,257,257,282,319,319,346,387,387,387,387],"floor_reached":33,"language":"ENG","playtime":1385,"items_purged":[],"score":401,"play_id":"5da615c8-a34e-49ed-8452-e5f8d96ebe9d","local_time":"20210114084838","is_ascension_mode":true,"campfire_choices":[{"data":"Dash","floor":7.0,"key":"SMITH"},{"data":"Noxious Fumes","floor":10.0,"key":"SMITH"},{"floor":12.0,"key":"REST"},{"data":"PiercingWail","floor":15,"key":"SMITH"},{"data":"Leg Sweep","floor":24,"key":"SMITH"},{"data":"Dash","floor":29,"key":"SMITH"},{"data":"Blur","floor":32,"key":"SMITH"}],"circlet_count":0,"master_deck":["Strike_G","Strike_G","Strike_G+1","Strike_G","Strike_G","Defend_G","Defend_G","Defend_G","Defend_G","Defend_G","Survivor+1","Neutralize","PiercingWail+1","Masterful Stab+1","Noxious Fumes+1","Dash+1","Dagger Spray","Deadly Poison","Dagger Throw","Corpse Explosion+1","After Image","Quick Slash","Dagger Throw+1","Leg Sweep+1","Blur+1","Dash+1","Dodge and Roll+1","Leg Sweep+1"],"relics":["Black Star","Letter Opener","Bottled Lightning","Whetstone","Omamori","Vajra","Meat on the Bone","Pen Nib","Juzu Bracelet","SlaversCollar","Blood Vial","CeramicFish","Art of War","HornCleat","Oddly Smooth Stone","The Specimen","Bronze Scales","War Paint","Du-Vu Doll"],"acts_visited":["Exordium","TheCity"],"potions_floor_usage":[16,23,28,33],"damage_taken":[{"damage":1.0,"enemies":"2 Louse","floor":1.0,"turns":4.0},{"damage":0.0,"enemies":"Small Slimes","floor":2.0,"turns":5.0},{"damage":1.0,"enemies":"Jaw Worm","floor":3.0,"turns":4.0},{"damage":12.0,"enemies":"Gremlin Nob","floor":6.0,"turns":5.0},{"damage":17.0,"enemies":"Lagavulin","floor":8.0,"turns":6.0},{"damage":13,"enemies":"3 Sentries","floor":13,"turns":6},{"damage":0,"enemies":"3 Louse","floor":14,"turns":3},{"damage":10,"enemies":"Slime Boss","floor":16,"turns":7},{"damage":15,"enemies":"2 Thieves","floor":18,"turns":3},{"damage":21,"enemies":"Shell Parasite","floor":20,"turns":7},{"damage":39,"enemies":"Snecko","floor":22,"turns":8},{"damage":12,"enemies":"Slavers","floor":23,"turns":2},{"damage":10,"enemies":"Book of Stabbing","floor":28,"turns":5},{"damage":9,"enemies":"Snake Plant","floor":30,"turns":3},{"damage":27,"enemies":"Slavers","floor":31,"turns":4},{"damage":66,"enemies":"Champ","floor":33,"turns":14}],"seed_played":"2596603068259614354","potions_obtained":[{"floor":6.0,"key":"Strength Potion"},{"floor":8.0,"key":"FairyPotion"},{"floor":13,"key":"BlessingOfTheForge"},{"floor":16,"key":"Regen Potion"},{"floor":22,"key":"Strength Potion"},{"floor":23,"key":"FearPotion"}],"is_trial":false,"path_per_floor":["M","M","M","?","$","E","R","E","T","R","?","R","E","M","R","B",null,"M","?","M","$","M","E","R","?","T","T","E","R","M","E","R","B"],"character_chosen":"THE_SILENT","items_purchased":["Dash","Dagger Spray","Leg Sweep","Blood Vial"],"campfire_rested":1,"item_purchase_floors":[5,5,21,21],"current_hp_per_floor":[69,69,68,56,56,44,44,27,27,27,27,48,47,47,47,37,62,47,70,49,49,24,26,26,26,26,26,30,30,35,22,22,0,0],"gold":387,"neow_bonus":"BOSS_RELIC","is_daily":false,"chose_seed":false,"campfire_upgraded":6,"win_rate":0.0,"timestamp":1610610518,"path_taken":["M","M","M","?","$","E","R","E","T","R","?","R","E","M","R","BOSS","M","?","M","$","M","E","R","?","T","?","E","R","M","E","R","BOSS"],"items_purchased_type":["Card","Card","Card","Relic"],"build_version":"2020-12-22","purchased_purges":0,"victory":false,"max_hp_per_floor":[70,70,70,70,70,70,70,70,70,70,70,70,70,70,70,70,70,70,70,70,70,70,70,70,70,70,70,70,70,70,70,70,70,70],"relic_stats":{"counters":[16,86],"CeramicFish":36,"Pen Nib":[8],"Juzu Bracelet":0,"Letter Opener":[30],"Whetstone":["Masterful Stab","Strike_G"],"War Paint":["Corpse Explosion","Survivor"],"Blood Vial":12,"Bronze Scales":[72],"Black Star":6,"Art of War":[1],"obtain_stats":[{"The Specimen":28,"CeramicFish":23,"Vajra":8,"Oddly Smooth Stone":27,"Pen Nib":13,"Omamori":8,"Juzu Bracelet":13,"Letter Opener":4,"Whetstone":6,"War Paint":31,"Blood Vial":21,"Du-Vu Doll":31,"SlaversCollar":17,"HornCleat":26,"Bronze Scales":28,"Black Star":0,"Art of War":23,"Bottled Lightning":6,"Ring of the Snake":0,"Meat on the Bone":9},{"The Specimen":13,"CeramicFish":12,"Vajra":5,"Oddly Smooth Stone":12,"Pen Nib":6,"Omamori":5,"Juzu Bracelet":6,"Letter Opener":3,"Whetstone":4,"War Paint":15,"Blood Vial":10,"Du-Vu Doll":15,"SlaversCollar":8,"HornCleat":12,"Bronze Scales":13,"Black Star":0,"Art of War":12,"Bottled Lightning":4,"Ring of the Snake":0,"Meat on the Bone":5},{"The Specimen":65,"CeramicFish":60,"Vajra":24,"Oddly Smooth Stone":60,"Pen Nib":30,"Omamori":24,"Juzu Bracelet":30,"Letter Opener":13,"Whetstone":18,"War Paint":72,"Blood Vial":50,"Du-Vu Doll":72,"SlaversCollar":40,"HornCleat":60,"Bronze Scales":65,"Black Star":0,"Art of War":60,"Bottled Lightning":18,"Ring of the Snake":0,"Meat on the Bone":24}],"Meat on the Bone":72},"card_choices":[{"not_picked":["Slice","Flying Knee"],"picked":"PiercingWail","floor":1.0},{"not_picked":["Accuracy","Setup"],"picked":"Masterful Stab","floor":2.0},{"not_picked":["Deadly Poison","Flying Knee"],"picked":"Noxious Fumes","floor":3.0},{"not_picked":["Blur","Escape Plan"],"picked":"Deadly Poison","floor":6.0},{"not_picked":["Outmaneuver","Skewer","Setup"],"picked":"SKIP","floor":8.0},{"not_picked":["Accuracy","Slice"],"picked":"Dagger Throw","floor":13},{"not_picked":["Prepared","Flying Knee"],"picked":"Corpse Explosion","floor":14},{"not_picked":["Tools of the Trade","Unload"],"picked":"After Image","floor":16},{"not_picked":["All Out Attack","Prepared"],"picked":"Quick Slash","floor":18},{"not_picked":["Caltrops","Sucker Punch"],"picked":"Dagger Throw+1","floor":20},{"not_picked":["Deadly Poison","Dagger Throw","Flying Knee"],"picked":"SKIP","floor":22},{"not_picked":["Accuracy","Bane"],"picked":"Blur","floor":23},{"not_picked":["Flying Knee+1","Blade Dance"],"picked":"Dash","floor":28},{"not_picked":["Poisoned Stab","Footwork"],"picked":"Dodge and Roll+1","floor":30},{"not_picked":["Outmaneuver","Endless Agony"],"picked":"Leg Sweep+1","floor":31}],"player_experience":292009,"relics_obtained":[{"floor":6.0,"key":"Bottled Lightning"},{"floor":6.0,"key":"Whetstone"},{"floor":8.0,"key":"Omamori"},{"floor":8.0,"key":"Vajra"},{"floor":9.0,"key":"Meat on the Bone"},{"floor":13,"key":"Pen Nib"},{"floor":13,"key":"Juzu Bracelet"},{"floor":23,"key":"CeramicFish"},{"floor":23,"key":"Art of War"},{"floor":26,"key":"HornCleat"},{"floor":27,"key":"Oddly Smooth Stone"},{"floor":28,"key":"The Specimen"},{"floor":28,"key":"Bronze Scales"},{"floor":31,"key":"War Paint"},{"floor":31,"key":"Du-Vu Doll"}],"event_choices":[{"damage_healed":0.0,"max_hp_gain":0.0,"max_hp_loss":0.0,"gold_gain":0.0,"event_name":"Scrap Ooze","player_choice":"Success","floor":4.0,"gold_loss":0.0,"damage_taken":12.0,"relics_obtained":["Letter Opener"]},{"damage_healed":0.0,"max_hp_gain":0.0,"max_hp_loss":0.0,"gold_gain":63.0,"event_name":"Golden Wing","player_choice":"Gained Gold","floor":11.0,"gold_loss":0.0,"damage_taken":0.0},{"damage_healed":23,"gold_gain":0,"player_choice":"Heal","damage_taken":0,"max_hp_gain":0,"max_hp_loss":0,"event_name":"The Library","floor":19,"gold_loss":0},{"damage_healed":0,"gold_gain":99,"player_choice":"Stole From Cult","damage_taken":0,"max_hp_gain":0,"max_hp_loss":0,"event_name":"Nest","floor":25,"gold_loss":0}],"is_beta":false,"boss_relics":[{"not_picked":["Runic Dome","Philosopher\u0027s Stone"],"picked":"SlaversCollar"}],"items_purged_floors":[],"is_endless":false,"potions_floor_spawned":[6,8,13,14,16,22,23],"killed_by":"Champ","ascension_level":5}}