{"host":"suaetoo57rt99mh0","time":1610589791,"event":{"mods":["Act Like it!","Arknights The Spire","Aspiration","BaseMod","CatGirl Mod","Conspire","Defuse TimeMaze Blight","Downfall","Elementarium","Energized Spire","Grow up Mod","Hermit","Hubris","Infinite Spire","Jedi Mod","Marisa????????","Minty Spire (QoL Compilation)","Potionbrewer","Quarter Circle Forward PUNCH!","Quick Restart","Relic Filter","Replay The Spire","StSLib","The Animator","The Bladedancer","The Construct","The Cursed","The Jungle","The Mystic","The Necromancer","The Poker Player","The Runesmith","The Sage","The Servant 0.9.4","TheArtist","TheHeartMod","Uncapped","UnlockEverythingMod","Useless Jewels Mod","vexMod"],"gold_per_floor":[114,114,114,114,132,132,132,152,179,179,179,206,223,223,223,324,324],"floor_reached":16,"language":"ENG","playtime":1953,"items_purged":[],"score":223,"play_id":"baadbeed-c94c-4807-be7b-c7fedc202fa7","local_time":"20210113200311","daily_mods":["SealedDeck","Vintage","Allstar","Colorless Cards","Flight"],"is_ascension_mode":false,"campfire_choices":[{"data":"Echo Form","floor":6,"key":"SMITH"},{"data":"DevaForm","floor":7,"key":"SMITH"},{"data":"hexamod:ParanormalForm","floor":11,"key":"PURGE"},{"data":"PokerPlayerMod:GamblerForm","floor":15,"key":"PURGE"}],"circlet_count":0,"master_deck":["Demon Form","Wraith Form v2","Echo Form+1","DevaForm+1","PokerPlayerMod:StackedDeck","theCatGirl:AngryForm","construct:SiegeForm","potionbrewer:AlchemistForm","sneckomod:SerpentMind","sagemod:Cultist_Form","FlawlessForm","mysticmod:GeminiForm","Guardian:ConstructionForm","theHeart:CorruptedForm","Slimebound:DuplicatedForm","Runesmith:CreatorForm","Trip","expansioncontent:Collect","expansioncontent:Hexaburn+1","Anger","Anger+1","Cleave","Sword Boomerang","Replay:Undeath\u0027s Touch","Replay:SS_fish_3","Replay:SS_fish_3+1","Injury","Replay:Undeath\u0027s Touch","Havoc","Poisoned Strike"],"relics":["Burning Blood","replay:Trail_Library","potionbrewer:MortarAndPestle","Frozen Egg 2","Peace Pipe","Whetstone","Oddly Smooth Stone","Tiny Chest","hubris:Towel","jedi:shrinkray","jedi:kaleidoscope"],"acts_visited":["Exordium"],"potions_floor_usage":[],"damage_taken":[{"damage":12,"enemies":"2 Louse","floor":1,"turns":5},{"damage":0,"enemies":"Small Slimes","floor":5,"turns":4},{"damage":30,"enemies":"Jaw Worm","floor":8,"turns":6},{"damage":0,"enemies":"Gremlin Nob","floor":12,"turns":2},{"damage":0,"enemies":"Blue Slaver","floor":13,"turns":6},{"damage":43,"enemies":"Fading Forest","floor":16,"turns":10}],"seed_played":"7573105650036134499","potions_obtained":[{"floor":16,"key":"potionbrewer:AcidPotion"}],"is_trial":true,"path_per_floor":["M","?","?","T","M","R","R","M","T","?","R","E","M","?","R","B"],"character_chosen":"IRONCLAD","items_purchased":[],"campfire_rested":0,"item_purchase_floors":[],"current_hp_per_floor":[114,124,134,144,160,170,180,166,176,186,196,212,228,238,248,234,234],"gold":324,"neow_bonus":"","is_daily":false,"chose_seed":false,"campfire_upgraded":2,"win_rate":0.0,"timestamp":1610589791,"path_taken":["M","?","?","?","?","R","R","M","T","?","R","E","M","?","R","BOSS"],"items_purchased_type":[],"build_version":"2020-12-22","purchased_purges":0,"victory":false,"max_hp_per_floor":[120,130,140,150,160,170,180,190,200,210,220,230,240,250,260,260,260],"card_choices":[{"not_picked":["Flame Barrier","Twin Strike"],"picked":"Havoc","floor":12},{"not_picked":["expansioncontent:QuickStudy","jedi:RedIncense"],"picked":"Poisoned Strike","floor":16}],"player_experience":78844,"relics_obtained":[{"floor":1,"key":"potionbrewer:MortarAndPestle"},{"floor":4,"key":"Peace Pipe"},{"floor":5,"key":"Whetstone"},{"floor":8,"key":"Oddly Smooth Stone"},{"floor":9,"key":"Tiny Chest"},{"floor":12,"key":"jedi:shrinkray"},{"floor":13,"key":"jedi:kaleidoscope"}],"event_choices":[{"damage_healed":0,"gold_gain":0,"player_choice":"Grow","damage_taken":0,"max_hp_gain":0,"max_hp_loss":0,"event_name":"Living Wall","floor":3,"gold_loss":0,"cards_upgraded":["expansioncontent:Hexaburn"]},{"damage_healed":0,"gold_gain":0,"player_choice":"Ignored","damage_taken":0,"max_hp_gain":0,"max_hp_loss":0,"event_name":"NoteForYourself","floor":14,"gold_loss":0}],"is_beta":false,"boss_relics":[],"items_purged_floors":[],"is_endless":false,"potions_floor_spawned":[16],"killed_by":"Fading Forest","ascension_level":0}}